3452 5264
334 347 375 404 14
733 343 858 403 11101118
874 343 1198 402 ΒΟΒῩὸΤΗΕΝῘΤῙΟΔ

333 516 494 602 όμόζυγα·
512 527 672 605 πειρᾶται
684 517 723 607 dr}
736 521 963 607 τῆςένυντίος
973 527 1015 606 τῃ
1028 523 1194 606 πρότερον
1210 519 1341 607 φθορᾷ,
1357 517 1457 585 ὕδατι
1472 517 1591 604 πολλῷ

329 618 581 704 χειμαζόμενος.
621 625 678 686 καὶ
699 630 854 686 τοιοῦτον
875 625 932 686 ἐνο
952 629 1101 703 χειμῶνα
1125 620 1323 708 διηγεῖσθαι
1345 615 1592 710 τοόςἛλληνας

331 727 400 790 ὑπό
422 727 580 811 νεότητός
602 746 638 790 τε
660 727 718 790 καὶ
738 727 871 812 μνήμης
893 726 1080 804 ἀσθενοῦς,
1107 729 1164 790 καὶ
1187 719 1347 809 [λέγουσι]
1370 723 1590 792 Δευκαλίωνα

280 833 321 897 50
332 824 556 910 βασιλεύοντα
571 830 649 892 τότε
665 829 786 915 σφίσιν
802 829 943 914 ἀρκέσαι
959 830 1026 913 πρό
1042 837 1102 914 τῆς
1114 824 1301 904 παντελοῦς
1313 828 1459 914 φθορᾶς.
1482 835 1589 892 ταῦτα

331 927 367 995 δὲ
384 932 539 1006 σπανίως
554 927 779 1012 ξυμβαίνοντα
795 928 906 994 ἀσκεῖν
920 931 982 1012 μέν
997 931 1200 1015 ἀνθρώποις
1221 926 1278 994 όιά
1301 932 1359 994 τόν
1382 932 1493 996 αὑτῶν
1515 927 1587 996 όλι·
1608 947 1624 998 1

329 1033 419 1119 θρον
429 1033 609 1116 γίγνεσθαι
623 1035 668 1120 μὴ
681 1034 766 1096 κατά
782 1029 881 1116 λόγον
895 1028 980 1118 μηδὲ
994 1037 1146 1112 μετέχειν
1160 1041 1220 1118 τῆς
1234 1041 1298 1096 τοῦ
1308 1034 1437 1110 παντὸς
1451 1029 1590 1113 τάξεως,
1604 1053 1641 1103 (οι
1653 1051 1675 1097 n
1686 1053 1714 1104 m

331 1132 513 1200 λανθάνειν
526 1132 562 1200 ἀί
575 1137 697 1212 οάτυός
709 1136 825 1221 ὀρθῶς
840 1138 1017 1218 γιγνόμενα
1033 1137 1090 1200 καί
1100 1136 1185 1208 κατά
1200 1137 1335 1222 γνώμην
1345 1143 1410 1199 τοῦ
1422 1129 1592 1220 σῴζοντος

329 1241 386 1302 καὶ
405 1239 632 1324 κυβερνῶντος
654 1240 693 1302 τό
717 1246 795 1301 πᾶν.
841 1237 931 1302 είναι
958 1239 1021 1323 γάρ
1050 1240 1170 1320 όμοιον
1193 1240 1309 1323 ὥσπερ
1333 1240 1414 1304 όταν
1439 1239 1592 1323 ἅρματος

329 1343 464 1428 ηνίοχος
485 1348 553 1404 τῶν
580 1343 700 1405 ίππων
721 1341 797 1405 τινά
811 1337 934 1427 κολάζῃ
954 1338 1082 1425 χαλινῷ
1107 1344 1244 1418 σπάσας
1266 1343 1285 1428 ἢ
1308 1345 1432 1428 κέντρῳ
1456 1343 1592 1424 ἁψάμε-

330 1459 404 1520 νος·
427 1445 447 1507 ό
469 1435 502 1506 d'
527 1445 705 1529 ἐσκίρτησε
726 1446 783 1507 καὶ
804 1443 989 1530 ἐταράχθη,
1013 1453 1219 1532 παραχρῆμα
1247 1446 1299 1521 είς
1321 1441 1398 1509 όέον
1419 1444 1588 1512 καθιστά·
1610 1457 1640 1510 10

12 157 15 276 1

12 303 14 370 η

13 553 14 586 1

12 601 14 658 1

12 801 14 852 1

12 855 14 908 Ι

329 1566 440 1628 μενος.
475 1547 558 1627 μίαν
572 1549 633 1627 μὲν
657 1546 715 1609 οὖν
736 1542 910 1630 (λέγουσι)
929 1549 1053 1632 ταύτην
1068 1550 1242 1633 ἡνιόχησιν
1257 1549 1407 1632 ἰσχυράν,
1430 1548 1489 1627 οὐχ
1510 1542 1591 1610 όλου

281 1650 317 1712 51
334 1649 566 1735 φθειρομένου
600 1655 662 1712 τοῦ
693 1650 831 1724 παντός.
887 1645 992 1712 πάλιν
1023 1646 1060 1714 όέ
1089 1653 1206 1733 ἐτέραν
1234 1657 1295 1736 τῆς
1321 1656 1389 1714 τῶν
1420 1651 1591 1733 τεττάρων

328 1753 492 1837 κινήσεως
512 1753 569 1815 καί
590 1747 789 1838 μεταβολῆς,
811 1753 848 1815 ἐν
870 1748 1030 1838 ἀλληλοις
1043 1748 1347 1834 μεταβαλλομένων
1360 1752 1417 1814 καί
1432 1747 1591 1816 διαλλατ-

329 1856 457 1917 τόντων
479 1855 521 1916 τά
544 1850 629 1939 εἴδη,
651 1858 768 1940 μέχρις
789 1855 831 1918 ἀν
854 1856 904 1932 είς
924 1855 1007 1935 μίαν
1030 1857 1166 1918 ἅπαντα
1190 1851 1337 1940 συνέλθῃ
1355 1856 1469 1941 φόσιν,
1490 1857 1590 1938 ηττη·

328 1957 437 2020 θέντα
458 1963 520 2020 τοῦ
538 1959 739 2042 κρείττονος.
783 1959 876 2037 ὅμως
898 1954 934 2022 όέ
955 1959 1012 2022 καί
1033 1961 1158 2043 ταύτην
1179 1960 1239 2043 την
1259 1958 1391 2044 κίνησιν
1413 1958 1587 2043 ἡνιοχήσει
1606 1967 1636 2022 11

330 2053 566 2143 προσεικάζειν
594 2055 766 2140 τολμῶσιν
794 2056 911 2124 ἐλάσει
932 2079 969 2123 τε
991 2061 1159 2143 ἅρματος,
1187 2061 1410 2145 ἀτοπωτέρας
1433 2055 1590 2141 όεόμενοι

329 2169 389 2248 τῆς
410 2162 556 2237 εἰκόνος·
587 2161 661 2226 οίον
689 2160 726 2226 εἴ
742 2183 796 2238 τις
817 2162 1084 2244 θαυματοποιός
1105 2164 1142 2226 ἐκ
1161 2171 1266 2248 κηροῦ
1287 2158 1424 2238 πλάσας
1446 2164 1587 2240 ίππους,

329 2264 450 2328 ἔπειτα
480 2264 639 2351 ἀφαιρῶν
666 2266 723 2328 καί
754 2261 924 2350 περιξύων
955 2256 1022 2352 ἀφ’
1054 2267 1196 2328 ἑκάστου
1225 2265 1434 2350 προστιθείη
1464 2261 1586 2330 άλλοτε
1599 2279 1649 2329 (σε
1662 2279 1692 2330 m

329 2362 438 2448 ἄλλῳ,
465 2363 563 2442 τέλος
591 2364 628 2430 όί
658 2369 813 2443 ἅπαντας
840 2369 891 2444 είς
917 2371 976 2432 ἕνα
1005 2375 1072 2432 τῶν
1101 2370 1270 2453 τεττάρων
1299 2364 1479 2444 ἀναλώσας
1506 2370 1589 2448 μίαν

279 2468 320 2530 52
331 2471 467 2555 μορφὴν
489 2466 526 2546 ἐξ
548 2469 686 2554 άπάσης
713 2478 774 2556 τῆς
800 2467 882 2556 όλης
903 2466 1087 2554 ἐργάζοιτο.
1132 2469 1222 2534 είναί
1242 2489 1278 2553 γε
1300 2471 1365 2556 μην
1386 2471 1425 2532 τό
1448 2477 1585 2535 τοιοῦτο
1607 2480 1638 2532 11)

327 2573 371 2656 μὴ
401 2570 562 2655 καθάπερ
592 2573 735 2652 άψόχων
764 2569 974 2653 πλασμάτων
1003 2571 1135 2652 ἔξωθεν
1163 2581 1226 2636 τοῦ
1252 2569 1459 2658 δημιουργοῦ
1480 2591 1587 2656 πραγ-

326 2678 555 2753 ματευομένου
570 2674 628 2736 καὶ
642 2675 873 2755 μεθιστάντος
887 2678 948 2762 την
961 2673 1053 2762 όλην,
1078 2677 1188 2740 αότῶν
1204 2673 1240 2739 d&
1255 2675 1391 2738 ἐκείνων
1407 2675 1588 2758 γίγνεσθαι

327 2777 366 2838 τό
391 2774 527 2854 πάθος,
555 2777 673 2862 ώσπερ
701 2778 737 2839 ἐν
760 2778 864 2858 ἀγῶνι
886 2775 1018 2862 μεγάλῳ
1050 2799 1087 2842 τε
1114 2780 1172 2843 καί
1200 2774 1356 2863 ἀληθινῷ
1386 2778 1466 2861 περί
1493 2777 1588 2862 νίκης

327 2872 522 2961 ἐριζόντων·
551 2879 732 2961 γίγνεσθαι
760 2875 795 2943 όέ
824 2883 884 2968 τήν
906 2881 999 2968 νίκην
1026 2883 1083 2945 καί
1104 2883 1163 2945 τόν
1187 2885 1355 2966 στέφανον
1377 2875 1415 2958 ἐξ
1442 2880 1587 2966 ἀνάγκης

326 2987 388 3042 τοῦ
401 2982 539 3064 πρώτου
551 2982 610 3044 καί
623 2981 805 3066 κρατίστου
819 2985 915 3062 τάχει
930 2984 1037 3046 τεκαὶ
1052 2981 1136 3069 ἀλκῇ
1157 2986 1269 3068 κοίτῃ
1286 2980 1445 3067 ξυμπάσῃ
1468 2982 1582 3068 ἀρετῇ,
1604 2991 1634 3044 13

276 3082 316 3146 53
328 3081 366 3147 όν
389 3081 531 3163 εἴπομεν
552 3083 588 3145 ἐν
611 3084 696 3169 ἀρχῇ
717 3091 785 3146 τῶν
807 3081 914 3168 λόγων
936 3083 1108 3171 ἐξαίρετον
1131 3085 1219 3150 είναι
1233 3088 1329 3162 Διός.
1367 3093 1487 3148 τοῦτον
1509 3086 1584 3168 γάρ,

328 3185 387 3248 ἅτε
410 3186 548 3247 πάντων
570 3181 805 3266 ἀλκιμώτατον
826 3188 883 3250 καὶ
904 3191 1008 3274 φύσει
1038 3185 1221 3273 όιάπυρον,
1249 3189 1332 3268 ταχό
1361 3185 1584 3252 ἀναλώσαντα

327 3288 407 3362 τοῦς
428 3283 561 3364 ἀλλους,
582 3287 744 3373 καθάπερ
768 3287 865 3370 οἶμαι
886 3287 934 3372 τῳ
958 3293 1031 3354 όντι
1052 3292 1222 3376 κηρίνους,
1251 3293 1287 3354 ἐν
1309 3290 1348 3353 οά
1371 3288 1489 3374 πολλιῖ
1515 3309 1585 3354 τινι

324 3391 444 3472 χρόνῳ,
467 3384 622 3452 δοκοῦντι
637 3387 673 3452 όέ
688 3394 769 3477 ημῖν
784 3392 916 3477 ἀπείρῳ
933 3395 1020 3477 πρός
1035 3395 1093 3456 τόν
1109 3397 1270 3479 ἡμέτερον
1287 3395 1396 3458 αὐτῶν
1412 3391 1583 3477 λογισμόν,

325 3493 383 3555 καί
404 3493 464 3579 την
487 3491 605 3555 οάσίαν
620 3495 758 3558 πάντων
773 3501 887 3558 πᾶσαν
902 3497 952 3572 είς
967 3498 1068 3560 αὐτόν
1090 3493 1313 3578 ἀναλαβόντα,
1337 3495 1426 3560 πολὺ
1440 3497 1581 3582 κρείττω
1603 3501 1714 3560 somn!

324 3597 382 3659 καί
406 3591 641 3681 λαμπρότερον
665 3597 820 3684 ὀφθῆναι
842 3606 904 3662 τοῦ
928 3601 1105 3683 πρότερον,
1128 3590 1190 3662 ὑπ’
1216 3595 1352 3676 οόόενός
1374 3596 1477 3662 ἄλλον
1500 3597 1586 3682 θνη-

326 3705 394 3762 τῶν
418 3695 494 3763 οόόέ
517 3699 719 3778 ἀθανάτων,
747 3692 826 3763 ἀλλ’
852 3703 953 3764 αὐτόν
981 3693 1044 3788 ὑφ’
1071 3704 1176 3766 αὑτοῦ
1202 3704 1386 3788 νικηφόρον
1408 3703 1585 3784 γενόμενον

414 3937 527 4014 1φορηῑ
543 3934 567 3990 Β
586 3929 665 4008 φορὰ
683 3933 713 3988 11
798 3937 968 3992 ἐτοιοῦτον
985 3935 1075 4005 Ευμ,
1092 3940 1199 3994 τοῦτον
1216 3934 1280 3991 libri
1366 3934 1514 4008 3λέχονσι
1530 3931 1584 3990 del.

325 4015 407 4090 Emp.
425 4021 537 4075 mutus
554 4017 697 4076 Baianum
801 4023 931 4078 ῦόοκεῖν
948 4019 1068 4090 Gonnus,
1086 4021 1166 4080 δοκεῖ
1180 4020 1243 4077 libri
1316 4012 1413 4078 αὐτῶν
1430 4019 1494 4075 libri

326 4097 565 4176 ’ίγιγνοίμεναΜ
615 4107 665 4162 καί
676 4103 770 4160 011111
783 4119 869 4173 σερε.
928 4108 958 4161 10
974 4109 1023 4162 καί
1036 4121 1089 4162 om.
1102 4105 1132 4158 11
1184 4111 1213 4161 11
1228 4103 1344 4178 λέγουσι
1356 4105 1419 4160 add.
1431 4101 1534 4160 Reinko

325 4189 357 4243 12
375 4185 508 4245 fortune:
524 4181 607 4261 (όιά)
624 4191 684 4260 τῆς,
699 4185 783 4260 (ἐπὶ)
800 4191 851 4261 τῆς
868 4188 932 4246 wll,
1014 4195 1045 4246 13
1063 4187 1095 4248 ἐν
1111 4187 1210 4259 ἄλλοις
1225 4191 1249 4247 Β
1335 4195 1368 4246 11
1383 4190 1469 4263 μέχρι
1485 4188 1517 4243 11

322 4266 401 4346 decb)
418 4288 469 4344 pro
486 4267 522 4332 τά
541 4269 642 4346 εἴόηΜ
696 4279 725 4330 17
743 4269 984 4344 ῦαυμαστοποιὸς
1003 4275 1051 4334 UB
1108 4282 1139 4334 13
1156 4279 1327 4353 προστιθείη
1342 4275 1450 4346 wn'psi,
1467 4291 1587 4348 προστι·

321 4359 386 4425 θείς
401 4357 467 4414 libfl
551 4362 584 4414 ²⁰
603 4355 757 4431 ἐργάζοιτο
776 4359 881 4430 scripti,
898 4357 1054 4435 ἐργάσαιτο
1073 4363 1135 4419 libri
1221 4367 1251 4419 21
1272 4357 1378 4434 ἀωόχω
1394 4361 1473 4429 (niel)
1489 4359 1514 4416 U

322 4446 355 4498 13
372 4445 422 4500 καὶ
439 4443 505 4516 περὶ
522 4443 595 4500 UB'I'
698 4448 731 4500 29
749 4436 860 4519 ἀπείρῳ
876 4440 944 4518 ἡμῖν
960 4447 1023 4514 (boc
1042 4447 1152 4517 01111
1256 4453 1289 4506 33
1307 4441 1398 4506 αὐτὸν
1414 4444 1481 4503 libri

322 4531 353 4582 31
375 4529 485 4599 φθῆναι
502 4527 532 4581 Μ
