3526 5264
581 378 720 438 ORATIO
736 379 888 439 LXXVIII.
1367 381 1428 444 217

166 557 306 640 τρόπον,
327 551 432 633 κόλαξ
451 555 509 618 καί
529 558 610 641 γόης
633 555 708 618 ἀντὶ
727 557 882 638 γενναίου
896 555 954 618 καλ
969 553 1122 644 ἀληθοῦς
1145 557 1275 642 φανείς.
1354 559 1428 622 καί·
1440 557 1482 623 34

165 677 222 722 τοι
249 659 285 720 τί
312 677 397 721 ποτε
424 654 608 739 βούλονται
636 663 704 720 τῶν
731 659 908 742 μακαρίων
938 660 1027 734 τινές
1049 659 1317 743 θεραπεύεσθαι
1340 661 1429 745 πρδς

168 760 366 846 ἀνθρώπων
388 757 578 846 ἐλευθέρων
601 760 691 824 εἶναι
714 763 915 847 φασκόντων
935 761 994 823 καί
1014 763 1095 837 τούς
1120 758 1347 842 καλουμένους
1372 783 1428 848 φι-

171 859 342 950 λοσόφους
364 864 425 927 ἐπλ
446 864 574 948 θύραις
590 865 701 926 αὐτῶν
725 864 879 948 δρᾶσθαι
900 865 1084 938 ταπεινούς
1105 865 1161 928 καλ
1183 865 1341 944 ἀτίμους,
1364 857 1432 948 [καί

134 958 227 1051 ύμή]
256 965 418 1050 καθάπερ
446 965 590 1051 ηΚίρκη
620 962 779 1047 ἐβούλετο
800 967 860 1053 τήν
894 963 1025 1051 οἴκησιν
1058 967 1160 1053 αὐτῆς
1192 963 1431 1052 φυλάττεσθαι

167 1069 237 1131 ύπδ
262 1065 406 1131 λεόντων
425 1065 546 1132 δειλῶν
560 1069 617 1132 καλ
630 1070 889 1154 κατεπτηχότων
895 1089 909 1146 ,·
932 1069 1050 1132 οδκοαν
1066 1066 1143 1132 σύδδ
1159 1069 1283 1132 ἐκεῖνον
1298 1066 1430 1144 λέοντες

169 1172 263 1247 όντες
291 1168 482 1258 ἐφύλαττον
512 1171 632 1257 αὐτην,
667 1168 752 1234 ἀλλὰ
789 1168 949 1258 δύστηνοι
979 1171 1166 1258 ἅνθρωποι
1194 1171 1252 1234 καλ
1280 1172 1429 1257 ἀνόητοι,

170 1270 422 1360 διεφθαρμένοι
444 1270 500 1336 διδ
523 1276 653 1360 τρυφήν
674 1276 732 1338 καί
760 1275 889 1359 ἀργίαν.
942 1274 1059 1336 οὐκοῦν
1089 1277 1169 1337 όταν
1199 1270 1255 1358 ἴδῃ
1285 1294 1338 1348 τις
1360 1279 1427 1335 τῶν
1440 1279 1481 1343 35

169 1372 373 1462 φιλοσόφων
395 1377 471 1439 τινά
501 1373 715 1456 καλουμένων
745 1377 825 1461 περὶ
852 1376 915 1452 τὰς
944 1373 1048 1453 αύλδς
1075 1379 1133 1440 καί
1164 1376 1327 1461 πρόθυρα
1358 1376 1432 1438 σαί-

121 1485 150 1538 1σ
172 1498 274 1542 νοντα
302 1481 359 1542 καλ
386 1480 548 1542 ταπεινὸν
577 1479 713 1542 ἐκείνων
749 1475 846 1555 ἀξιον
882 1479 1144 1565 ἀναμνησθῆναι
1177 1485 1246 1542 τῶν
1277 1475 1431 1554 λεόντων,

167 1581 262 1644 κυσίν
284 1582 411 1662 δμοίων
434 1587 581 1645 πεινῶσι
601 1581 659 1644 καί
681 1577 823 1660 δειλοῖς,
847 1582 1048 1665 ὠρυομένων
1073 1578 1252 1659 ὀξύτατον,
1281 1581 1340 1643 ἅτε
1361 1580 1430 1642 ύπδ

169 1685 356 1769 φαρμάκων
387 1680 660 1770 διεφθαρμένων.
712 1681 798 1746 ἀλλά
829 1681 869 1770 δή
902 1687 995 1748 ἐστιν
1026 1686 1084 1748 οδκ
1114 1676 1183 1748 οἶδ’
1209 1686 1331 1748 δποῖόν
1354 1686 1430 1768 τιη

168 1789 308 1872 τοιαύτη
331 1787 514 1867 ἐπιθυμία.
565 1789 683 1873 μυρίοι
710 1789 772 1868 μὲν
800 1789 863 1872 χάρ
895 1789 999 1866 εἰσιν,
1034 1789 1069 1850 ολ
1096 1789 1227 1863 ἑκόντες
1255 1787 1312 1850 καί
1340 1787 1431 1848 πάνυ

170 1890 363 1976 προθύμως
384 1890 623 1974 θεραπεύουσι
645 1892 724 1965 τούς
754 1887 941 1965 πλουσίους
968 1891 1026 1954 καλ
1055 1887 1217 1966 δυνατούς
1244 1890 1302 1953 καλ
1322 1887 1431 1969 μεστά

121 1999 150 2052 1⁶
173 1994 285 2054 πάντα
307 1990 458 2055 κολάκων
480 1993 554 2056 ἐστὶ
575 1999 643 2054 τῶν
664 1983 740 2072 μετ’
766 1993 948 2076 ἐμπειρίας
962 1995 1020 2057 καί
1034 1997 1149 2078 τέχνης
1166 1993 1247 2054 αύτδ
1264 1992 1431 2076 πραττόν-

27 2107 113 2161 (mn
127 2107 159 2159 11)
172 2114 249 2156 των.
302 2094 389 2156 ὥστε
419 2095 477 2155 οὐκ
504 2084 635 2179 ἀπορία
664 2090 763 2156 τοῦδε
785 2100 847 2156 τοῦ
870 2095 1043 2178 χρήματος
1073 2090 1210 2179 ζητοῦσι
1238 2093 1334 2177 παρὰ
1362 2097 1429 2154 τῶν
1442 2094 1482 2160 36

172 2196 210 2256 ού
233 2198 452 2282 πεφυκότων,
482 2187 560 2258 ἀλλ’
586 2197 678 2258 ἔστιν
701 2198 821 2276 όμσιον
844 2203 945 2259 τοῦτο
969 2199 1071 2279 ἐτέρφ
1103 2196 1343 2281 ἐπιχειρήματι
1364 2199 1431 2255 τῶν

171 2294 306 2383 σφόδρα
338 2294 550 2375 ἀκολάστων,
582 2299 617 2360 οί
643 2305 808 2381 γυναικῶν
839 2298 1007 2382 ἀφθόνων
1038 2297 1148 2358 οὐσῶν
1179 2287 1227 2359 δι’
1257 2296 1354 2376 ύβριν
1375 2295 1433 2356 καὶ

170 2401 389 2486 παρανομίαν
410 2401 643 2481 ἐπιθυμοῦσιν
665 2403 702 2464 ἐκ
724 2407 791 2464 τῶν
814 2397 946 2487 ἀνδρῶν
968 2404 1127 2482 γυναῖκας
1144 2399 1247 2485 σφίσι
1267 2395 1433 2478 γενέσθαι

120 2511 151 2565 w
172 2504 230 2566 καί
252 2499 411 2583 λαβόντες
434 2500 564 2580 παῖδας
584 2500 750 2584 ἐξέτεμον.
788 2504 872 2568 όθεν
895 2500 983 2566 πολύ
1006 2504 1122 2565 κάκιον
1144 2503 1201 2564 καλ
1216 2498 1432 2582 δυστυχέστε-

8 2591 11 2600 ⁴
168 2623 229 2689 ρον
251 2609 347 2687 γένος
369 2597 557 2689 [εὐνούχων]
579 2607 721 2689 ἐγένετο,
744 2606 992 2691 ἀσθενέστερον
1008 2613 1071 2668 τοῦ
1083 2605 1271 2688 γυναικείου
1287 2605 1344 2667 καί
1365 2602 1431 2688 θη·

170 2703 316 2793 λύτερον.
426 2697 502 2770 ἀλλ’
528 2711 546 2771 ό
574 2728 611 2791 χε
634 2711 722 2794 πρὸς
750 2706 919 2795 ἀληθειαν
941 2704 1097 2793 ἀνδρεῖος
1125 2710 1182 2770 καί
1203 2704 1428 2792 μεγαλόφρων
1441 2707 1482 2770 37

170 2810 229 2872 ούκ
250 2812 291 2873 ἀν
315 2830 400 2874 ποτε
423 2810 540 2874 πάθοι
561 2820 717 2875 τοιοῦτον
734 2809 831 2875 οὐδὲν
848 2802 921 2874 οὐδ’
939 2811 981 2873 ἀν
997 2813 1142 2894 πρόοιτο
1157 2811 1217 2896 την
1231 2805 1431 2891 ἐλευθερίαν

168 2914 230 2996 τὴν
252 2913 357 2975 αὐτοῦ
383 2915 521 2999 κοίτην
544 2915 738 2999 παρρησίαν
766 2921 869 2999 τιμῆς
896 2933 989 2988 τινος
1013 2914 1135 2993 ἀτίμου
1161 2915 1261 2996 χάριν
1289 2911 1309 2996 ἢ
1335 2907 1432 2973 δυνά-

122 3023 153 3074 11
175 3033 266 3094 μεως
288 3015 308 3099 η
329 3017 526 3100 χρημάτων,
557 3008 630 3078 οὐδ’
656 3018 697 3078 ἀν
720 3016 857 3102 φθονοῖ
879 3020 954 3091 τοῖς
981 3011 1291 3097 μεταβαλλομένοις
1318 3033 1355 3074 τε
1376 3012 1433 3074 καλ

170 3121 518 3202 μεταμφιεννυμένοις
539 3119 600 3181 ἐπὶ
621 3120 797 3193 τοιαύταις
821 3115 975 3202 δωρεαῖς,
998 3109 1076 3180 ἀλλ’
1101 3107 1210 3201 ἡγοῖτ’
1236 3118 1276 3179 ἀν
1292 3114 1432 3196 δμοίοος

171 3222 245 3294 τοῖς
266 3215 536 3301 μεταβάλλουσιν
559 3217 597 3297 ἐξ
619 3220 816 3303 ἀνθρώπων
839 3222 890 3296 είς
918 3223 1015 3307 όφεις
1036 3221 1056 3305 ἢ
1080 3216 1166 3281 ἀλλα
1194 3219 1320 3303 θηρία·
1349 3218 1432 3280 ἐκεί-

172 3339 250 3396 νους
271 3323 333 3401 μέν
357 3322 395 3383 σύ
418 3316 525 3406 ζηλῶν
549 3313 627 3384 οὐδὲ
655 3323 847 3403 βασκαίνων
871 3315 987 3398 αὐτοῖς
1009 3331 1069 3408 τῆς
1085 3330 1224 3408 τρυφῆς,
1248 3317 1334 3384 ἀλλὰ
1356 3309 1432 3382 τού-

68 3438 115 3490 (εει
125 3435 157 3488 Μ)
172 3423 307 3486 ναντίον
323 3420 574 3510 ὀλοφυρόμενος
588 3425 645 3486 καλ
660 3420 771 3502 ἐλεῶν,
794 3427 875 3488 όταν
890 3425 950 3488 ἐπὶ
965 3421 1099 3509 δώροις,
1116 3425 1232 3507 ὥσπερ
1250 3425 1284 3486 ολ
1299 3419 1431 3500 παῖδες,

119 3537 152 3589 ,11
172 3527 439 3611 ἀποκείρωνται,
467 3528 524 3589 καὶ
552 3534 657 3589 ταῦτα
686 3527 748 3602 τάς
776 3523 917 3602 πολιάς·
947 3520 1048 3601 αύτδς
1079 3522 1114 3588 δὲ
1143 3527 1182 3587 τδ
1210 3517 1294 3586 καθ’
1328 3515 1429 3587 αδτδν
1442 3522 1482 3586 38

171 3631 375 3713 πειράσεται
391 3625 633 3716 διαφυλάττειν
649 3617 862 3715 εὐσχημόνως
872 3630 929 3692 καλ
943 3629 1100 3710 βεβαίως,
1115 3624 1288 3714 μηδέποτε
1305 3623 1432 3689 λείπων

171 3733 231 3818 την
254 3733 359 3794 αὑτοῦ
378 3729 485 3811 τάξιν,
509 3734 629 3819 ἀρετὴν
653 3729 689 3794 δὲ
711 3733 769 3794 καλ
793 3733 1016 3816 σωφροσύνην
1039 3738 1147 3811 τιμῶν
1170 3731 1224 3792 άελ
1244 3732 1302 3793 καί
1324 3725 1433 3805 αὔξων

258 3959 390 4024 λαύτάν
406 3966 477 4032 libri,
496 3966 661 4022 εοεε.1)1οδ.
717 3971 767 4025 καὶ
783 3963 821 4038 μὴ
839 3967 906 4023 secl.
918 3965 991 4041 wil„
1009 3973 1058 4026 καί
1075 3967 1108 4039 νὴ
1127 3968 1183 4025 Δία
1200 3965 1281 4037 Emp.
1352 3971 1433 4026 θεαὶ

174 4050 270 4108 σοαῐλ
342 4047 448 4110 σύκουν
470 4057 644 4122 corruptum,
668 4044 703 4111 ού
722 4051 780 4125 μὴν
800 4051 907 4111 ἐκεῖνον
924 4053 989 4110 wil.
1078 4053 1141 4112 ⁷02
1163 4053 1317 4127 ἀνθρωττοι
1335 4052 1366 4108 II

176 4142 205 4193 11
227 4131 340 4208 δμοίως
350 4138 400 4195 ΠΒ
452 4140 555 4196 πίνωσι
573 4138 602 4191 II
654 4141 744 4196 δειλοῑ
761 4138 955 4212 σορυωμένων
972 4139 1002 4195 Μ
1022 4144 1126 4207 δειλοῖς
1142 4132 1366 4213 ω’ρυωμένωνΰ
1450 4171 1453 4180 ·

175 4227 206 4279 12
225 4223 452 4296 διεφθαρμένους
469 4223 499 4278 Μ
550 4217 637 4295 ἥσω.
650 4224 700 4281 UB
756 4229 786 4279 15
805 4216 965 4283 πύντωνΜ
1016 4229 1077 4282 ταῖν
1089 4225 1225 4292 Reiskiuu,
1242 4228 1291 4281 καί
1302 4223 1365 4280 libri

175 4314 206 4364 17
227 4302 262 4366 ού
279 4307 360 4379 Emp.
378 4309 516 4378 dubitans,
535 4301 567 4368 εδ
583 4310 646 4365 libri
697 4309 922 4382 πεφεειικότων
938 4311 999 4377 (sub
1016 4325 1114 4367 rasura
1132 4331 1169 4382 οι,
1186 4311 1216 4366 ni
1233 4309 1323 4377 fallor)
1341 4309 1367 4366 U

174 4398 205 4448 21
227 4386 373 4467 εύνούχων
390 4395 499 4462 seclusi,
517 4395 673 4466 interpretis
690 4411 751 4453 εεεε
768 4399 845 4453 τοίω
898 4400 930 4452 2³
948 4397 1104 4456 τοιαῦτοῦ
1156 4391 1240 4456 ούσέν
1251 4413 1304 4454 σω.
1316 4397 1365 4453 UB

174 4484 208 4535 24
226 4474 317 4540 αύτσῦ
333 4481 405 4547 libri,
423 4476 513 4539 αὑτοῦ
529 4481 583 4536 iam
601 4481 714 4538 cornu
766 4485 799 4537 26
818 4476 938 4554 ὁμοίους
952 4484 1083 4553 Οαεασσ,
1102 4479 1211 4554 ὁμοίως
1228 4481 1292 4539 libri
1343 4486 1375 4538 27
1395 4481 1435 4549 είς

176 4559 258 4638 ὄφεις
267 4559 285 4638 ἢ
294 4565 383 4637 Emp„
391 4559 441 4624 ἐπ’
452 4563 534 4639 δφεις
542 4561 561 4639 ἢ
569 4566 617 4623 UB
626 4565 789 4641 ἐποφθείση
798 4568 828 4622 Μ
862 4561 1017 4636 ἐκείνοιςῑλ
1053 4573 1085 4626 ³2
1096 4569 1186 4629 αὐτοῦ
1194 4568 1265 4638 libri,
1276 4584 1346 4626 corr.
1355 4567 1435 4640 Emp.
