3466 5268
647 351 785 410 ORATIO
803 351 930 410 XXXIX.
1376 357 1415 416 43

157 529 396 614 βεβαιοτέραν;
418 529 469 592 ἐτι
492 526 528 592 δὲ
552 529 701 610 εὔθυμός
723 530 793 609 είμι
815 531 871 592 καί
894 526 950 592 διά
973 533 1011 592 τό
1035 537 1093 614 της
1117 531 1302 615 συνηθείας
1325 533 1410 611 ὑμᾶς
1425 535 1466 596 50

159 627 448 706 δυσαπαλλάκτως
477 632 573 711 ἔχειν.
626 633 657 694 εἰ
684 631 747 715 γάρ
769 635 789 717 ή
815 634 935 708 στάσις
957 635 1107 713 τοσούτῳ
1128 635 1236 716 χρόνῳ
1268 631 1326 697 διά
1353 637 1414 720 τήν

160 733 345 819 συνήθειαν
372 736 476 813 μόνον
504 737 728 819 ἐμμεμένηκεν
749 734 842 814 ὑμῖν,
872 730 1067 820 τηλικοῦτον
1091 734 1175 796 οδσα
1197 739 1314 812 κακόν,
1340 743 1416 812 πῶς
1493 727 1498 736 ’

5 837 233 915 (ιεικσεοόχί
261 837 317 898 καί
344 837 405 911 τὰς
434 833 617 918 διαλλαγάς
639 838 728 913 είκός
750 839 843 899 ἐστιν
872 833 988 918 ήδίους
1017 858 1053 898 τε
1076 837 1180 912 οόσας
1207 840 1264 900 καί
1286 835 1414 901 δικαιο·

130 941 268 1021 οτέρας
290 939 449 1023 ποιήσειν
477 940 534 1002 καί
560 941 620 1025 τήν
650 940 834 1024 συνήθειαν
861 936 1000 1024 ήδίονα,·
1027 940 1084 1002 καί
1112 936 1350 1025 φυλάττεσθαι
1379 938 1415 1002 δὲ

160 1033 377 1123 μικρά<τινα>
398 1037 512 1126 δεήσει
533 1042 589 1104 καί
611 1043 679 1125 πρὸ
695 1043 856 1104 ἁπάντων
871 1043 950 1117 τούς
965 1039 1091 1126 ἀνδρας
1105 1044 1184 1118 τοὺς
1200 1039 1352 1120 ἀδόξους,
1376 1044 1417 1104 ἀν

164 1161 250 1204 ποτε
267 1138 497 1222 διαβάλλωσιν
511 1145 595 1223 ὑμᾶς
611 1138 778 1228 ἀλλήλοις.
818 1145 861 1228 μή
878 1144 941 1228 γάρ
957 1145 1121 1228 ἀκούσητε
1141 1145 1250 1206 αὐτῶν
1274 1141 1362 1206 ἴδιόν
1381 1167 1418 1228 τι

162 1244 382 1329 θηρωμένων,
399 1245 430 1306 εί
444 1241 669 1330 βουλήσονται
684 1242 789 1308 πάλιν
806 1246 921 1320 αὐτοῖς
936 1247 1098 1326 γενέσθαι
1113 1246 1188 1308 τινά
1202 1249 1325 1330 χώραν.
1362 1248 1418 1309 καί

161 1352 289 1430 μικρῶν
314 1343 349 1407 δὲ
372 1347 479 1409 ένεκεν
493 1348 537 1433 μή
556 1344 822 1431 παροξύνεσθαι.
860 1350 916 1410 καί
931 1350 1010 1424 τούς
1024 1349 1130 1424 θεοὺς
1152 1346 1189 1412 δέ
1212 1349 1301 1423 εἰκός
1323 1349 1416 1410 ἐστιν
1429 1351 1467 1412 51

112 1460 142 1512 10
161 1443 287 1528 μάλλον
307 1449 445 1510 πάντων
467 1445 742 1535 ἐπιμελήσεσθαι
757 1457 818 1512 τοῦ
840 1455 1020 1531 συμμεῖναι
1035 1452 1094 1536 τήν
1110 1447 1281 1530 όμόνοιαν.
1320 1447 1417 1530 οίμαι

46 1567 102 1617 (τεο
114 1551 222 1634 Μιχάρ
252 1551 308 1612 καί
331 1540 434 1636 αὐτήν
456 1552 580 1636 ταύτην
605 1555 665 1638 τήν
680 1553 790 1638 ἀρχήν
814 1545 898 1637 παρ’
931 1553 1066 1615 ἐκείνων
1093 1552 1257 1635 γενέσθαι
1279 1553 1335 1614 καί
1358 1542 1418 1613 οὐκ

163 1653 205 1714 ἀν
228 1649 339 1727 ἀλλως
361 1648 524 1716 ἐπελθεῖν
546 1673 607 1733 μοι
628 1650 798 1738 τολμήσαι
826 1657 906 1737 περὶ
933 1651 1130 1738 τηλικούτου
1161 1657 1359 1738 πράγματος
1381 1655 1417 1715 ἐν

162 1755 241 1834 ὑμῖν
265 1751 381 1837 λέγειν,
404 1755 489 1839 δπίρ
513 1751 556 1816 οδ
573 1753 693 1841 μηδείς
716 1749 883 1840 πρότερον
906 1755 984 1819 είπε
1004 1758 1087 1842 μήτε
1110 1761 1185 1831 νέος
1206 1758 1290 1842 μήτε
1313 1772 1417 1840 πρεσ-

162 1857 311 1939 βύτερος.
363 1857 437 1918 ἐστι
466 1853 501 1920 δὲ
530 1857 586 1919 καί
615 1855 711 1935 ἀξιον
742 1849 857 1933 αὐτοῖς
886 1855 1054 1934 εὔξασθαι
1077 1854 1191 1920 πάλιν.
1244 1849 1361 1921 οὐκοῦν
1383 1859 1419 1920 έν

117 1969 147 2021 1⁶
169 1961 253 2042 ἀρχῇ
274 1959 335 2037 μὲν
358 1950 504 2039 εὐξάμην
527 1949 652 2036 αὐτοῖς,
677 1961 730 2021 ίνα
753 1980 814 2039 μοι
836 1960 1066 2040 πειθομένους
1082 1962 1303 2043 παράσχωσιν
1317 1961 1419 2039 ὑμᾶς’

164 2061 242 2122 ἐπεί
265 2055 300 2122 δὲ
324 2067 423 2121 τοῦτο
453 2057 516 2144 ήδη
549 2061 680 2122 ἐοίκατε
710 2067 839 2137 ποιεῖν,
871 2057 993 2123 λοιπόν
1023 2063 1114 2123 ἐστιν
1144 2059 1311 2138 εὔξασθαι
1342 2065 1422 2146 περί

165 2169 227 2223 τοῦ
249 2157 431 2246 φυλάττειν
455 2153 577 2236 αὐτούς
600 2163 649 2235 είς
672 2163 726 2224 ἀεὶ
747 2161 789 2222 τά
811 2159 922 2236 καλῶς
946 2157 1092 2238 δόξαντα
1114 2163 1202 2242 ὑμῖν.

690 2412 851 2422 ——..---
857 2416 892 2424 --η

507 2703 583 2782 (22)
611 2699 747 2780 ΠΕΡΙ
776 2697 1072 2781 ΟΜΟΝΟΙΑΣ

23 2813 150 2867 ‹mn›
187 2799 264 2882 EN
296 2800 530 2884 ΝΙΚΑΙΑΙ
564 2801 966 2884 ΠΕΠΑΥΜΕΝΗΣ
999 2801 1110 2882 ΤΗΣ
1142 2801 1397 2886 ΣΤΑΣΕΩΣ.

166 3178 272 3266 ἀνδρα
302 3183 360 3244 τδν
393 3185 555 3268 σώφρονα
582 3184 771 3263 τιμώμενον
801 3183 868 3244 δπδ
900 3174 1035 3256 πόλεως
1070 3182 1205 3268 ἀμαθής
1232 3185 1289 3246 καί
1322 3177 1421 3266 λόχου

115 3293 147 3344 20
169 3281 277 3362 ἀξίας,
302 3286 417 3369 ὥσπερ
439 3288 458 3370 ή
481 3287 624 3370 ὑμετέρα
647 3279 751 3360 πόλις
771 3281 855 3346 κατά
879 3304 915 3346 τε
938 3285 1032 3363 ίσχδν
1054 3286 1112 3348 καί
1132 3286 1297 3367 μέγεθος,
1328 3278 1421 3350 οὐδε·

164 3393 244 3467 μιᾶς
272 3390 445 3472 ήττωμένη
468 3394 536 3450 τῶν
565 3388 735 3449 όποίποτε
762 3383 909 3464 ἐνδόξων
932 3391 1047 3468 μένους
1076 3407 1112 3450 τε
1135 3382 1345 3470 γενναιότητι
1366 3392 1423 3452 καί

166 3485 326 3574 πλήθους
343 3491 544 3575 συνοικήσει,
560 3496 627 3551 τῶν
646 3487 894 3574 φανερωτάτων
909 3495 1013 3571 γενῶν
1029 3483 1088 3552 οὐκ
1103 3483 1294 3570 ἀλλαχόθεν
1310 3487 1422 3554 ἀλλων

166 3583 404 3654 συνελθόντων
434 3589 572 3677 φαύλων
593 3593 650 3654 καί
672 3588 810 3673 όλίχων,
840 3587 924 3654 ἀλλά
944 3579 1106 3677 Ἑλλήνων
1128 3613 1164 3654 τε
1186 3599 1253 3655 τῶν
1277 3596 1423 3678 πρώτων

163 3695 222 3757 καί
243 3691 469 3758 Μακεδόνων·
492 3697 530 3756 τδ
555 3691 590 3757 δὲ
612 3699 772 3777 μέγιστον
794 3691 908 3780 ήρωάς
929 3714 966 3756 τε
987 3695 1044 3756 καί
1066 3695 1171 3769 θεοὺς
1188 3695 1340 3770 οἰκιστάς
1364 3693 1420 3757 λα-

115 3810 145 3862 25
168 3796 286 3877 δοῦσα.
332 3801 459 3882 πρέπει
482 3793 517 3860 δὲ
540 3802 613 3873 τοῖς
634 3799 702 3860 δπδ
725 3797 818 3859 θεῶν
842 3787 1042 3880 ᾠκισμένοις
1064 3798 1176 3881 εἰρήνη
1199 3797 1256 3859 καί
1278 3793 1420 3878 ὁμόνοια
1444 3803 1463 3865 2

252 4004 447 4084 2ἦρτοείΙΙ
497 4011 589 4067 malim
602 4016 746 4070 τοσοῦτον
756 4007 868 4084 χρόνον
921 4007 1147 4083 θέμμίνηκενλά
1197 4006 1379 4083 ΑήδείουςΜ

163 4091 298 4170 δῆδίυνα
316 4097 391 4164 wil„
409 4097 530 4155 πλείονα
548 4096 611 4153 libri
673 4097 705 4170 δή
724 4097 793 4164 libri,
811 4097 841 4156 δὲ
858 4096 959 4153 ΕεΙιΙτε
1028 4101 1127 4154 ὅτινα
1145 4095 1233 4152 adieci
1303 4101 1424 4169 ὃθηρο·

163 4182 260 4254 μένων
277 4183 307 4238 M
382 4181 410 4240 οἳ
427 4199 477 4254 pro
496 4182 523 4240 εί
538 4182 611 4239 UBT
685 4183 712 4240 εί
727 4177 920 4257 βουλήσονται
937 4181 1027 4237 malim
1045 4182 1151 4247 abesse,
1169 4186 1201 4236 ut
1217 4182 1354 4238 scribatur
1370 4181 1423 4249 (τό

164 4265 269 4339 πάλιν)
320 4262 419 4336 αὐτοῖς
430 4268 501 4336 libri,
519 4285 587 4325 corr.
600 4268 723 4339 impressi
772 4267 951 4340 χαράνλίυεί,
969 4283 1039 4324 corr.
1051 4267 1140 4337 Emp.,
1156 4258 1243 4341 χάριν
1256 4265 1372 4323 Οεεευίι.

166 4349 286 4413 θίνεκα
304 4355 326 4410 Β
344 4350 466 4413 ἕνεκεΤ
534 4349 748 4428 παροξύνεσθαι
764 4351 795 4407 M
813 4354 882 4419 (scil.
901 4349 1003 4424 δεήσει)
1020 4350 1222 4424 παρυξόνεοθε
1241 4351 1290 4408 UB
1366 4350 1427 4410 ἐστι

165 4439 215 4498 ΠΤ
271 4445 302 4495 10
320 4443 460 4513 συμβῆναι
478 4439 551 4496 UBT
605 4445 633 4495 11
656 4436 829 4512 γενήσεσθαι
846 4438 917 4504 libri,
936 4455 1005 4495 corr.
1023 4438 1105 4507 Emp.
1167 4443 1198 4494 ΙΙ
1216 4431 1320 4504 αι’τοίς
1338 4437 1367 4492 M

167 4530 199 4581 16
216 4524 264 4585 ἐπί
282 4525 312 4580 M
381 4531 411 4580 21
431 4520 596 4597 ἡττωμένην
613 4524 643 4580 M
713 4529 745 4580 25
763 4525 856 4597 πρέπη
874 4525 904 4579 M
