3526 5264
688 358 824 417 ORATIO
843 361 928 417 Lxx.
1382 361 1443 422 177

175 543 312 617 μένους·
336 540 432 612 δπως
455 532 491 598 δὲ
515 537 696 598 πείσονται
718 541 791 611 τοῖς
812 540 931 616 νόμοις
952 539 1009 600 καί
1031 541 1162 613 έκόντες
1184 541 1373 624 ποιήσουσι
1395 538 1436 600 τά

177 639 318 715 ἐκείνοις
335 636 496 702 δοκοῦντα
514 626 611 699 οὐδέν
628 632 874 723 φροντίζουσιν.
913 639 1025 702 καίτοι
1047 642 1083 703 τί
1097 641 1232 726 ἦττονό
1256 642 1351 726 φόβῳ
1375 647 1442 702 τοῦ

175 737 333 804 κλέπτειν
349 742 559 821 ἀπεχόμενος
574 732 715 823 [δοκῶν],
739 736 824 802 ἀλλά
841 743 886 827 μὴ
902 748 1013 821 μισῶν
1035 744 1073 803 τό
1098 749 1234 826 πρᾶγμα
1257 745 1314 804 καὶ
1334 763 1435 804 κατα·

174 847 376 926 γιγνώσκων,
399 840 547 927 κλέπτης
561 849 628 904 τῶν
643 843 902 926 ὑφαιρουμένων
917 845 1010 906 ἐστίν
1016 866 1029 920 ;
1051 846 1082 907 εί
1096 846 1141 929 μη
1157 847 1214 907 καί
1229 847 1288 908 τόν
1310 848 1438 929 ἡμέρας

140 957 156 1006 ο
179 947 217 1007 οὐ
238 942 443 1023 κλέπτοντα,
467 941 552 1006 ἀλλά
575 946 692 1020 νυκτός
713 949 906 1031 γενομένης,
929 943 1075 1031 κλέπτην
1099 947 1137 1008 οδ
1161 949 1315 1033 φήσομεν
1337 948 1373 1008 ἐν
1395 953 1436 1030 τῇ

173 1052 298 1134 ήμίρρ,
327 1045 412 1110 ἀλλά
435 1044 567 1109 δίκαιον
594 1045 690 1109 εἶναι.
747 1047 868 1110 έπειτα
904 1044 1039 1110 δέονται
1075 1045 1211 1111 πολλῶν
1240 1056 1308 1111 τῶν
1337 1049 1435 1111 ἀπει-

176 1148 322 1213 λούντων
343 1152 400 1213 καί
421 1144 648 1226 κολαζόντων,
678 1150 725 1224 ὡς
748 1149 786 1210 οδ
817 1147 996 1230 δυνάμενοι
1019 1151 1116 1214 αὐτοὶ
1144 1150 1340 1231 ἀπέχεσθαι
1368 1157 1435 1213 τῶν

176 1249 408 1336 ἀδικημάτων,
438 1248 523 1314 ἀλλά
552 1253 609 1314 καὶ
639 1249 726 1313 οἴκοι
757 1253 866 1323 όντες·
895 1261 1048 1316 τοιοῦτοι
1071 1251 1106 1315 δέ
1136 1256 1230 1329 όντες
1260 1253 1435 1336 αἱροῦνται

73 1356 254 1429 ιοιικιτούς
270 1356 460 1434 νομοθέτας
478 1357 534 1417 καί
548 1349 729 1430 κολάζουσι
744 1355 823 1428 τούς
838 1356 961 1435 νόμους
983 1356 1099 1439 ὥσπερ
1123 1357 1154 1418 εί
1176 1357 1324 1436 ἄμουσοι
1341 1357 1435 1429 όντες

126 1467 155 1516 1⁰
175 1443 317 1540 ᾑροῦντο
339 1459 418 1532 τούς
438 1458 623 1537 μουσικοὺς
643 1457 700 1518 καί
715 1452 812 1518 οόδέν
827 1457 1006 1533 ἐπαΐοντες
1030 1459 1109 1542 περὶ
1123 1458 1329 1541 γεωμετρίας
1352 1457 1431 1530 τοδς

172 1562 372 1641 γεωμέτρας.
497 1561 636 1644 σημεῖον
660 1554 696 1620 δέ
718 1565 778 1643 τῆς
801 1559 968 1642 πονηρίας
989 1567 1049 1645 τῆς
1071 1566 1138 1622 τῶν
1161 1561 1375 1643 ἀνθρώπων·
1398 1559 1429 1620 εί
1451 1554 1471 1617 9

172 1661 234 1744 γάρ
257 1657 407 1723 ἀνέλοιεν
430 1662 509 1736 τούς
531 1663 654 1740 νόμους
675 1661 732 1722 καί
754 1656 853 1722 άδεια
876 1665 1007 1743 γένοιτο
1030 1669 1092 1724 τοῦ
1104 1665 1244 1726 τύπτειν
1268 1656 1432 1745 ἀλλήλους

171 1764 227 1825 καί
249 1764 462 1826 ἀποκτείνειν
477 1764 533 1825 καί
548 1757 713 1846 ἁρπάζειν
728 1762 770 1823 τά
786 1768 854 1824 τῶν
870 1759 977 1838 πέλας
991 1765 1048 1826 καί
1061 1767 1230 1844 μοιχεύειν
1246 1765 1302 1826 καί
1318 1759 1430 1824 λωπο·

173 1862 293 1942 ἀυτεῖν,
316 1866 412 1939 τίνας
434 1865 582 1927 έσοσθαι
604 1865 738 1949 οἰητέον
760 1865 841 1939 τούς
863 1861 1095 1950 ἀφεξομένους
1116 1874 1178 1929 τοό
1199 1862 1279 1949 [των
1293 1857 1361 1945 καί]
1383 1865 1428 1949 μὴ

33 1961 112 2060 (Ἓξ
122 1976 151 2027 15
173 1970 262 2030 πάνυ
290 1964 418 2052 ῥᾳδίως
447 1987 483 2029 τε
510 1969 567 2030 καί
595 1967 740 2047 έτοίμως
763 1968 899 2029 ἅπαντα
922 1964 1141 2052 έξαμαρτοῖν,·
1168 1970 1224 2032 καὶ
1253 1970 1291 2029 τδ
1314 1973 1371 2028 νῦν
1393 1985 1429 2047 γε

172 2068 268 2133 οδδέν
290 2069 390 2156 ἦττον
413 2066 627 2148 λανθάνομεν
647 2068 732 2148 μετά
748 2065 901 2130 κλεπτῶν
915 2071 971 2132 καί
986 2066 1269 2154 ἀνδραποδιστῶν
1283 2069 1340 2130 καλ
1353 2087 1429 2148 μοι·

169 2179 238 2252 χῶν
261 2166 381 2247 ζῶντες
402 2173 459 2233 καλ
482 2167 808 2252 συμπολιτευόμενοι
836 2173 892 2234 καί
920 2173 1004 2234 κατά
1034 2181 1133 2234 τοῦτο
1158 2170 1254 2236 οδδέν
1275 2167 1429 2253 βελτίους

171 2281 239 2336 τῶν
261 2275 394 2358 θηρίων
419 2274 536 2352 ἐσμέν·
557 2275 614 2335 καί
635 2274 696 2358 γάρ
720 2276 829 2336 ἐκεῖνα
852 2275 893 2336 ἀν
918 2275 1060 2360 φοβηθῇ
1078 2275 1286 2360 ἀνθρώπους
1303 2269 1428 2358 φνλάτ-

170 2396 293 2450 τοντας
313 2377 333 2460 ἢ
356 2377 466 2450 κύνας,
490 2376 654 2454 ἀπέχεται
675 2383 738 2438 τοῦ
757 2370 931 2460 ἁρπάζειν.

12 1121 22 1154 Ι

694 2577 898 2589 ——u—-q-

449 2781 522 2859 (53)
553 2777 709 2859 ΠΕΡΙ
739 2776 1140 2859 ΦΙΛΟΣΟΦΙΑΣ

10 3021 14 3043 ¹
114 3029 144 3080 νο
251 3019 291 3081 Δ.
317 3022 420 3104 Φέρε,
454 3018 490 3082 εί
513 3040 606 3096 τινος
636 3020 773 3094 ἀκούοις
802 3016 957 3102 λέγοντος
987 3023 1040 3083 ὅτι
1069 3018 1228 3101 βούλεται
1256 3025 1423 3105 γεωργεῖν,
1449 3031 1463 3091 1

167 3119 272 3206 μηδὲν
301 3118 337 3184 δέ
368 3123 455 3205 πρός
482 3129 582 3184 τοῦτο
606 3124 799 3205 πράττοντα
830 3117 940 3207 δρῴης
962 3124 1079 3200 αὐτόν,
1108 3117 1192 3209 μήτε
1218 3125 1299 3206 βοῦς
1322 3125 1424 3186 ώνοδ-

166 3242 267 3304 μενον
288 3224 309 3307 ἢ
332 3227 500 3308 τρέφοντα
529 3225 614 3308 μήτε
643 3224 770 3308 ἀροτρα
799 3220 1128 3305 κατασκευαζόμενον
1156 3228 1240 3312 μήτε
1267 3231 1310 3288 τά
1339 3223 1425 3288 άλλα

165 3325 208 3386 τά
238 3327 324 3408 πρός
352 3326 412 3410 την
434 3325 598 3409 γεωργίαν
622 3326 719 3409 σκεύη
727 3374 737 3403 ,
765 3323 851 3409 μηδὲ
881 3327 1072 3388 ἐνοικοῦντα
1096 3329 1131 3389 ἐν
1154 3325 1244 3410 ἀγρῷ
1269 3329 1370 3391 αδτδν
1394 3321 1423 3414 [ἢ

173 3447 622 3458 -μῄ-ω-φ--ῄῂ
631 3449 653 3452 --
724 3449 745 3452 -
753 3448 820 3453 —-
855 3449 1159 3456 —---—-—...-..-..-
1166 3451 1182 3456 ..
1247 3451 1408 3459 .,,,.-.-.-,

256 3509 443 3564 ίπείσωνται
460 3506 485 3563 U
503 3523 538 3563 m.
557 3508 640 3576 pr.B
708 3507 971 3580 2φροντίζουσιῦ
1022 3511 1052 3566 τί
1068 3525 1121 3565 om.
1140 3510 1189 3565 PH
1208 3513 1237 3568 τί
1253 3502 1343 3583 ἧττον
1359 3517 1422 3582 post

163 3590 408 3664 καταγιγνώσκων
425 3591 520 3646 mellus
544 3591 723 3647 collocaretur
810 3585 1025 3664 θάαεχόμενας
1049 3597 1144 3651 δακών
1161 3593 1239 3650 UBM
1262 3590 1423 3668 ἀπέχεσθαι

164 3679 259 3733 δακών
275 3675 337 3741 ΡΗ,
355 3680 450 3732 όοκών
467 3675 568 3732 seclusi
654 3669 750 3734 α’λδΡ
836 3671 1061 3748 καταγινώσκων
1081 3676 1154 3734 Ul’ll
1240 3677 1354 3737 ἐέστίν
1370 3695 1422 3736 om.

162 3760 212 3816 ΠΒ
281 3760 446 3818 ἐκλίπτειν
464 3759 510 3816 UP
580 3753 758 3826 ῖαδτοῑςΰ
840 3752 948 3819 8ἀίλά
967 3764 1016 3818 καί
1035 3757 1111 3820 ollem
1130 3759 1227 3829 ὄντες·
1245 3768 1372 3822 τοιοῦτοι
1392 3766 1423 3824 δέ

164 3841 248 3912 ὄντες
264 3845 343 3902 UBM
360 3839 432 3904 α’λίά
451 3849 500 3902 καὶ
523 3841 600 3902 ολίιαι
623 3847 731 3904 τοιοίδε
756 3841 839 3912 ὄντες
856 3844 914 3899 ΡΗ.
945 3847 989 3901 Ab
1008 3845 1087 3902 UBM
1110 3846 1351 3918 proficiscendum
1372 3851 1422 3907 καί

163 3926 239 3988 οὗτοι
257 3937 423 4000 corruptum,
439 3931 526 3987 κακοί
538 3929 618 3998 Sela„
636 3934 722 3988 κακοί
740 3928 859 3988 οδιοθιν
877 3929 1014 3996 Βαίώώωι,
1031 3927 1124 3988 άόικοι
1137 3931 1253 3988 casaub.
1306 3930 1421 3992 ἐκολά-

162 4019 242 4085 ζουσι
261 4016 339 4074 [ΙΒΜ
361 4019 488 4073 τίθενται
506 4014 567 4079 ΡΗ,
595 4015 665 4081 τοὺς
687 4011 795 4085 νόμους
813 4015 863 4070 δελ
882 4015 946 4070 wil.
1036 4020 1067 4070 10
1090 4013 1159 4084 τοὺς
1180 4017 1346 4091 γεωμέτρας
1367 4035 1421 4074 om.

163 4100 241 4155 UBM
329 4106 360 4155 ll
377 4102 458 4166 τίνας
476 4133 508 4142 -
525 4104 574 4158 καί
590 4095 628 4173 μὴ
646 4116 698 4157 om.
718 4101 744 4154 Η
761 4101 860 4171 (suppl.
878 4116 896 4155 ιι
913 4116 982 4155 corr.
1006 4101 1034 4156 in
1057 4109 1134 4172 τινος.)
1219 4107 1273 4160 τοῦ
1289 4099 1327 4175 μὴ
1346 4099 1422 4160 πάνυ

161 4185 265 4254 scripsi,
283 4181 461 4243 τούτωνκαὶ
477 4180 515 4256 μὴ
533 4182 610 4243 πάνυ
626 4185 688 4241 llbri
761 4192 790 4241 15
807 4185 979 4258 ἐξαμαρτεῖν
994 4188 1190 4258 βουλομένους
1207 4188 1257 4243 ΡΗ
1317 4191 1367 4245 καί
1385 4187 1419 4245 τό

161 4269 267 4340 scripsi,
285 4264 325 4336 ώς
343 4265 377 4327 τὸ
395 4270 475 4326 ΜΡΗ
493 4261 570 4328 ώστε
587 4266 623 4328 τὸ
642 4271 691 4326 llB
744 4276 776 4327 16
794 4267 984 4341 λανθάνωμεν
1002 4273 1035 4335 Β,
1053 4273 1081 4326 ln
1100 4270 1125 4325 Η
1143 4279 1294 4341 postremae
1314 4274 1420 4328 litterae

158 4355 187 4410 ln
205 4370 302 4411 rasura
375 4353 439 4429 1θῆ
461 4350 636 4429 ἀνθρώπους
660 4356 690 4408 Μ
764 4360 794 4411 19
817 4357 974 4429 α’πέχονται
993 4357 1042 4412 ΡΗ
1110 4360 1142 4412 20
1167 4352 1282 4424 άκοδεις
1298 4356 1351 4412 ΡΜ

160 4442 190 4494 21
211 4429 244 4511 ἧς
259 4457 310 4510 pro
329 4435 424 4517 δρῴης
442 4439 472 4494 Μ
542 4443 574 4495 23
593 4440 628 4498 τά
648 4449 711 4497 ante
729 4439 804 4515 πρὸς
821 4458 874 4497 om.
893 4443 956 4511 PH,
975 4450 1119 4514 utrumque
1136 4459 1188 4499 om.
1207 4442 1237 4497 M
1307 4440 1418 4501 οίκαῦν·

160 4545 196 4582 τα
214 4525 244 4578 Μ
313 4520 660 4603 αὐτῷριοάγρῷΜ,ἱο
679 4526 763 4600 Η-γρ.
782 4528 924 4584 ἰσαίτατα
999 4523 1067 4599 ἢ-
1083 4523 1122 4599 μὴ
1140 4527 1251 4584 seclusit
1268 4527 1332 4584 wil.

210 4617 269 4663 DIO.
282 4619 313 4664 Il.
1183 4616 1214 4667 λλ
