3466 5268
327 306 369 370 ευ
555 275 559 283 ’
760 303 885 360 motus
901 303 943 364 m
960 302 1146 364 οονοιοαα

324 482 408 566 μήτε
430 473 514 565 παρ’
541 483 676 554 έαυτοῖς
698 481 782 564 μήτε
805 481 899 567 παρά
922 486 995 556 τοῖς
1009 482 1184 563 ἡγεμόσιν,
1218 478 1293 542 οὔτε
1309 479 1371 563 γάρ
1387 485 1454 542 τῶν
1477 479 1581 559 ἀσυμ-
1598 491 1713 544 (mm

326 583 449 667 φώνων
468 589 579 667 χορῶν
603 572 714 662 οὐδείς
736 583 851 646 άκοέει
873 580 1002 668 ῥᾳδίως
1022 585 1088 660 δ,τι
1111 578 1264 664 λέγουσιν
1287 583 1363 644 οὑτε
1381 589 1448 646 τῶν
1464 579 1582 668 διαφε·

324 689 476 770 ρομένων
505 682 648 748 πόλεων.
700 686 816 770 ὥσπερ
845 686 907 770 γάρ
937 687 972 749 ἐν
1000 683 1064 768 μιᾷ
1095 686 1150 768 νηί
1178 681 1346 760 πλέοντας
1377 675 1414 747 οὗ
1440 681 1582 746 δυνατὸν

328 784 425 868 οἶμαι
443 788 548 871 χωρίς
570 790 710 850 ἕκαστον
731 788 901 873 σωτηρίας
915 789 1098 870 τυγχάνειν,
1122 775 1197 850 ἀλλ’
1224 788 1293 866 άμο
1310 789 1452 864 πάντας,
1476 787 1585 862 οὑτως

287 890 306 954 8
330 881 408 954 οὐδὲ
424 892 503 967 τοὺς
520 886 879 972 συμπολιτευομένους.
907 895 1034 975 πρέπει
1051 887 1086 952 δέ
1102 891 1180 970 ὑμῖν
1196 887 1339 973 παιδείᾳ
1354 886 1581 975 διαφέροντας
1601 896 1618 948 ί

325 995 382 1056 καί
413 995 515 1078 φύσει
541 995 598 1056 καί
626 990 673 1075 τῷ
703 995 776 1057 δντι
803 993 968 1077 καθαρῶς
997 995 1097 1068 ὄντας
1111 985 1272 1079 Ἕλληνας
1300 993 1336 1055 έν
1359 983 1450 1074 αὑτῷ
1473 992 1582 1073 τούτῳ

326 1097 386 1181 την
407 1098 626 1179 γενναιότητα
649 1092 889 1159 ἐπιδεικνύναι.
1020 1091 1131 1158 πολλά
1156 1087 1188 1158 δ’
1214 1096 1255 1156 άν
1286 1092 1383 1176 οἶμαι
1405 1093 1485 1177 περί
1506 1093 1582 1156 τοὺ-

326 1219 393 1260 των
416 1193 529 1279 έλεγον
550 1199 607 1259 καί
629 1199 717 1283 πρδς
738 1199 777 1258 τδ
791 1198 940 1279 μέγεθος
955 1205 1014 1283 τῆς
1030 1197 1244 1274 ὑποθέσεως,
1268 1199 1298 1264 εί
1313 1198 1358 1283 μή
1374 1189 1414 1259 τό
1431 1215 1468 1260 τε
1485 1201 1582 1276 σῶμα

325 1297 449 1385 κομιδῇ
473 1295 611 1385 φαύλως
626 1296 716 1378 είχον
731 1299 816 1379 ὑμεῖς
830 1319 876 1376 τε,
900 1302 985 1387 ὅπερ
1009 1301 1106 1385 έφην,
1129 1289 1189 1379 οὑχ
1204 1302 1319 1383 ἐώρων
1337 1296 1582 1382 διενεχθέντας.

328 1393 405 1464 οὑδὲ
427 1400 490 1483 γάρ
512 1405 644 1482 γέγονεν
660 1391 780 1490 [οὐδὲν]
795 1389 872 1464 οὐδὲ
897 1403 1020 1486 φύεται
1043 1391 1128 1486 παρ’
1154 1401 1232 1482 ὑμῖν
1253 1408 1353 1466 τοῦτο
1377 1402 1415 1462 τδ
1439 1395 1583 1483 νόσημα,
1606 1406 1732 1464 lma!

327 1497 412 1562 άλλά
442 1499 526 1576 ἴσως
553 1502 693 1585 βραχεῖά
715 1522 769 1577 τις
790 1503 944 1584 ὑποψία,
972 1496 1052 1587 (ἧς)
1073 1502 1234 1586 καθάπερ
1264 1498 1467 1587 ὀφθαλμίας
1489 1500 1584 1585 παρά

327 1609 394 1670 τῶν
417 1604 512 1684 έγγὺς
535 1599 785 1681 ἀπελαύσαμεν.
836 1602 944 1668 εἴωθε
972 1601 1009 1666 δὲ
1030 1611 1131 1666 τοῦτο
1156 1603 1352 1685 συμβαίνειν
1374 1604 1430 1670 καί
1453 1600 1494 1688 τῇ
1516 1603 1584 1665 θα·

328 1702 430 1792 λάττῃ
454 1701 633 1779 πολλάκις·
657 1711 719 1768 τοο·
738 1705 851 1787 βυθοῦ
864 1701 1072 1782 κλυσθέντος
1087 1706 1232 1792 ἰσχυρῶς
1253 1706 1310 1771 καί
1329 1711 1496 1789 χειμῶνος
1519 1700 1583 1781 ἔξω

287 1810 307 1877 9
328 1811 506 1889 γενομένου
530 1803 695 1883 πολλάκις
717 1804 851 1893 ἀδήλως
878 1809 1069 1894 ίπεσημηνε
1096 1810 1152 1876 καί
1174 1812 1248 1884 τοῖς
1278 1804 1419 1888 λιμέσιν.
1465 1805 1584 1871 οίεοθε

328 1911 451 1998 ἀγοράς
472 1912 529 1976 καί
549 1910 700 1997 θεάτρου
721 1913 778 1974 καὶ
799 1911 991 1994 γυμνασίων
1013 1913 1069 1974 καί
1093 1917 1201 1974 στοῶν
1222 1911 1278 1974 καί
1290 1911 1470 1994 χρημάτων
1493 1906 1582 1972 είναί
1602 1913 1632 1968 11

327 2032 362 2076 τι
386 2008 510 2098 ὄφελος
533 2016 606 2087 τοῖς
632 2008 891 2089 στασιάζουσιν;
920 2014 957 2075 οδ
986 2015 1091 2080 ταῦτά
1120 2015 1194 2078 ἐστι
1221 2013 1263 2080 τά
1288 2019 1456 2076 ποιοῦντα
1482 2007 1584 2074 πόλιν

326 2110 448 2198 καλήν,
471 2111 556 2180 άλλά
581 2118 802 2205 σωφροσύνη,
826 2112 943 2201 φιλία,
971 2118 1009 2180 τδ
1034 2116 1208 2180 πιστεύειν
1231 2111 1399 2201 ἀλληλοις.
1444 2117 1524 2178 ὅταν
1547 2109 1583 2176 δὲ

328 2219 388 2302 την
418 2213 542 2303 βονλην
570 2222 714 2303 ψέγητε,
743 2220 822 2294 τοὺς
852 2225 1088 2312 προεστῶτας,
1124 2220 1203 2294 τοὺς
1232 2215 1495 2300 ἐξειλεγμένους,
1525 2215 1583 2295 οὐχ

330 2322 452 2395 αὑτοὺς
473 2324 596 2403 ψέγετε
602 2342 615 2395 ,·
637 2322 668 2383 εί
689 2322 752 2408 γάρ
776 2322 810 2384 οί
830 2317 985 2402 βελτίους
1006 2323 1100 2404 ὑμῶν
1115 2323 1184 2383 εἰσι
1200 2321 1356 2410 πονηροί,
1379 2320 1414 2382 τί
1436 2315 1492 2384 δεῖ
1503 2319 1583 2404 περί

329 2429 397 2486 τῶν
419 2417 531 2485 ἄλλων
553 2419 756 2502 ὑπολαβεῖν,·
777 2426 887 2508 ,ἡμεῖς
909 2424 975 2509 άρα
998 2423 1040 2486 τά
1063 2425 1172 2487 αὑτῶν
1187 2420 1447 2504 άποίέσωμενς’
1469 2420 1588 2496 οὐθείς
1608 2413 1732 2516 Mfflffiss

331 2537 453 2608 φησιν·
482 2515 559 2586 ἀλλ’
592 2523 631 2586 εδ
658 2523 730 2588 ἴστε
759 2527 812 2588 δτι
840 2526 876 2587 ἐν
905 2526 1036 2600 πάσαις
1064 2529 1141 2600 ταῖς
1169 2522 1311 2592 πόλεσίν
1333 2526 1408 2588 ἐστι
1426 2524 1581 2608 χρήματα

331 2622 489 2709 δημόσια,
511 2627 568 2688 καί
589 2633 694 2689 ταῦτα
719 2627 852 2704 ἔχουσιν
875 2627 971 2702 ἔνιοι,
993 2628 1083 2701 τινὲς
1103 2628 1164 2706 μὲν
1188 2617 1236 2688 δι’
1262 2628 1411 2708 ἄγνοιαν,
1433 2627 1523 2700 τινες
1545 2621 1581 2686 δέ

330 2723 458 2802 άλλως·
480 2728 537 2791 καί
559 2724 616 2793 δεῖ
633 2731 792 2811 προνοεῖν
813 2729 870 2793 καί
893 2722 1021 2810 σῴζειν,
1049 2728 1087 2789 οὑ
1108 2732 1226 2806 μέντοι
1246 2726 1332 2809 μετὰ
1355 2726 1482 2811 ἔχθρας
1505 2723 1582 2789 οὐδὲ

330 2829 414 2909 μετά
438 2826 615 2915 διαφορᾶς.
661 2826 755 2892 οὑτοι
779 2827 1050 2915 φιλοτιμοῦνται,
1073 2825 1238 2905 πολλάκις
1260 2831 1338 2909 ὑμῖν
1361 2821 1447 2914 παρ’
1473 2830 1583 2892 αὑτῶν

283 2932 593 3018 1οείσενηνέχασιν.
638 2932 781 2996 πείθετε
804 2932 934 3009 αὐτούς,
958 2929 1200 3018 παρακαλεῖτε·
1224 2933 1265 2994 ἂν
1287 2931 1510 3005 ἀντιτείνωσι,
1532 2928 1582 2994 δι·
1602 2941 1633 2993 15

328 3032 569 3116 κοιολογεῖσθε
591 3036 679 3120 πρὸς
699 3037 825 3114 μένους
844 3034 997 3119 μηθενὸς
1020 3036 1190 3118 παρόντος
1212 3029 1352 3111 ἔξωθεν.
1404 3034 1463 3113 οὐχ
1488 3035 1584 3112 ὑμεῖς

330 3140 407 3202 ίστε
431 3139 464 3200 οί
487 3131 651 3210 πολλάκις
673 3138 892 3214 ἐπαινοῦντες
913 3141 1000 3222 ἡμᾶς
1023 3128 1071 3200 δι’
1096 3133 1176 3222 δλης
1197 3145 1257 3222 τῆς
1271 3141 1408 3228 ημέρος,
1431 3138 1511 3212 τοὺς
1525 3136 1586 3216 μέν

331 3241 483 3325 ἀριστεῖς
506 3236 667 3319 λέγοντες,
689 3240 769 3314 τούς
792 3237 828 3302 δὲ
847 3233 1068 3319 Ὀλυμπίους,
1091 3241 1170 3314 τοὺς
1193 3237 1229 3302 δὲ
1254 3248 1423 3326 σωτῆρας,
1446 3240 1526 3313 τοὺς
1549 3234 1584 3300 δὲ

420 3462 431 3510 1
450 3451 522 3526 μήτε
539 3447 614 3527 παρ’
632 3452 745 3521 ἑαυτοῖς
763 3447 901 3525 ἡγεμόσιν
917 3452 948 3507 M
965 3457 1029 3519 (om.
1045 3449 1117 3526 μήτε
1135 3450 1216 3525 παρὰ
1234 3458 1320 3520 τοῖς),
1336 3444 1408 3524 μήτε
1426 3448 1506 3525 παρὰ
1524 3461 1586 3518 τοῖς

331 3535 470 3616 ἡγεμόσιν
487 3540 560 3597 UBT
576 3543 639 3608 (om.
658 3535 732 3613 παρ’
752 3535 864 3606 ἑαυτοῖς
881 3535 971 3612 μήτε),
988 3545 1075 3594 totum
1092 3538 1165 3594 dedit
1176 3539 1254 3608 Emp.
1306 3534 1442 3610 οὔτεγὰρ
1460 3563 1493 3578 -
1506 3541 1521 3592 3
1534 3531 1586 3594 τιά-

332 3631 406 3685 λεων
423 3627 518 3684 εοδεω
535 3627 617 3682 verba
634 3627 760 3696 leguntur
778 3640 817 3681 or.
835 3624 953 3680 xxxlx
973 3629 1017 3686 ,δέ
1069 3617 1246 3696 α’συμφόνων
1264 3621 1287 3676 Τ
1339 3617 1488 3680 1άκοὺειν
1504 3623 1536 3677 M

333 3713 437 3768 amulo
456 3707 557 3782 (τοὺς)
573 3709 606 3770 ἐν
622 3716 675 3791 μιᾷ
691 3711 820 3780 εεεὶοετε,
838 3726 918 3780 quum
936 3705 1003 3776 τοὺς
1021 3709 1109 3765 delere
1124 3707 1172 3762 l.5
1242 3715 1256 3763 5
1276 3707 1374 3783 παιδίᾳ
1392 3705 1420 3758 M
1473 3709 1488 3760 9
1507 3720 1586 3775 prae·

332 3798 442 3854 ferrem:
462 3792 526 3856 οὐδ’
543 3795 646 3871 ἑοίρων
742 3796 942 3868 διενεχθέντας
959 3794 1065 3863 scripsi,
1083 3791 1270 3862 διαμένοντας
1285 3791 1350 3846 libri
1455 3795 1485 3844 111
1504 3784 1587 3848 οὐδὲν

332 3883 539 3941 εεε1.1)1αδοτλ
593 3877 658 3941 οὑδὲ
674 3881 719 3938 111
737 3879 805 3942 οὔτε
821 3881 902 3938 ΜΒΤ
955 3885 984 3935 11
1004 3876 1074 3945 ἴσως
1090 3893 1143 3934 om.
1162 3876 1235 3932 UBT
1286 3865 1319 3948 ἧς
1335 3875 1398 3930 εδά.
1418 3874 1534 3932 casaub.

335 3973 365 4026 13
382 3969 558 4035 κλυσθέντος
573 3968 683 4032 Βείεὶιε,
701 3967 880 4040 πλησθέντες
896 3965 959 4021 libr!
1023 3970 1054 4019 11
1074 3958 1187 4021 οἴεσθαι
1206 3963 1234 4016 M
1286 3959 1386 4019 οίεσθε
1404 3991 1437 4000 -
1456 3964 1487 4014 11
1506 3953 1588 4031 άλλή·

333 4059 394 4122 λοις
410 4069 508 4125 parum
525 4059 588 4125 apto
608 4053 776 4118 inferuntur,
795 4057 939 4122 postquam
956 4049 1064 4119 negzvit
1080 4048 1237 4107 seditionem
1255 4045 1328 4116 fieri;
1353 4052 1416 4118 apte
1433 4045 1588 4115 legerentur

332 4145 396 4213 post
413 4136 510 4213 ἔχουσι
525 4133 618 4197 κακὸν
635 4155 663 4208 p.
682 4140 759 4203 9111
779 4135 879 4196 οἴεσθε
896 4143 938 4190 ter
955 4135 1070 4205 repetito
1146 4136 1177 4188 18
1194 4127 1389 4204 ίξιλεγμδνους
1406 4131 1435 4186 M
1508 4135 1537 4185 19
1555 4125 1587 4201 δὴ

332 4243 382 4298 pro
401 4229 444 4284 δεῖ
459 4224 490 4279 M
558 4229 590 4280 10
608 4223 665 4297 γάρ
683 4217 702 4281 ά
720 4238 769 4292 pro
788 4218 845 4294 ἄρα
864 4221 893 4275 M
963 4213 1333 4286 αὖτῶν111111,εοι·ε.Εωρ.
1403 4211 1589 4286 άπυλέοομεν

333 4311 381 4368 TU
400 4327 417 4365 ε
434 4328 469 4366 m.
488 4325 540 4366 εεε.
594 4313 625 4364 11
645 4305 710 4366 ἔστε
728 4306 751 4361 Τ
803 4309 836 4360 11
853 4308 902 4362 καί
920 4309 1010 4364 ταῦτα
1027 4319 1078 4374 pro
1095 4302 1208 4359 relativo
1226 4301 1386 4371 pronomine
1403 4301 1588 4372 neglegentius

334 4396 435 4451 dictum
538 4398 572 4450 11
590 4387 685 4451 αὐτῶν
701 4391 772 4457 libri,
792 4405 862 4450 corr.
882 4391 960 4460 Mmp.
1064 4392 1097 4443 15
1117 4384 1355 4460 είοενηνόχαοιΤ
1446 4389 1589 4445 δικαιολο·

333 4485 447 4552 γεῖοθαι
465 4479 495 4534 M
