3520 5270
662 364 798 420 ORATIO
816 364 888 420 LXI.
1345 366 1407 425 139

150 555 266 622 γιστον
294 535 438 624 ἐραστὴν
462 531 500 602 οὐ
522 545 627 620 μόνον
649 537 792 622 βασιλέα
815 546 919 623 μέγαν
948 543 1004 604 καί
1034 537 1188 620 ἀνδρεῖον
1210 544 1246 605 έν
1269 539 1407 625 ὀλίγοις,

151 637 237 703 ἀλλά
258 643 315 704 καί
336 646 411 704 νέον
433 644 490 705 καί
509 641 628 719 καλόν,
659 642 705 716 ὥς
728 659 834 726 φησιν
850 636 997 727 Ὅμηρος
1020 641 1067 723 τῷ
1092 644 1152 704 Διί
1176 641 1408 726 προσεικάζων

153 735 264 820 αὐτόν,
287 744 407 805 ἔπειτα
430 745 480 818 είς
503 741 689 807 έαλωκυῖαν
703 744 897 828 ἀφικέσθαι
912 740 971 829 τήν
994 741 1143 825 πατρίδα
1165 747 1222 807 καί
1244 754 1409 810 συνοικεῖν

152 846 202 908 ένί
229 851 296 907 τῶν
325 841 454 908 δούλων
482 853 549 908 τῶν
568 837 833 927 Ἀγαμέμνονος,
862 845 898 908 ιῖ
920 867 957 928 γε
985 842 1102 925 έμελίε
1130 848 1320 927 γαμεῖσθαι
1342 857 1409 911 τῶν

118 957 133 1006 ⁶
154 949 323 1032 ἐγχωρίων
345 950 423 1025 τινί,
446 956 521 1024 πῶς
544 950 603 1011 οὐκ
625 951 774 1024 ἀτοπον,·
796 950 834 1010 τδ
857 949 919 1032 γάρ
944 945 1157 1028 αίχμάλωτον
1172 947 1261 1011 είναι
1275 952 1332 1013 καί
1351 948 1408 1013 διδ
1432 955 1449 1015 7

150 1057 250 1112 τοῦτο
272 1053 317 1136 μή
344 1055 494 1133 στέργειν
508 1054 567 1114 τὸν
583 1048 729 1132 λαβόντα
745 1052 803 1129 οὐχ
820 1051 943 1112 ίκανόν.
981 1055 1001 1133 ή
1023 1058 1102 1132 γοῦν
1118 1053 1260 1134 Βρισηὶς
1274 1052 1409 1134 ἀγαπᾶν

151 1152 240 1214 έοικε
261 1154 320 1214 τδν
332 1142 496 1231 Ἀχιλλέα,
518 1155 695 1215 καὶταῦτα
710 1155 748 1214 δν
764 1169 870 1237 φησιν
886 1153 1087 1215 ἀποκτεῖναι
1102 1155 1161 1215 τδν
1177 1151 1283 1238 ἀνδρα
1307 1157 1409 1241 αὐτῆς

150 1255 207 1316 καί
228 1256 307 1330 τούς
330 1250 508 1339 ἀδελφούς.
546 1253 594 1336 τῷ
618 1252 654 1317 δὲ
667 1246 890 1337 Ἀγαμέμνονι
912 1263 1069 1317 τοιοῦτον
1093 1253 1189 1318 οὐδὲν
1212 1259 1408 1342 ἐπέπρακτο

152 1356 233 1438 περὶ
253 1359 314 1443 τήν
336 1355 525 1438 Χρυσηίδα.
549 1391 592 1400 -
606 1353 740 1432 Καλῶς.
779 1358 897 1420 οὐκοῦν
919 1359 956 1420 έκ
979 1365 1047 1419 τῶν
1071 1353 1177 1438 λόγων
1200 1361 1329 1422 τούτων
1353 1359 1411 1422 οὐκ

105 1468 134 1518 1⁰
154 1453 325 1543 ἐβουλήθη
348 1461 502 1544 Χρυσηίς
524 1459 805 1545 ἀποπεμφθῆναι
828 1461 923 1542 παρά
951 1465 1014 1520 τοῖ
1031 1451 1295 1540 Ἀγαμέμνονος,
1324 1458 1409 1522 ἀλλά

152 1561 290 1644 Χρύσης
305 1568 409 1622 ταῦτα
424 1561 570 1643 ἔπραττε
586 1553 670 1622 καθ’
687 1562 805 1623 αὐτόν·
827 1562 847 1646 ἢ
871 1560 968 1644 εἴπερ
984 1558 1152 1640 ἐβούλετο,
1175 1562 1409 1647 ἀφρονεστέρα

151 1660 277 1746 ἀνείη,
299 1664 356 1725 καί
377 1665 436 1725 τὸν
460 1659 558 1744 λόγον
581 1663 734 1726 έκαντίον
757 1661 860 1737 εἶπας
881 1664 901 1748 ἢ
923 1664 1082 1742 ὑπέσχου.
1106 1695 1149 1706 ·-
1169 1666 1210 1726 Δ.
1231 1653 1324 1724 Ἀλλ’
1350 1664 1409 1726 υδν
1430 1667 1449 1728 8

149 1761 234 1848 μηδὲ
259 1761 352 1850 δίκην
375 1761 532 1849 δικάσῃς,
563 1766 667 1850 φασί,
697 1767 778 1849 πρὶν
808 1767 1011 1850 ἀμφοτέρων
1040 1767 1192 1827 ἀκοῦσαι.
1238 1761 1345 1847 λέγεις
1368 1764 1407 1852 δή

153 1868 261 1951 σοφδν
289 1867 368 1928 δντα
396 1869 455 1928 τὸν
470 1860 617 1952 ’Όμηρον
626 1888 637 1942 ;
665 1901 708 1910 -
724 1858 832 1942 Ἴσως.
861 1901 904 1909 -
931 1869 973 1929 Δ.
999 1865 1126 1929 Οὐκοῦν
1153 1867 1195 1928 τά
1224 1869 1285 1946 μέν
1308 1868 1409 1930 αὐτὸν

107 1979 134 2029 15
156 1965 262 2050 λέγειν
291 1961 407 2052 [οῖου],
435 1970 477 2030 τά
507 1966 543 2031 δὲ
568 1974 641 2044 τοῖς
664 1971 901 2051 ἐντυγχάνουσι
928 1966 1130 2031 καταλιπεῖν
1159 1969 1407 2032 αἰσθάνεσθαι.

151 2077 251 2132 τοῦτο
275 2067 311 2132 δέ
335 2071 373 2132 οδ
396 2077 463 2132 τῶν
486 2069 575 2133 πάνυ
598 2067 733 2156 ἀδήλων
755 2072 858 2133 ἐστίν.
896 2074 915 2156 ή
940 2071 1002 2154 γάρ
1026 2073 1180 2154 Χρυσηίς
1201 2062 1278 2132 κατ’
1305 2072 1410 2153 ἀρχάς

10 2183 94 2232 tmen
108 2177 230 2250 Πιμέν,
254 2174 301 2248 ὡς
324 2174 447 2250 έοικεν,
472 2176 586 2258 ήγάπα
608 2177 721 2254 μένειν
745 2173 839 2254 παρὰ
861 2171 908 2254 τῷ
929 2163 1152 2254 Ἀγαμέμνονι
1175 2163 1222 2233 δι’
1249 2175 1288 2248 ἀς
1310 2172 1410 2236 εἶπον

153 2275 267 2350 αίτίας
287 2277 344 2337 καί
365 2280 439 2351 τοῖς
460 2276 561 2351 θεοῖς
581 2267 658 2360 ᾔδει
677 2278 786 2359 χάριν,
809 2279 863 2338 ὅτι
884 2271 1003 2359 μηδενί
1025 2271 1146 2358 δοθείη
1170 2281 1237 2336 τῶν
1253 2272 1410 2352 ἀδοξοτέ-

152 2397 236 2460 ρων,
266 2373 351 2438 ἀλλά
379 2376 428 2460 τῷ
456 2380 594 2440 πάντων
622 2374 773 2458 βασιλεῖ,
802 2379 953 2452 κάκεῖνος
983 2377 1041 2438 οὐκ
1072 2372 1205 2455 ἀμελῶς
1227 2378 1299 2456 έχοι
1323 2381 1411 2462 πρὸς

104 2487 134 2538 20
155 2480 275 2564 αδτήν·
305 2481 392 2542 ὥστε
423 2481 481 2542 οὐκ
503 2481 650 2563 έπραττε
680 2482 760 2561 περί
790 2475 927 2562 λάτρων.
980 2479 1057 2540 έπεί
1086 2475 1122 2539 δέ
1144 2479 1242 2563 ήκουε
1265 2479 1306 2540 τά
1330 2481 1450 2564 περίθ

153 2583 213 2667 τήν
243 2582 352 2644 οίκίαν
381 2584 441 2669 τήν
463 2589 525 2646 τοῦ
541 2573 789 2665 Ἀγαμέμνονος
811 2583 918 2644 δποῖα
940 2577 997 2666 ἦν,
1028 2582 1075 2655 ὡς
1094 2576 1245 2659 χαλεπά,
1274 2583 1330 2644 καί
1352 2584 1411 2667 τήν

153 2685 311 2769 ιδμδτήτα
334 2692 394 2770 τῆς
416 2681 719 2769 Κλυταιμνήστρας
746 2685 803 2746 καί
825 2686 863 2745 τδ
894 2685 1045 2767 θράσος,
1077 2683 1228 2744 ἐνταῦθα
1251 2683 1411 2768 έφοβεῖτα

152 2786 212 2870 τήν
240 2786 291 2861 είς
318 2788 357 2848 τδ
380 2777 499 2869 Ἄργος
529 2784 658 2871 ἄφιξιν.
706 2787 763 2849 καί
789 2789 848 2848 τδν
874 2788 935 2866 μὲν
964 2782 1067 2847 ἀλλον
1093 2788 1215 2870 χρόνον
1244 2790 1412 2869 παρέμενε

155 2891 338 2969 στέργουσα
362 2887 446 2965 ἴσως
468 2892 526 2950 τὸν
545 2881 792 2971 Ἀγαμέμνονα·
816 2891 871 2950 ὅτε
888 2885 924 2950 δέ
940 2883 980 2972 ήν
997 2889 1085 2972 πρὸς
1106 2884 1196 2950 τέλει
1219 2888 1237 2948 δ
1262 2883 1412 2967 πόλεμος

106 2997 135 3048 5
155 2989 212 3049 καί
235 2985 361 3073 διέρρει
384 2987 481 3072 λόγος
504 2993 550 3066 ὡς
573 2992 684 3052 οὐκέτι
708 2987 910 3075 δυνήσονται
932 2985 1040 3052 πλείω
1061 2993 1182 3075 χρόνον
1205 2989 1355 3069 ἀντέχειν
1378 2991 1413 3053 οί

155 3092 284 3174 Τρῶες,
317 3093 354 3153 οδ
384 3098 576 3173 περιέμεινε
603 3100 665 3154 τοῦ
688 3085 793 3154 Ἰλίου
822 3093 882 3177 τήν
912 3088 1049 3154 ἅλωσιν.
1098 3083 1174 3178 ᾔδει
1203 3092 1265 3173 γάρ
1299 3091 1346 3165 ὡς
1373 3092 1411 3151 τδ

153 3189 241 3254 πολι)
269 3195 349 3269 τοδς
376 3201 539 3270 νικῶντας
567 3196 807 3280 ὑπερηφάνους
836 3198 1051 3276 γιγνομένους
1080 3196 1137 3256 καί
1164 3196 1225 3279 τήν
1248 3189 1412 3255 δεισιδαι-

45 3305 141 3357 (m)
153 3295 274 3374 μονίαν
297 3298 374 3358 τότε
395 3292 524 3377 μᾶλλον
540 3298 722 3375 ίσχάουσαν
737 3298 796 3382 τήν
820 3297 900 3378 περί
921 3298 979 3358 τδν
1001 3297 1097 3372 θεόν,
1119 3298 1199 3357 δταν
1216 3291 1412 3374 πολεμῶσιν

154 3398 189 3458 οί
211 3397 405 3482 ἅνθρωποι.
443 3396 501 3461 διά
523 3405 629 3460 ταῦτα
645 3395 757 3461 ἐκάλει
772 3402 848 3460 τότε
871 3400 929 3460 τὸν
953 3402 1084 3479 πατέρα
1107 3399 1163 3459 καί
1179 3393 1322 3460 δεῖσθαι
1343 3405 1410 3460 τῶν
1424 3406 1464 3466 10

106 3507 136 3560 ω
154 3490 299 3578 Ἀχαιῶν
327 3497 491 3564 έκέλευεν·
520 3502 733 3564 ἐπυνθάνετο
762 3503 841 3583 γάρ,
871 3502 919 3576 ὡς
946 3501 1070 3576 ἔοικεν,
1100 3503 1153 3562 δτι
1181 3502 1413 3584 έγυναικοκρα-

155 3608 275 3664 τοῖντο
306 3603 340 3663 ol
357 3593 529 3688 Ἀτρεῖδαι
556 3605 613 3666 καί
640 3599 756 3682 μεῖζον
777 3605 943 3687 έφρόνουν
970 3609 1037 3664 τῶν
1066 3599 1197 3684 ἀνδρῶν
1225 3605 1354 3664 τούτων
1377 3603 1415 3664 αί

173 3769 321 3778 ------
343 3772 362 3776 -
379 3772 574 3779 ——---...
599 3775 604 3778 .
700 3773 704 3777 .
738 3773 756 3778 ‚⁴
831 3773 858 3777 --
938 3772 971 3776 ...
998 3771 1091 3777 -—...-
1105 3768 1411 3778 ......--..-—.a-—-—

243 3850 307 3909 Ῑέν
324 3843 463 3923 λδγοιςΒ
516 3851 736 3912 θὲαλωκῖανΰ
805 3857 891 3913 έτοῦ
908 3871 958 3926 pro
976 3857 1035 3911 τοῖν
1052 3861 1127 3918 (anto
1144 3847 1288 3926 Ἄγαμ)Β
1344 3843 1415 3912 ῖδν

156 3954 242 4008 φησιν
258 3941 310 3992 ete.
329 3937 365 3992 ef.
382 3937 414 3992 11.
434 3937 500 3993 XIX
517 3943 566 3994 2³5
656 3943 686 3993 10
704 3931 771 3995 ἀλλ’
789 3932 808 3997 ἃ
827 3939 849 3992 Β
927 3943 954 3993 12
974 3936 1039 3997 κατ’
1060 3931 1151 3996 αὐτὸν
1167 3939 1239 4005 libri,
1257 3952 1329 3993 corr.
1347 3954 1413 4009 κρο-

155 4023 260 4091 ςηρὶια
275 4027 316 4088 (ut
333 4023 367 4088 Τ)
437 4018 680 4098 ἀφρονέστεραΒ
752 4028 782 4079 12
800 4017 868 4084 ἀλλ’
887 4014 939 4082 οὖν
956 4040 1008 4080 om.
1028 4025 1055 4078 Μ
1074 4040 1110 4078 m.
1127 4039 1170 4094 pr.
1234 4026 1264 4078 23
1282 4016 1415 4095 διδάσκῃς

157 4107 186 4163 Μ
206 4124 240 4162 m.
259 4125 300 4178 pr.
390 4115 419 4163 15
438 4107 503 4167 αῖον
520 4127 572 4165 om.
592 4110 622 4165 M
641 4107 705 4167 οίου
721 4109 815 4182 λέγειν
831 4111 895 4177 (hoo
912 4109 1023 4177 ord.)T
1113 4112 1299 4165 καταλειπετν
1316 4108 1346 4162 Μ

160 4199 191 4248 16
209 4186 243 4252 οδ
260 4189 450 4267 λόγονπάνυ
467 4196 538 4262 libri,
556 4211 626 4253 corr.
645 4194 785 4264 Pflugkiuu
839 4201 868 4250 22
887 4189 985 4269 ἠγάπα
1003 4197 1045 4270 τῷ
1062 4197 1125 4256 (om.
1143 4193 1239 4263 μένειν
1256 4189 1348 4264 παρὰ)
1364 4193 1414 4251 ΠΤ

156 4272 254 4352 ἠγάπα
272 4283 351 4354 παρὰ
370 4282 454 4357 τῷΒ
539 4285 572 4335 22
592 4276 750 4354 ὁμοιότητα
768 4280 847 4338 Um.
865 4297 905 4350 pr.
993 4283 1025 4334 2³
1042 4278 1096 4350 μὲν
1114 4277 1208 4334 ουκῐί
1284 4281 1316 4332 25
1334 4271 1415 4351 δυνή-

157 4366 307 4423 σωνταιΒ
375 4371 409 4421 26
427 4369 478 4438 τῆς
494 4359 576 4425 Ἰλίου
593 4365 642 4422 UB
728 4370 760 4420 27
779 4367 952 4438 γενομένους
967 4365 1038 4430 libri,
1055 4378 1126 4418 corr.
1145 4361 1227 4416 Dind.
1297 4365 1415 4420 281οτί-

155 4449 288 4507 bendum:
307 4447 360 4523 τήν
377 4454 443 4524 περὶ
461 4454 521 4509 τάν
538 4455 631 4514 θεῶνι
648 4465 712 4507 mm
730 4454 800 4507 hneo
811 4451 972 4520 generaliter
983 4450 1058 4505 dictu
1069 4453 1143 4512 ιιιαί,
1161 4463 1216 4502 non
1229 4445 1263 4500 de
1275 4448 1415 4519 ΔροίΙίαες

155 4533 227 4589 idem
244 4535 299 4590 im
315 4535 458 4604 Pflugkiun
475 4536 543 4593 vidit
611 4541 644 4593 3⁰
662 4533 851 4594 ἐκέλευσενΒ
920 4536 1201 4609 γυναικοκρατοῦντο
1221 4530 1276 4589 ΠΜ
