3466 5268
350 349 391 413 ³8
720 351 844 410 DIONIS
862 353 912 409 An
929 351 1230 410 NICOMEDIENSES

296 529 335 594 31
350 523 532 612 ἀληθείαις
554 529 628 590 ἐστὶ
648 535 805 605 τοιαῦτα,
834 529 922 590 ούτω
951 531 1020 616 καί,
1036 525 1074 607 ἐξ
1094 528 1239 614 ἀνάγκης
1261 523 1471 609 ὀνομάζεται.
1528 551 1607 597 πει-

347 630 456 716 ράσθε
479 630 592 693 τοίνυν
615 633 802 714 πρωτεύειν
823 637 891 693 τῶν
914 629 1047 694 πόλεων
1076 633 1115 694 τό
1143 634 1205 711 μέν
1229 638 1365 716 πρῶτον
1387 634 1423 694 ἐκ
1445 642 1504 719 τῆς
1527 635 1606 698 ἐπι-

346 729 484 812 μελείας
505 741 565 818 τῆς
588 734 667 816 περί
690 734 810 808 αύτάς·
833 741 933 796 τοῦτο
955 737 1016 815 μὲν
1038 729 1146 818 (γάρ>,
1169 735 1259 796 καθά
1283 732 1494 819 μητρόπολίς
1516 739 1605 828 ἐστε,

348 830 520 919 ἐξαίρετόν
543 837 636 898 ἐστιν
659 837 756 918 ἐργον
777 837 953 921 ὑμέτερον·
977 835 1050 900 εἶτα
1072 836 1121 920 τῴ
1138 841 1298 920 παρέχειν
1314 838 1436 912 αύτούς
1452 834 1607 914 δικαίους

349 937 461 1000 άπασι
481 938 538 998 καί
558 939 716 1021 μετρίους
737 939 794 1001 καί
815 940 860 1024 μή
884 935 1096 1002 πλεονεκτεῖν
1118 939 1154 1000 ἐν
1173 935 1293 1023 μηδενί
1307 935 1392 1023 μηδὲ
1408 933 1605 1020 βιάζεσθαι.
1630 955 1646 1003 5

346 1045 452 1102 ταῦτα
481 1040 544 1123 γάρ
566 1035 603 1116 ἐξ
625 1040 768 1124 ἀνάγκης
797 1041 987 1120 ἀπεχθείας
1015 1045 1106 1104 κινεῖ
1121 1042 1178 1103 καί
1201 1038 1386 1126 διαφοράς,
1418 1043 1520 1126 φύσει
1541 1045 1604 1124 μέν
1619 1057 1716 1104 ιιιεει

347 1149 415 1206 τῶν
437 1137 626 1204 ἐλαττόνων
649 1145 736 1226 πρὸς
759 1145 838 1219 τούς
858 1138 1018 1223 μείζονας
1046 1145 1213 1219 ὑπόπτως
1236 1142 1469 1223 διακειμένων,
1499 1146 1546 1220 ὡς
1569 1143 1607 1223 ἐξ

349 1247 501 1319 ἅπαντας
524 1240 809 1309 πλεονεκτεῖσθαι
830 1242 1036 1326 μελλόντων,
1066 1249 1147 1308 όταν
1170 1242 1207 1308 δέ
1228 1247 1285 1309 καί
1306 1247 1390 1329 ἐργῳ
1414 1253 1514 1308 τοῦτο
1537 1248 1607 1332 γίγ-

299 1345 339 1412 32
351 1367 460 1432 νηται,
483 1344 692 1430 δικαιότερον
715 1354 775 1434 τῆς
797 1348 988 1427 ἀπεχθείας
1011 1344 1294 1432 παροξυνομένης.
1333 1343 1445 1424 ἔξεστι
1469 1345 1504 1410 δέ
1527 1351 1607 1430 ύμῖν

349 1449 531 1531 εὐεργετεῖν
554 1449 615 1524 τάς
637 1445 757 1525 πόλεις
783 1451 839 1513 καί
862 1447 967 1513 πλέον
993 1452 1050 1514 καί
1078 1445 1193 1530 μεῖζον
1214 1452 1233 1536 ἠ
1257 1451 1415 1528 ἐκείνοις,
1444 1451 1483 1512 τό
1505 1446 1604 1532 (μέν)
1628 1461 1656 1514 10

350 1558 487 1634 πρῶτον
508 1553 564 1614 καί
585 1548 734 1631 μάλιστα
758 1549 815 1616 διά
838 1555 898 1640 τήν
922 1549 1113 1632 θάλατταν,
1143 1551 1180 1631 ἐξ
1208 1553 1248 1640 ής
1277 1555 1439 1615 ἀπάντων
1466 1556 1528 1633 μὲν
1550 1556 1608 1616 καί

350 1661 418 1717 τῶν
440 1661 497 1717 νῦν
518 1649 772 1735 κομιζομένων*
794 1652 863 1732 (δεῖ
881 1652 917 1718 δέ
941 1654 1089 1741 δημοσίᾳ
1101 1651 1308 1741 χαρίζεσθαι
1330 1658 1390 1742 τήν
1413 1651 1525 1732 πόλιν,
1550 1657 1610 1717 ούκ

352 1751 424 1839 ἰδίᾳ
446 1755 552 1832 τινάς)
573 1757 615 1819 τά
639 1754 675 1820 δέ
697 1759 754 1821 καί
776 1754 1035 1835 διακλέπτοντες
1058 1761 1165 1835 αύτοί,
1188 1760 1230 1822 τά
1247 1750 1282 1821 δ’
1308 1759 1502 1838 αἰτούμενοι
1520 1764 1605 1844 παρ’
1624 1769 1716 1822 men]

352 1860 493 1922 ἕκαστα·
521 1861 579 1922 καί
601 1856 788 1942 ἀντιλέγετε
809 1862 871 1942 μὲν
895 1858 1061 1924 ούδέποτε
1083 1866 1157 1937 τοῖς
1180 1862 1361 1946 αἰτήσασιν
1383 1863 1494 1940 ὑμεῖς,
1525 1861 1607 1922 αύτό
1715 1873 1716 1896 ¹

352 1957 388 2023 δέ
411 1963 503 2041 όμως
526 1964 687 2048 φορτικόν
710 1964 784 2026 ἰστι
805 1965 844 2025 τὸ
867 1965 927 2048 τήν
949 1972 1008 2050 τῆς
1032 1964 1198 2049 αἰτήσεως
1221 1965 1365 2048 ἀνάγκην
1380 1963 1476 2044 έχειν.
1515 1964 1547 2025 εἰ
1569 1960 1606 2026 δὲ
1631 1975 1658 2026 15

352 2064 409 2126 καί
430 2065 559 2125 τούτων
581 2064 742 2127 ἀπάντων
764 2061 1035 2146 μεταλαμβάνειν
1057 2068 1261 2150 ἐπιτρέψετε
1290 2071 1364 2141 τοῖς
1393 2063 1514 2150 δήμοις
1534 2071 1610 2140 τοῖς

354 2157 438 2228 καθ’
463 2169 606 2252 ἑκάστην
629 2172 756 2253 ήμέραν
772 2170 986 2249 αἰτουμένοις
1000 2171 1039 2232 τό
1056 2171 1143 2252 πρός
1158 2171 1218 2255 τήν
1230 2169 1347 2254 χρείαν
1363 2169 1510 2250 ἐπεῖγον,
1534 2174 1611 2242 πῶς

355 2269 414 2332 οόκ
435 2271 524 2345 εἰκός
546 2272 621 2333 ἐστι
642 2265 777 2350 μείζους
799 2272 886 2352 ἀμάς
908 2273 1055 2334 ἔσεσθαι
1082 2259 1167 2354 παρ’
1194 2271 1325 2349 αὐτοῖς,
1356 2272 1611 2354 εὐεργετοῦντας

354 2371 493 2447 αύτούς;
520 2373 577 2434 καί
598 2373 667 2451 ἅμα
690 2375 746 2435 καί
766 2371 914 2458 μεγάλην
938 2374 1099 2459 ποιήσετε
1123 2376 1182 2460 τήν
1206 2374 1367 2453 δμόνοιαν
1391 2369 1447 2436 διά
1471 2374 1611 2434 πάντων

303 2471 344 2537 33
356 2471 586 2558 ἐλευσομένην.
708 2476 881 2559 πειρᾶσθε
904 2473 940 2539 δέ
962 2477 1018 2539 καί
1040 2481 1113 2551 τοῖς
1135 2478 1296 2562 ήγεμόσιν
1324 2473 1410 2539 αἰδῶ
1441 2479 1612 2558 παρέχειν,
1636 2485 1716 2539 Mazi

355 2577 409 2639 ἀεί
430 2583 529 2638 τούτο
554 2579 701 2662 φανερόν
723 2578 951 2653 καθιστάντες
980 2580 1033 2640 ότι
1060 2581 1104 2664 μή
1130 2579 1262 2664 ἀπόχρη
1293 2579 1372 2659 ύμῖν
1394 2575 1505 2654 καλῶς
1527 2573 1615 2640 διοι·

354 2678 495 2741 κεῖσθαι
509 2681 638 2758 μόνοις,
661 2673 747 2740 ἀλλὰ
764 2681 893 2755 παντός
907 2676 1132 2760 ἐπιμελεῖσθε
1154 2687 1217 2742 τοῦ
1237 2687 1304 2742 τῶν
1320 2681 1481 2743 Βιθυνῶν
1497 2682 1614 2760 γένους

353 2781 410 2843 καί
433 2777 529 2844 οὐδὲν
551 2780 651 2867 ήττον
675 2778 906 2866 δυσχεραίνετε
928 2786 1002 2858 τοῖς
1031 2785 1082 2858 είς
1111 2784 1190 2858 τούς
1218 2779 1342 2858 ἀλλους
1364 2779 1570 2867 ἀδικήμασιν
1593 2782 1613 2864 ἠ

353 2887 427 2958 τοῖς
449 2884 499 2959 εἰς
521 2884 659 2959 αύτούς·
689 2885 751 2947 κάν
779 2905 868 2960 τινες
896 2887 1138 2970 καταφύγωσιν
1160 2875 1219 2971 ἐφ’
1245 2885 1331 2965 ύμάς
1355 2881 1511 2963 δεόμενοι
1534 2883 1614 2967 βοη-

354 2984 465 3063 θείας,
488 2987 681 3070 προθύμως
702 2988 880 3067 ἐπαρκεῖτε
901 2988 958 3050 καί
980 2976 1117 3068 ὁμοίως.
1155 2994 1261 3049 ταῦτα
1283 2989 1322 3050 τό
1340 2989 1509 3072 πρωτεῖον
1530 2987 1610 3065 ύμῖν
1632 2999 1664 3052 22

355 3085 556 3171 παραδώσει
576 3090 615 3151 τδ
639 3085 815 3176 ἀληθινόν,
840 3090 898 3169 οόχ
919 3093 939 3174 ή
964 3091 1044 3174 περί
1064 3097 1132 3152 τῶν
1155 3091 1335 3170 ὀνομάτων
1360 3092 1449 3174 πρός
1471 3091 1614 3162 Νικαεῖς

304 3189 456 3276 34μάχη.
504 3188 690 3276 βουλοίμην
713 3182 745 3255 δ’
772 3193 813 3254 ἀν
841 3193 898 3255 καί
919 3193 1066 3267 ἐκείνους
1094 3193 1136 3254 τά
1160 3192 1244 3255 αύτά
1268 3198 1399 3270 ποιεῖν,
1427 3191 1485 3254 καί
1513 3192 1614 3275 ποιή-

358 3309 475 3356 σουσιν
504 3293 563 3356 ἐάν
591 3291 837 3380 καταλλαγῆτε,
864 3298 921 3359 καί
949 3290 1072 3375 μείζων
1101 3300 1120 3381 ή
1146 3292 1288 3375 δύναμις
1316 3297 1409 3376 ὑμῶν
1437 3294 1615 3378 γενήσεται

358 3397 586 3462 συντεθεῖσα.’
626 3399 684 3460 καί
715 3399 778 3481 γάρ
811 3405 879 3461 τῶν
912 3395 1047 3462 πόλεων
1081 3400 1167 3479 όμού
1197 3401 1371 3480 γενόμενοι
1405 3403 1527 3460 πασῶν
1556 3397 1615 3478 ἀρ-

357 3495 446 3576 ξετε,
482 3501 539 3563 καί
571 3504 645 3575 τοῖς
679 3502 822 3585 ήγεμόσι
847 3502 1024 3587 γενήσεται
1054 3497 1182 3565 πλείων
1211 3498 1379 3587 διατροπή
1411 3501 1498 3583 πρός
1527 3500 1612 3580 ὑμᾶς
1634 3509 1665 3560 ³0

444 3771 633 3841 ιπειράσθαι
650 3768 679 3821 M
697 3773 841 3839 πειρᾶσθε
856 3773 883 3835 (ε
899 3785 917 3826 τ
931 3765 1051 3831 comm
1104 3762 1195 3842 3γάρ
1212 3767 1272 3822 εδδ.
1286 3766 1367 3836 Emp.
1419 3763 1486 3823 ἐστε
1504 3765 1615 3833 Reiske,

355 3851 435 3910 ἐστιν
450 3853 513 3908 libri
581 3846 721 3920 λαύτοὺς
737 3852 792 3907 ΜΤ
862 3847 936 3920 ’ἰώς
953 3851 1048 3909 om.'l'
1117 3853 1261 3924 θγίνηται
1281 3851 1342 3906 libri
1430 3855 1461 3907 1⁰
1479 3851 1532 3920 μὲν
1548 3850 1617 3906 add.

357 3937 437 4008 Emp.
508 3943 536 3993 11
557 3935 620 4010 ἑξῆς
637 3937 700 3994 WiL
767 3943 797 3994 12
817 3942 878 3995 τόν
894 3937 946 3994 δεῖ.
964 3937 1029 3993 Wil.
1099 3937 1225 3992 lucanam
1242 3934 1396 4004 Pflugkium
1414 3939 1442 3991 ot
1459 3933 1616 4004 Emporium

356 4029 469 4079 secutus
480 4023 520 4078 εἰε
531 4023 703 4094 expleverim:
722 4023 923 4094 κομιζομένων
933 4020 1110 4094 (μετέχουσι,
1128 4014 1164 4080 τὰ
1182 4021 1236 4091 μέν
1247 4017 1292 4079 όιὰ
1305 4019 1416 4093 φίλων)
1433 4024 1476 4078 άεῑ
1492 4021 1536 4090 ‹Q-
1554 4029 1618 4091 post

357 4104 438 4174 τινας
448 4108 574 4164 hennam
585 4108 682 4164 statuit
691 4107 755 4163 wil.
805 4112 837 4163 15
850 4099 1004 4180 ἀναγωγήν
1015 4107 1041 4161 M
1087 4111 1229 4176 exspecto:
1242 4105 1269 4164 εἰ
1279 4105 1309 4163 δέ
1320 4102 1461 4175 καθάπαξ
1470 4103 1584 4164 τούτων

360 4199 390 4249 26
408 4191 579 4268 ἐπιτρέψητε
596 4194 668 4260 libri,
686 4209 755 4250 corr.
774 4193 855 4263 Emp.
956 4196 1006 4265 τῆς
1023 4207 1075 4263 pro
1093 4201 1156 4259 τοῖς
1173 4191 1203 4246 M
1295 4194 1326 4248 1⁸
1343 4189 1423 4250 ἐστιν
1441 4187 1501 4250 ἐστι
1519 4191 1548 4246 M

359 4283 391 4334 19
409 4276 559 4353 ποιήσεται
576 4279 607 4334 M
657 4283 690 4334 22
707 4277 904 4348 ἐπιμελεῖσθαι
921 4278 993 4346 libri,
1010 4293 1081 4334 τοτε.
1100 4277 1228 4334 ΒείεΙιίιιε
1280 4281 1313 4332 23
1333 4276 1516 4351 άυσχερένετε
1534 4277 1564 4334 M

357 4368 392 4420 24
412 4358 515 4432 αύτούς
532 4365 586 4420 ΜΤ
653 4360 710 4424 κάν
727 4363 834 4434 scripsi.
852 4359 891 4422 ἀν
907 4363 977 4431 libri,
995 4367 1044 4421 καί
1062 4358 1099 4422 ἀν
1110 4362 1239 4420 Βείείιίυε
1324 4365 1467 4436 βοηθείας
1483 4361 1618 4435 όεύμενοι

354 4451 422 4516 (hoc
434 4449 536 4518 ord.)T
606 4453 638 4505 25
656 4449 691 4508 τό
705 4457 851 4524 πρωτεῖον
868 4481 901 4491 -
919 4453 953 4504 26
970 4453 1036 4522 περί
1054 4453 1113 4507 τόν
1131 4465 1182 4505 om.
1202 4447 1232 4502 M
1341 4451 1373 4502 28
1390 4451 1619 4523 καταλλαγείητε

356 4535 429 4604 libri,
448 4550 519 4593 corr.
537 4535 617 4605 Emp.
693 4539 726 4590 29
744 4539 910 4593 συντεθεῖσα
929 4534 959 4589 M
1038 4547 1041 4557 ·
