3452 5264
330 351 371 412 λθ
868 350 1040 408 ΔΝΟΝΥΜΙ

327 527 347 612 ἢ
371 528 525 612 πρηστὴρ
548 527 567 611 ἢ
593 527 743 610 σκηπτὸς
764 525 923 605 ἐμπεσών
948 545 1037 585 τι·
1061 527 1162 589 σείων
1183 528 1240 621 καί
1261 529 1421 610 κεραυνόν
1444 529 1585 592 ίθύνων.

329 631 360 692 εί
383 620 416 692 δ’
442 630 516 692 ἐστι
537 649 590 704 τις
604 629 715 712 κρίσις
731 625 940 712 ἀνδριάντος,
965 629 1040 691 οίαν
1064 631 1170 715 φασὶν
1191 631 1227 692 ἐν
1243 631 1475 714 Συρακούσαις
1496 637 1586 712 γενέ-

332 732 483 794 σθαι-
506 730 544 793 δν
568 728 604 794 δέ
627 733 756 814 τρόπον
780 731 838 792 οόκ
868 731 997 816 ὀκνήσω
1028 728 1304 813 ἐπεμβαλόμενος
1333 730 1586 818 διηγήσασθαι·

329 835 557 918 Συρακοσίους
578 834 657 907 τούς
679 833 844 908 ἀποίκους
872 835 952 908 τούς
978 835 1159 918 ὑμετέρους
1188 835 1223 896 ἐν
1252 831 1395 910 πολλοῖς
1417 833 1585 916 πολέμοις
1608 849 1625 897 5

330 937 418 1020 πρός
440 933 693 1020 Καρχηδονίους
713 937 770 998 καλ
791 937 871 1010 τούς
892 931 1017 1011 ἀλλους
1037 935 1230 1022 βαρβάρους
1252 939 1332 1013 τούς
1353 939 1413 1023 τήν
1427 934 1585 1000 Σικελίαν
1601 954 1652 999 uu
1667 953 1718 1000 σε

328 1039 385 1100 καλ
406 1039 466 1123 τὴν
484 1029 629 1100 Ἰταλίαν
642 1045 881 1113 κατοικοῦντας
897 1039 916 1100 ό
928 1034 1052 1117 χαλκός
1068 1035 1284 1102 ἐπιλελοίπει
1298 1041 1355 1102 καί
1369 1041 1408 1102 τδ
1424 1041 1586 1120 νόμισμα·

279 1140 317 1203 21
332 1141 550 1225 ἐψηφίσαντο
574 1139 632 1202 σόν
647 1142 726 1215 τούς
741 1147 808 1202 τῶν
823 1143 993 1224 τυράννων
1008 1137 1211 1224 ἀνδριάντας
1225 1142 1272 1219 (οἱ
1295 1139 1331 1205 δέ
1345 1138 1479 1216 Ιπολλοὶ
1499 1137 1586 1226 ἦσαν
1717 1199 1718 1212 ,

330 1234 415 1325 παρ’
441 1243 557 1318 αὐτοῖς
575 1239 702 1322 χαλκοῦ
722 1241 962 1328 πεποιημένοι)
986 1245 1157 1325 συγκόψαι
1184 1245 1295 1328 κρίσιν
1324 1263 1361 1326 γε
1388 1238 1446 1330 [ἐν]
1469 1245 1587 1320 αὐτοῖς

330 1344 546 1428 ποιήσαντες,
568 1347 663 1420 δστις
685 1341 782 1422 άξιος
804 1346 914 1408 αὐτῶν
935 1345 1236 1432 καταχωνευθῆναι
1256 1348 1314 1409 καί
1335 1349 1430 1422 δστις
1453 1347 1508 1408 ού·
1530 1349 1587 1411 καί

330 1445 559 1528 περιγίγνεται
580 1454 622 1532 τῇ
646 1444 737 1532 δίκῃ,
761 1447 815 1510 ίνα
836 1449 894 1510 καί
915 1454 1015 1510 τοῦτο
1038 1449 1219 1534 ἀκούσητε,
1246 1445 1360 1511 Γέλων
1382 1450 1401 1510 ό
1421 1450 1585 1531 Δεινομέ-
1609 1461 1639 1513 1⁰

330 1561 424 1622 νους·
448 1549 482 1610 ol
504 1538 538 1610 δ’
563 1545 663 1611 ἀλλοι
685 1551 811 1625 πάντες
832 1552 1083 1636 κατεκόπησαν,
1114 1547 1202 1636 πλὴν
1230 1551 1296 1634 ἀρα
1318 1552 1504 1615 Διονυσίου
1526 1559 1590 1615 τού

278 1650 320 1713 22
333 1649 562 1733 πρεσβυτέρου
584 1657 652 1713 τῶν
673 1653 712 1714 τό
743 1659 851 1738 σχῆμα
880 1658 943 1713 τοῦ
967 1653 1138 1714 Διονύσου
1167 1657 1471 1735 περικειμένων-
1496 1656 1527 1718 εἰ
1550 1651 1586 1718 δέ

331 1753 537 1833 γένοιτοκαὶ
559 1744 645 1838 παρ’
671 1755 749 1833 ύμῖν
771 1755 939 1840 ψήφισμά
961 1774 996 1816 τι
1018 1761 1183 1831 τοιοῦτον,
1207 1751 1417 1839 ἀνδριάντων
1439 1756 1588 1831 εὐθύνας

330 1851 419 1916 εἶναι
440 1883 483 1898 -
503 1851 629 1934 μάλλον
653 1847 687 1917 δ’
712 1857 743 1919 εί
765 1852 885 1918 θέλετε
906 1857 1068 1941 καθάπερ
1092 1857 1331 1942 ἐψηφισμένον
1352 1876 1390 1938 γε
1409 1865 1508 1921 τούτο
1530 1861 1588 1922 καί

330 1955 460 2037 ἀγῶνος
482 1959 708 2043 ἐνεστηκότος,
733 1955 809 2022 δότε
831 1977 903 2038 μοι,
926 1956 1003 2021 δότε
1025 1960 1104 2034 τούς
1128 1954 1247 2041 λόγους
1260 1961 1347 2043 ὑπὲρ
1370 1960 1474 2022 αὐτοῦ
1495 1962 1583 2045 πρός
1608 1972 1638 2023 15
1651 1939 1718 2040 (Πιξβ

331 2058 417 2139 ύμᾶς
440 2059 512 2122 οῖον
535 2061 570 2122 ἐν
594 2057 798 2147 δικαστηρίῳ
823 2061 1055 2147 ποιήσασθαι.

415 2158 536 2244 ἄνδρες
558 2159 731 2240 δικασταί,
761 2165 897 2226 ἅπαντά
923 2179 1011 2250 φασι
1033 2159 1103 2226 δεῖν
1126 2159 1319 2246 προσδοκᾶν
1341 2165 1377 2226 ἐν
1399 2161 1447 2246 τῴ
1468 2162 1586 2249 μακρῷ

328 2264 456 2346 χρόνῳ·
479 2262 579 2340 ούτος
601 2257 634 2328 δ’
659 2267 695 2328 ἐν
717 2263 765 2348 τῷ
788 2267 911 2349 βραχεῖ
927 2263 1112 2329 κινδυνεύει
1133 2266 1279 2352 τεθῆναι
1293 2267 1354 2346 μέν
1377 2267 1424 2342 ὡς
1445 2267 1586 2349 ἀριστος

278 2352 505 2450 ἳ3Ἑλληνων,
535 2369 691 2431 ἐκπεσεῖν
721 2359 754 2430 δ’
785 2370 833 2444 ὡς
861 2371 1103 2453 πονηρότατος.
1153 2371 1207 2431 δτι
1228 2371 1290 2448 μὲν
1319 2367 1378 2431 σόν
1398 2365 1510 2444 καλῶς
1530 2370 1587 2432 καί

330 2461 470 2542 δικαίως
497 2468 553 2530 καί
584 2473 825 2554 συμφερόντως
852 2478 894 2556 τῇ
924 2467 1025 2533 πόλει
1060 2478 1102 2556 τῇ
1131 2471 1276 2555 ὑμετέρᾳ
1302 2472 1360 2533 καλ
1393 2477 1481 2532 πᾶσι
1509 2475 1584 2545 τοῖς
1605 2482 1636 2534 a

320 2559 475 2653 Ἕλλησιν
497 2571 640 2655 ἐστάθη,
664 2568 775 2633 πολλά
798 2573 883 2652 ἔχων
897 2573 1009 2635 εἰπεῖν
1025 2573 1060 2634 ἐν
1074 2573 1153 2652 ὑμῖν
1167 2569 1336 2654 βούλομαι
1351 2569 1585 2658 διηγήσασθαι

327 2673 505 2754 γενόμενον
527 2674 562 2735 ἐν
584 2677 661 2749 ταῖς
683 2675 802 2750 αὐταῖς
823 2676 1064 2759 Συρακούσαις.
1100 2676 1158 2738 καί
1178 2675 1241 2758 γάρ
1265 2677 1390 2739 οίκεῖσν
1412 2677 1451 2737 τό
1475 2675 1584 2758 παρά·

329 2769 465 2856 δειγμα·
487 2776 545 2837 καί
560 2771 691 2839 δίκαιον
714 2775 798 2852 ἴσως
820 2777 923 2854 ἐστίν,
947 2777 1064 2863 ὥσπερ
1086 2779 1210 2840 ἐκεῖνοι
1231 2785 1359 2858 τιμῶσι
1379 2779 1439 2864 την
1461 2779 1585 2863 μητρό·

328 2871 440 2952 πολιν,
464 2877 551 2940 ούτω
572 2880 629 2941 καί
650 2881 736 2960 ὑμεῖς
756 2879 798 2942 τὰ
820 2888 881 2966 τῆς
902 2881 1065 2956 ἀποικίας
1087 2888 1147 2966 τῆς
1168 2882 1332 2964 ὑμετέρας
1356 2881 1446 2965 ἐργα,
1469 2874 1585 2962 (δάν)

278 2985 320 3046 24
335 2973 445 3054 καλῶς
466 2979 534 3063 ίχη,
555 2983 752 3062 μιμεῖσθαι.
790 2984 914 3046 ἐκεῖνοι
934 2983 1047 3045 τοίνυν
1067 2983 1153 3045 κατά
1168 2985 1248 3058 τούς
1263 2983 1424 3067 ἀρχαίους
1438 2983 1586 3058 ἐκείνους
1607 2993 1639 3044 26
1651 2997 1718 3049 (ιειι

322 3081 464 3159 χρόνους
492 3085 669 3147 Λευκανόν
698 3106 774 3148 τινα
805 3085 1010 3167 ἄνθρωπον,
1045 3087 1100 3148 δτι
1129 3085 1314 3169 πρεσβείαν
1341 3085 1418 3149 τινά
1447 3086 1497 3161 είς
1524 3085 1584 3146 τόν

327 3177 433 3267 δῆμον
456 3182 639 3270 ἀπηγγειλα
662 3183 821 3273 δωριστί,
850 3186 1017 3271 ησθέντες
1044 3187 1149 3250 αὐτοῦ
1176 3195 1218 3274 τῇ
1248 3195 1346 3274 φωνῇ
1374 3190 1416 3250 τά
1438 3207 1475 3250 τε
1497 3184 1583 3249 άλλα

326 3283 413 3367 ὑπὲρ
436 3283 482 3348 ὥν
504 3286 580 3372 ἧκεν
596 3289 655 3350 οόκ
668 3290 842 3372 ἄπρακτον
858 3294 1112 3371 ἀπεπέμψαντο
1127 3291 1184 3352 καὶ
1199 3287 1351 3374 ταλάντῳ
1368 3288 1583 3376 ἐδωρήσαντο

326 3388 464 3474 κοίτην
486 3393 598 3454 είκόνα
621 3399 684 3454 τού
705 3395 862 3473 σώματος
890 3395 1077 3479 ἐστήσαντο
1102 3411 1191 3452 τεν
1215 3394 1309 3476 παρὰ
1339 3399 1407 3456 τῶν
1429 3393 1718 3479 ἀστυγει-ιιιεσσι

326 3492 434 3553 τόνων
454 3494 511 3556 καί
532 3499 599 3556 τῶν
621 3495 729 3580 ἐκείνη
751 3498 925 3582 Δωριέων,
947 3503 1015 3559 τῶν
1030 3515 1066 3558 τε
1082 3492 1193 3558 ἀλλων
1212 3497 1268 3559 καί
1282 3502 1350 3558 τῶν
1365 3497 1425 3581 τὴν
1437 3485 1581 3557 Ἰταλίαν
1604 3505 1635 3557 ἐν

414 3769 426 3819 1
450 3767 515 3835 post
536 3761 673 3835 ἐμπεσόν
695 3765 821 3821 lacunam
843 3767 935 3822 statuo
957 3765 997 3820 εῖτ
1018 3763 1077 3820 fere
1103 3763 1277 3833 explendam:
1304 3757 1357 3836 (ού
1380 3759 1451 3830 Ζεύς
1473 3760 1588 3835 αἰγίδα)

328 3851 416 3908 σείων
466 3846 589 3908 εέύύνων
604 3849 636 3905 Μ
688 3849 788 3909 MN
841 3845 1054 3922 συρακούσσαις
1069 3847 1127 3907 ΠΜ
1178 3845 1470 3924 ύέπεμβαλλδμενος
1485 3845 1534 3904 UB

327 3939 344 3990 4
361 3936 588 4004 συρακουσσίαυς
604 3931 630 3989 U
694 3936 833 4006 πολέμοις
843 3939 964 4001 πολλοῖς
974 3935 1038 4002 (hoe
1054 3935 1124 4002 ord.)
1136 3935 1174 4005 113
1190 3935 1281 3990 malim
1298 3929 1332 3992 ἐν
1348 3935 1486 4005 πολέμοις
1502 3936 1587 3991 πολε-

326 4025 440 4093 μηθεῖσι
458 4017 535 4095 πρὸς
551 4028 605 4077 σία.
675 4019 738 4079 ῖαῖ
756 4015 831 4094 &U
885 4017 950 4078 θέν
967 4019 1064 4076 unierit
1081 4018 1200 4076 (δασεῖαι
1260 4025 1291 4077 1⁰
1310 4022 1486 4096 περιγίνεται
1503 4018 1534 4074 Μ

328 4109 360 4160 12
378 4103 520 4165 Διονύσου
537 4105 666 4178 casaub„
683 4107 827 4164 διονυσίου
842 4105 905 4162 libri
995 4108 1026 4160 13
1043 4099 1111 4177 ἡμῖν
1127 4105 1215 4175 UBM,
1234 4120 1304 4163 corr.
1323 4106 1390 4162 aditi
1471 4111 1502 4161 λέ
1519 4101 1588 4176 ἐφη·

327 4185 469 4258 φισμίνον
484 4207 519 4260 γε
535 4191 623 4246 τοῦτο
642 4187 749 4258 scripsi,
768 4185 968 4261 ἐψηφισμένον
984 4192 1034 4248 καλ
1051 4191 1139 4246 ταῦτα
1158 4186 1238 4244 ΠΒΜ
1306 4191 1361 4248 τοῦ
1377 4195 1440 4262 pout
1455 4191 1505 4248 καί
1521 4188 1587 4245 αδδ.

329 4271 407 4344 Επρ.
486 4278 515 4329 21
536 4271 646 4346 ἐστάθη
663 4271 753 4342 Emp..
770 4271 898 4347 ἐστάθην
913 4273 976 4330 libri
1061 4279 1095 4330 22
1113 4269 1324 4344 συρακούσσαις
1340 4273 1430 4345 UBM,
1447 4270 1589 4345 συρακού-

328 4357 432 4425 σαιςΤ
490 4362 524 4414 24
542 4349 676 4425 οδτωςῐ]
728 4351 804 4417 &Er
820 4359 883 4416 add.
901 4359 965 4416 wil.
1042 4367 1074 4417 25
1093 4354 1143 4433 ἔχη
1161 4354 1392 4432 wss.,l³1alibr1
1461 4363 1493 4415 29
1510 4358 1588 4416 lacu·

328 4457 391 4496 nam
408 4441 569 4512 significavit
589 4443 783 4501 casaubonus:
809 4444 881 4500 hanc
898 4445 934 4502 ob
951 4459 1009 4503 mm
1026 4446 1128 4516 guntin
1145 4445 1179 4502 iia
1196 4451 1310 4514 egeumt
1326 4446 1411 4502 ceteri
1430 4443 1588 4501 Dorienses.

326 4531 376 4586 καὶ
393 4525 438 4588 διδι
456 4531 544 4587 τοῦτο
562 4523 654 4587 πολὺν
672 4525 791 4588 ἔπαινον
808 4525 968 4603 ἐκτήσαντο
987 4530 1106 4588 Gobetuu
1185 4533 1218 4584 ³0
1235 4533 1284 4587 καὶ
1301 4529 1376 4599 ρεῖαν
1394 4545 1446 4588 om.
1464 4529 1512 4586 UB
