3466 5268
311 283 354 365 σε
748 304 1132 364 σιουιειυσουειουε

310 485 365 546 δτι
380 484 468 568 πρὸς
483 478 580 544 οὐδέν
595 482 726 544 ἀτοπον
738 482 913 567 χρήσεσθε
926 489 969 566 τῇ
990 479 1137 564 ἐξουσίᾳ.
1177 479 1253 542 οὔτε
1268 480 1330 563 γάρ
1350 473 1431 556 ξὺλα
1451 474 1565 562 χλωρά

312 582 488 670 δήπουθεν
511 580 621 658 οὑδείς
644 584 855 668 συντίθησιν,
880 583 967 645 ὥστε
987 583 1145 653 κάεσθαι,
1169 577 1340 665 προειδὼς
1362 582 1415 643 ὅτι
1441 579 1564 664 ἀνάγκη

311 687 474 768 γενέσθαι
493 686 623 748 καπνὸν
646 681 753 748 πολὺν
775 685 832 748 καί
854 686 995 763 ἀτοπον,
1020 684 1095 746 οὑτε
1117 687 1363 767 τεταραγμένον
1387 677 1492 766 δῆμον
1515 681 1565 756 είς

311 788 413 850 ταὺτὸ
438 791 573 870 συνάγει
596 794 673 850 νοὺν
696 789 779 868 έχων
801 789 950 872 ήγεμιὺν,
980 783 1065 849 ἀλλά
1088 788 1129 850 ἀν
1151 788 1196 872 μή
1220 806 1273 861 τις
1293 780 1418 866 μείζων
1440 784 1563 869 ἀνάγκη

270 891 291 953 2
311 886 493 974 καταλάβῃ.
530 897 588 952 νὺν
612 889 670 952 οὑν
690 891 851 974 ὑμέτερον
873 891 970 974 έργον
992 891 1065 952 ἐστί
1086 891 1131 975 μή
1159 889 1364 972 ψεύσασθαι
1386 887 1490 949 αὑτοῦ
1510 887 1606 972 τήνσ

311 988 481 1069 διάνοιαν,
509 982 587 1053 ἀλλ’
620 987 793 1069 ἐπιδεῖξαι
817 995 1005 1078 σωφρόνως
1032 993 1089 1054 καί
1114 987 1226 1066 καλῶς
1249 992 1371 1066 αὑτοὺς
1392 985 1566 1073 ἐκκλησιά-

310 1089 445 1172 ζοντας,
471 1095 528 1157 καί
556 1100 709 1179 πρῶτον,
739 1094 817 1174 ἐμοὶ
846 1089 973 1172 δοκεῖν,
1002 1091 1297 1157 καλλωπίσασθαι
1324 1100 1366 1176 τῇ
1397 1089 1495 1177 φιλίᾳ
1524 1101 1566 1177 τῇ

310 1198 398 1281 πρὸς
419 1192 585 1282 ἀλλήλους
597 1198 654 1260 καί
669 1197 821 1280 ὁμονοίᾳ,
843 1197 904 1259 κᾶν
921 1194 1019 1281 δεῦρο
1036 1197 1202 1282 ἀφίκηται
1218 1190 1463 1280 παρακληθείς,
1487 1195 1567 1277 περί

309 1301 370 1378 μέν
392 1305 460 1360 τῶν
482 1294 594 1361 ἄλλων
616 1295 663 1360 ὧν
685 1300 805 1381 ἐβοᾶτε
827 1299 1069 1383 ὑπερθέσθαι·
1093 1293 1228 1384 ζητήσει
1249 1298 1311 1381 γάρ
1328 1297 1429 1372 αὑτάς
1443 1297 1485 1358 τά
1509 1293 1566 1381 δη-

306 1403 423 1481 μόσια,
438 1401 500 1462 κάν
510 1402 606 1481 ὑμεῖς
615 1398 756 1464 κωλὺειν
767 1398 902 1486 θέλητε.
929 1395 967 1464 ’τὸ
981 1398 1016 1463 δὲ
1030 1408 1088 1463 νῦν
1100 1401 1362 1486 εὐχαριστήσατε
1372 1401 1429 1462 καί
1445 1395 1560 1476 δεξιώ-
1583 1409 1612 1459 111

309 1503 422 1566 σασθε
448 1503 505 1566 καί
524 1491 600 1583 μετ’
626 1504 795 1589 εὐφημίας
815 1503 872 1566 καί
900 1512 1001 1589 τιμης
1030 1499 1267 1581 ὑποδέξασθε,
1299 1502 1353 1564 ίνα
1375 1502 1420 1587 μή
1446 1502 1562 1586 ὥσπερ
1578 1517 1700 1571 ‹mn›

319 1607 422 1690 ατρὸς
443 1606 531 1688 πρὸς
546 1611 730 1681 νοσοῦντας
744 1607 911 1681 ὑπόπτως
925 1606 982 1668 καί
997 1602 1111 1690 ἀηδῶς
1126 1605 1322 1689 θεραπείας
1342 1607 1460 1683 ἕνεκεν,
1483 1596 1560 1667 ἀλλ’
1577 1619 1671 1672 159111)

268 1709 287 1771 3
310 1707 357 1781 ώς
385 1707 473 1790 πρὸς
500 1707 713 1788 ὑγιαίνοντας
740 1704 849 1793 ήδέως
876 1709 932 1771 καί
965 1707 1157 1792 προθὺμως
1187 1715 1290 1792 παρή.
1347 1707 1404 1770 καί
1431 1708 1493 1792 γάρ
1523 1704 1561 1793 δή

307 1814 365 1870 νῦν
392 1809 454 1886 μὲν
483 1809 605 1871 άπεισι
632 1809 717 1888 μετὰ
745 1810 805 1895 τήν
833 1811 979 1895 τήμερον
1009 1807 1093 1884 ἴσως
1121 1813 1267 1895 ήμέραν,
1302 1810 1497 1896 ἀφικνεῖται
1526 1806 1562 1871 δὲ

308 1907 421 1992 ὀλίγον
448 1911 605 1994 ὑστερον·
632 1911 689 1972 καί
709 1913 804 1989 τότε,
826 1913 868 1974 ἀν
889 1913 934 1998 μή
959 1914 1127 1996 πρότερον
1149 1902 1246 1974 αὐτοὶ
1268 1913 1441 1991 πείσωμεν
1463 1912 1559 1991 ὑμᾶς,
1583 1921 1612 1973 15

307 2011 413 2088 εἴτις
435 2013 500 2096 ἀρα
523 2018 591 2075 τῶν
620 2010 793 2099 δημοσίων
824 2015 893 2095 ἐχει
921 2036 971 2093 τι,
999 2016 1056 2077 καί
1085 2012 1261 2090 δικασταῖς
1288 2015 1346 2077 καί
1372 2010 1564 2099 διαιτηταῖς

307 2111 466 2202 ἀλλήλοις
490 2118 715 2200 χρησάμενοι,
745 2119 823 2180 τότε
850 2114 986 2194 ἐξέσται
1013 2119 1070 2181 καί
1093 2114 1200 2200 λέγειν
1222 2119 1278 2181 καί
1298 2117 1478 2198 καταβοᾶν.
1523 2118 1563 2177 τά

306 2237 343 2300 γε
370 2220 436 2304 μήν
459 2214 780 2300 προεξανίστασθαι
801 2221 846 2305 μή
873 2215 1007 2305 σφόδρα
1037 2220 1192 2301 ἀγνωμον
1214 2200 1246 2304 ᾖ.
1298 2225 1369 2281 ποὺ
1394 2219 1456 2300 γάρ
1480 2219 1563 2280 ἀπε-

307 2319 499 2404 πειράθητε
525 2321 545 2405 ἢ
575 2323 661 2382 ποτε
682 2316 877 2405 ήξιώσατε*
901 2309 986 2404 παρ’
1013 2312 1143 2397 αὑτῶν,·
1171 2322 1191 2407 ή
1221 2322 1274 2397 τίς
1295 2323 1375 2402 ὑμῖν
1398 2310 1456 2400 οὑχ
1477 2321 1563 2405 ὑπή·

304 2436 424 2497 κουσες
450 2422 507 2484 καί
534 2423 594 2507 τήν
622 2413 792 2507 εὐφημίαν
818 2423 878 2508 τήν
907 2423 957 2497 είς
978 2424 1055 2503 ἐμέ,
1083 2423 1147 2506 ἐγὼ
1172 2419 1309 2504 δέομαι,
1338 2427 1488 2507 τρέψατε
1512 2423 1562 2497 είς
1583 2431 1614 2483 τ)

308 2523 472 2599 ἅπαντας.
524 2524 640 2608 ὥσπερ
670 2525 732 2607 γάρ
762 2527 797 2587 ἐν
825 2527 979 2587 ἑστιάσει
1008 2527 1097 2588 πάνυ
1128 2526 1267 2610 αίσχράν
1294 2527 1387 2588 ἐστιν
1416 2526 1473 2587 ένα
1496 2530 1563 2586 τῶν

305 2631 553 2707 κατακειμένων
576 2627 704 2704 πίνειν,
733 2627 790 2689 καί
812 2623 869 2689 διά
891 2634 992 2689 τοῦτο
1014 2629 1059 2714 μή
1082 2630 1186 2709 μόνον
1208 2625 1256 2710 τῷ
1280 2627 1420 2708 οίνοχίω
1445 2624 1561 2689 δυσκο-

308 2725 475 2809 λαίνομεν,
498 2725 584 2790 άλλά
606 2730 663 2791 καί
684 2726 733 2810 τῷ
756 2729 902 2805 πίνοντι,
924 2730 963 2791 τὸ
988 2721 1070 2792 αὐτὸ
1094 2737 1194 2791 τοῦτο
1216 2731 1251 2791 ἐν
1273 2733 1347 2804 τοῖς
1369 2724 1562 2803 πολιτικοῖς

267 2833 286 2894 4
308 2831 465 2905 ἐπαίνοις
486 2831 588 2893 ἐστίν.
639 2831 695 2892 καί
716 2837 821 2893 ταῦτα
844 2839 1023 2908 ποιοῦντες
1046 2833 1167 2907 αὑτοὺς
1187 2833 1390 2916 κοσμήσετε,
1419 2831 1466 2905 ὡς
1488 2830 1563 2891 ἐστι
1576 2841 1695 2895 (mm

306 2936 432 3014 κόσμος
443 2927 539 3018 (τῆς)
553 2930 688 3008 πόλεως
698 2937 858 3014 μέγιστος
872 2935 891 2995 ά
904 2941 972 2996 τῶν
988 2930 1140 2996 πολιτῶν
1154 2934 1305 3009 ἐπαινος.
1340 2933 1400 2995 ἐπί
1414 2933 1483 2995 τίνι
1496 2932 1558 3016 γάρ
1581 2945 1611 2997 2⁵

307 3031 397 3116 άλλη)
412 3038 498 3116 μέγα
512 3039 667 3120 φρονεῖτε
674 3056 687 3110 ,·
704 3027 743 3096 οὐ
753 3035 894 3117 μεγέθει
904 3037 966 3115 μὲν
980 3039 1094 3119 ἐτεραι
1109 3032 1313 3122 διαφέρουσι
1328 3032 1448 3110 πόλεις
1457 3035 1514 3096 καί
1525 3035 1563 3118 νή

305 3137 376 3198 Δία
400 3133 536 3217 πλούτῳ
559 3137 616 3200 καί
637 3137 820 3221 περιουσίᾳ
841 3138 898 3199 καί
919 3142 993 3212 τοῖς
1016 3134 1195 3222 δημοσίοις
1218 3135 1505 3225 οίκοδομήμασιν,·
1530 3136 1565 3198 δν

307 3236 343 3301 δέ
359 3240 460 3301 τσὺτδ
477 3239 581 3315 ἐστιν,
598 3227 626 3322 ᾤ
643 3235 920 3324 φιλοτιμούμεθα
939 3236 1056 3319 σχεδὸν
1071 3243 1160 3326 πρὸς
1177 3243 1332 3317 ἅπαντας
1347 3241 1565 3325 ἀνθρώπους,

305 3341 344 3401 τά
368 3341 454 3420 ἐχειν
477 3336 603 3424 ἀνδρας
626 3341 760 3416 ίκανοὺς
788 3343 844 3404 καί
872 3338 1000 3425 πρᾶξαι
1021 3344 1078 3406 καί
1100 3345 1226 3422 εἰπεῖν,
1256 3345 1313 3407 καί
1334 3345 1372 3406 τὸ
1394 3350 1565 3426 μέγιστον,

306 3441 510 3522 ἀγαπῶντας
532 3443 592 3528 τήν
615 3439 774 3528 πατρίδα.
812 3444 871 3506 ἐάν
894 3440 932 3506 δέ
953 3464 1006 3520 τις
1028 3447 1122 3525 ὑμῶν
1136 3452 1237 3508 τοῦτο
1253 3442 1433 3531 ἀφέληται,
1458 3447 1562 3520 ποίας
1581 3457 1611 3508 εδ

307 3607 482 3616 -ι---ι--.
495 3611 634 3618 ..ι-

394 3713 406 3763 1
425 3703 588 3781 χρήσεσθαι
605 3709 659 3764 ΒΜ
675 3706 822 3782 χρήσεσθε
839 3715 864 3778 (ε
880 3713 926 3766 tlt
945 3727 963 3766 ε
979 3712 1098 3779 corr.)U
1171 3717 1186 3768 2
1204 3715 1341 3771 καίεσθαι
1358 3715 1387 3769 Μ
1457 3709 1563 3773 mim

305 3793 341 3850 cf.
361 3793 593 3862 onxxxms
612 3794 778 3864 mne
829 3795 1027 3866 μεῖζονῦιυ.
1045 3813 1088 3866 pr.
1141 3791 1247 3856 έάλλίι
1266 3798 1296 3852 Μ
1354 3791 1459 3865 αὑτοὺς
1475 3798 1530 3853 ΜΤ

304 3883 418 3936 Monet
432 3878 503 3947 libri,
521 3895 590 3936 corr.
608 3880 688 3936 Dina.
762 3885 793 3936 12
811 3876 887 3951 πρὸς
904 3880 1000 3937 omn
1093 3886 1124 3938 13
1141 3877 1217 3956 πρὸς
1234 3882 1330 3938 οαν.Τ
1399 3878 1564 3955 Mam.

304 3967 369 4029 nec.)
386 3962 411 4020 U
494 3970 525 4021 11
543 3967 663 4036 τίμερον
681 3965 711 4018 Μ
800 3971 832 4022 15
850 3963 923 4037 ἡμᾶς
941 3965 1056 4035 Βεῐείτες
1075 3975 1219 4039 exspecto:
1238 3969 1385 4038 πείσωμεν
1403 3961 1563 4027 άτιοάοὺναι

304 4047 389 4116 εἴτις
406 4045 464 4123 ἄρα
483 4054 535 4106 etc.
591 4056 623 4107 18
641 4051 671 4109 άέ
688 4067 737 4122 pro
756 4071 788 4123 γε
806 4051 836 4105 Μ
888 4052 1161 4124 προεπανίστασθαι
1174 4051 1238 4108 wil.
1306 4054 1417 4126 μηάέΜ
1473 4047 1564 4127 ἀγνῶ-

302 4155 360 4204 μον
372 4134 421 4191 UT
492 4140 524 4191 19
542 4130 560 4208 ἢ
577 4131 634 4194 ποὺ
652 4157 680 4193 τι
697 4140 755 4202 (ταί
772 4130 912 4207 ήξιαίσατέ
930 4141 967 4202 τι)
984 4137 1054 4190 coni.
1072 4137 1152 4208 Emp.
1169 4132 1308 4209 ἠξιώσατε
1324 4133 1475 4210 (ἀκούειν)
1487 4139 1565 4196 Reis-

302 4220 379 4289 λείαις
402 4227 528 4276 neutrum
545 4221 649 4293 placet,
673 4222 721 4276 τεά
747 4221 908 4276 infinitivum
925 4220 1094 4277 intercidisse
1111 4238 1129 4277 ε
1146 4239 1199 4292 quo
1217 4219 1297 4298 παρὰ
1319 4223 1463 4294 penderet,
1489 4229 1565 4279 τεε1ε

302 4305 369 4362 vidit
380 4305 509 4362 Reiskius
561 4311 592 4361 21
607 4296 762 4364 ὑπανταΜ
814 4309 847 4360 22
860 4308 1054 4363 δυσκολαίνειν
1064 4306 1135 4374 libri,
1148 4322 1218 4364 corr.
1227 4308 1307 4379 Emp.
1360 4313 1394 4364 21
1405 4306 1469 4366 ἐστί
1479 4308 1529 4365 UT

303 4383 407 4457 αὐτους
423 4389 449 4446 U
467 4407 503 4444 m.
521 4391 612 4460 1)qu
674 4395 705 4445 25
725 4393 774 4462 τῆς
791 4390 854 4448 αδδ.
871 4390 935 4445 wil.
987 4395 1036 4447 καί
1052 4391 1187 4464 μέγιστος
1203 4393 1278 4450 UBT
1346 4397 1380 4448 26
1397 4389 1512 4452 ἀλλυῦ

302 4485 438 4547 φρονεῖτε
454 4475 570 4546 μίγαΒ
622 4479 653 4530 27
672 4474 939 4546 mmmmm„
957 4480 989 4531 ut
1005 4476 1111 4533 videtur
1168 4490 1230 4549 τοῖς
1247 4478 1335 4536 om.T
1387 4483 1420 4535 28
1433 4475 1563 4556 τοὺτφΒ
