3476 5264
356 375 419 435 304
735 428 738 432 ,
797 373 919 430 motus
937 370 1179 431 oflARmEMus

355 559 514 637 κρατῆρα,
536 554 595 613 τόν
617 569 653 632 γε
675 557 735 635 τῆς
752 549 991 635 Σωφροσύνης,
1008 544 1025 580 *
1041 544 1057 582 *
1073 541 1213 610 ἑστάναι
1229 540 1314 631 [γάρ]
1336 544 1487 623 πολλούς
1510 549 1547 609 ἐν
1570 545 1620 630 τῷ

356 660 448 736 μέσῳ
472 657 528 717 καί
550 651 777 739 διαφέροντας
799 660 841 737 τῇ
863 654 976 734 γεύσει
1006 652 1122 734 ὥσπερ
1154 648 1256 712 οἴνων
1286 646 1439 712 πολλῶν·
1463 647 1554 712 είναι
1579 644 1619 712 δὲ

357 758 479 831 αὐτούς
501 748 665 840 ἀργυροῦς
687 775 723 816 τε
745 756 802 817 καί
821 760 981 838 χρυσοῦς·
1012 754 1064 815 ἐτι
1093 748 1132 816 δὲ
1161 753 1218 814 καί
1248 745 1318 833 ζῷα
1346 747 1478 828 ἐξωθεν
1505 747 1616 832 κύκλῳ
1634 763 1719 811 116111

356 861 521 939 ἔχεινκαὶ
543 854 655 933 έλικάς
678 877 773 932 τινας
794 859 851 919 καί
866 857 1012 940 τορείας.
1056 857 1114 917 τόν
1138 850 1177 918 δὲ
1200 863 1259 940 τῆς
1278 855 1509 939 Σωφροσύνης
1526 849 1618 914 λεῖόν

354 982 391 1024 τε
415 960 503 1024 εἶναι
524 962 581 1023 καί
604 961 642 1022 ού
663 963 768 1040 μέγαν
790 961 846 1021 καί
868 960 916 1033 ὡς
938 959 980 1020 άν
1002 954 1138 1020 εἰκάσαι
1160 977 1213 1032 τις
1235 959 1323 1040 όρῶν
1342 953 1495 1036 χαλκοῦν.
1542 951 1614 1016 δεῖν
1639 967 1653 1014 ⁵

356 1064 415 1126 οὖν
430 1064 563 1126 ἐκεῖθεν
579 1057 841 1124 πολλαπλάσιον
858 1056 1092 1141 λαμβάνοντας
1106 1060 1163 1121 καί
1179 1055 1461 1141 ξυγκεραννύντας
1477 1058 1619 1138 σμικρόν

304 1168 345 1232 38
357 1186 392 1230 τι
413 1175 473 1252 τῆς
495 1162 617 1250 ἡδονῆς
641 1164 762 1226 πίνειν.
808 1162 860 1238 οίς
881 1163 943 1242 μέν
967 1161 1024 1224 ούν
1046 1163 1139 1224 ἐστιν
1163 1163 1182 1222 ό
1205 1163 1297 1235 Νοῦς
1321 1161 1484 1240 οἰνοχόος,
1509 1159 1620 1232 οὕτως

356 1270 537 1348 οἰνοχοεῖν,
563 1267 776 1352 φοβούμενον
796 1265 854 1327 καί
876 1268 1088 1348 προσέχοντα
1110 1265 1156 1348 μή
1183 1282 1230 1347 πη
1254 1271 1313 1348 της
1334 1266 1487 1346 κράσεως
1507 1262 1617 1343 άμαρ-

354 1371 421 1432 τῶν
445 1366 556 1455 σφήλῃ
579 1371 638 1431 τδν
662 1366 848 1448 δαιτυμόνα
870 1369 927 1429 καί
955 1362 1138 1450 καταβάλῃ.
1184 1368 1244 1451 τὴν
1267 1362 1302 1427 δέ
1322 1355 1520 1447 Ἀκράτειαν
1543 1367 1620 1437 τοῖς

353 1474 415 1552 μέν
444 1468 622 1546 πλείστοις
651 1472 797 1554 άκρατον
827 1472 886 1554 τήν
914 1466 1037 1554 ηδονην
1066 1470 1189 1550 ἐγχεῖν,
1220 1465 1305 1552 μηδὲ
1334 1468 1454 1551 μικρόν
1478 1483 1616 1550 σωφρο-
1644 1477 1718 1528 lom

358 1576 457 1658 σύνης
480 1575 798 1657 παραμιγνύουσαν,
820 1576 895 1646 τοῖς
919 1568 955 1634 δέ
979 1568 1093 1653 ὀλίγον
1115 1591 1150 1634 τι
1175 1566 1350 1644 παντελῶς
1374 1565 1472 1650 λόγου
1495 1570 1616 1630 ἐνεκεν.

355 1681 453 1736 τοῦτο
477 1671 513 1736 δέ
537 1675 641 1750 εύθύς
663 1669 817 1758 ἐξίτηλον
832 1674 1013 1755 γίγνεσθαι
1034 1675 1092 1736 καί
1113 1670 1274 1758 μηδαμοῦ
1289 1673 1489 1757 φαίνεσθαι.
1534 1673 1617 1746 τούς

354 1773 390 1838 δέ
414 1777 576 1851 πίνοντας
597 1779 642 1862 μὴ
668 1771 869 1852 διαλείπειν,
893 1769 969 1836 ἀλλ’
994 1778 1215 1859 ἐπισπέρχειν
1238 1795 1274 1838 τε
1298 1775 1401 1860 αύτην
1427 1776 1484 1836 καί
1504 1769 1618 1836 κελεύ-

354 1899 404 1942 ειν
426 1879 554 1942 θάττον
577 1881 665 1942 ἴέναι
688 1870 773 1963 παρ’
800 1879 938 1956 αύτούς,
960 1880 1018 1940 καί
1039 1874 1274 1962 προαρπάζειν
1298 1881 1448 1940 ἕκαστον.
1493 1878 1554 1960 την
1579 1873 1617 1937 δέ

352 1981 558 2063 ἐπείγεσθαι
585 1982 642 2044 καί
670 1984 881 2064 περιτρέχειν
911 1981 1173 2060 ἀσθμαίνουσαν
1202 1983 1260 2043 καί
1286 1983 1448 2065 ῥεομένην
1479 1975 1611 2061 ίδρῶτι.
1639 1987 1669 2039 15

302 2084 342 2147 39
355 2086 435 2159 τούς
455 2085 517 2162 μὲν
540 2083 598 2144 οδν
620 2084 748 2167 ἐκείνης
763 2085 965 2166 ἐστιάτορας
981 2083 1163 2163 ὀρχεῖσθαί
1185 2103 1221 2146 τε
1245 2084 1302 2145 καί
1322 2078 1505 2145 κυλίεσθαι
1528 2099 1615 2164 προ-

353 2188 546 2262 πίπτοντας
568 2188 604 2247 ἐν
632 2183 679 2266 τῷ
701 2190 813 2268 μέσῳ,
835 2187 892 2248 καί
912 2185 1089 2265 μάχεσθαι
1111 2187 1168 2248 καί
1189 2185 1282 2266 βοάν,
1306 2184 1362 2246 οία
1386 2181 1425 2269 δη
1451 2189 1615 2245 ποιοῦσιν

352 2290 387 2349 οί
400 2290 638 2368 μεθυσθέντες
652 2290 720 2351 ύπό
738 2287 848 2351 οἴνου·
872 2285 961 2374 πλην
976 2284 1071 2350 ούτοι
1086 2289 1147 2368 μέν
1169 2278 1230 2349 ἐπ’
1249 2283 1362 2368 ὀλίγον
1375 2287 1432 2349 καί
1446 2285 1613 2368 μετρίως·
1634 2297 1684 2346 (εει
1695 2298 1719 2340 ε.

351 2392 471 2470 μικρὸν
492 2391 555 2473 γάρ
578 2387 715 2472 ἐξαρκεῖ
732 2388 983 2473 καταδαρθεῖν,
1008 2391 1130 2452 ἐπειτα
1154 2391 1292 2470 ἄμεινον
1315 2393 1444 2452 ἐαυτῶν
1467 2389 1614 2468 ἐχουσιν,

352 2493 410 2554 ἅτε
433 2488 585 2578 ἐλαφρᾶς
609 2493 710 2578 οάσης
733 2501 792 2578 τῆς
814 2493 943 2576 μέθης·
968 2494 1001 2554 οί
1025 2491 1060 2554 δέ
1083 2494 1151 2555 ὑπό
1175 2500 1235 2578 τῆς
1249 2489 1372 2578 ηδσνῆς
1393 2490 1611 2574 καρωθέντες
1634 2499 1666 2550 1ο

352 2593 399 2667 ὡς
421 2594 462 2655 άν
490 2596 558 2657 ύπό
589 2596 805 2679 ἰσχυροτέρου
836 2597 992 2674 πόματος
1020 2597 1239 2675 κατεχόμενοι
1268 2585 1318 2658 δι’
1343 2591 1422 2657 όλου
1451 2599 1513 2654 τοῦ
1533 2592 1613 2672 βίου

350 2702 455 2757 ταῦτα
480 2703 631 2773 ποιοῦσι,
653 2698 710 2759 καί
732 2697 790 2759 ούκ
812 2697 905 2758 ἐστιν
921 2693 1160 2782 ἀπαλλαγῆναι
1184 2690 1318 2781 [ζῶσιν],
1342 2699 1373 2759 εἴ
1395 2697 1440 2780 μη
1464 2713 1500 2776 γε
1523 2695 1613 2755 άπο-

351 2797 528 2859 θανοῦσιν.
575 2796 674 2873 ούτος
702 2797 764 2880 γάρ
793 2799 901 2873 ύπνος
931 2799 1006 2861 ἐστί
1034 2806 1101 2862 τῶν
1133 2801 1242 2874 ούτως
1268 2799 1533 2879 μεθυσκομένων
1555 2798 1615 2858 καί

301 2901 341 2962 40
352 2903 456 2979 μόνος
479 2900 600 2975 αύτούς
630 2895 766 2985 ὠφελεῖ.
811 2897 936 2964 πολλοί
958 2899 994 2964 δέ
1023 2903 1080 2964 καί
1101 2899 1278 2983 ἐξεμοῦσιν
1305 2903 1373 2964 ύπδ
1397 2897 1613 2985 πλησμονῆς·

348 3002 496 3084 γίγνεται
526 2999 561 3065 δέ
591 3003 676 3083 μετά
707 3011 911 3087 σπαραγμοῦ
938 3023 974 3065 τε
1002 3006 1059 3067 καί
1086 3001 1196 3090 λύπης
1224 3013 1284 3090 τῆς
1311 3005 1455 3088 ἐσχάτης
1483 3004 1522 3063 τό
1545 3003 1607 3086 τὴν
1630 3015 1663 3063 15

349 3101 473 3189 ηδονην
494 3101 677 3185 ἐκβάλλειν.
714 3108 809 3180 όστις
832 3098 865 3168 δ’
892 3107 936 3168 δν
952 3108 1081 3191 ίσχύση,
1104 3101 1305 3193 κουφίζεται
1320 3108 1377 3169 καί
1390 3103 1475 3190 ῥᾷον
1499 3101 1612 3185 διάγει

348 3206 387 3266 τό
412 3203 544 3268 λοιπόν.
590 3208 745 3281 σπανίως
768 3204 804 3269 δὲ
827 3216 928 3270 τοῦτο
947 3210 1124 3291 συμβαίνει
1147 3212 1186 3271 τό
1202 3205 1336 3272 ἐθέλειν
1359 3205 1500 3288 ἐξεμεῖν,
1522 3203 1611 3268 ἀλλά

350 3302 438 3366 πολύ
452 3303 579 3386 μᾶλλον
593 3301 682 3390 (ἀεὶ)
697 3310 809 3373 πίνειν
825 3307 1015 3375 ἐθέλουσιν.
1046 3308 1123 3373 ούδέ
1138 3311 1203 3394 γάρ
1216 3313 1385 3374 παύονται
1400 3318 1462 3372 τοῦ
1473 3306 1611 3392 δίψους,

349 3398 425 3468 ἀλλ’
451 3409 505 3470 άεί
528 3407 757 3495 σφοδρότερον
787 3411 920 3490 έχουσι,
942 3414 1102 3497 καθάπερ
1131 3414 1169 3482 ,σί
1191 3411 1239 3494 τῷ
1262 3413 1342 3496 οἴνῳ
1367 3416 1500 3495 ἀκράτῳ
1522 3416 1611 3498 χρώ-

346 3511 452 3587 μένοι.
500 3509 594 3575 ούτοι
614 3514 676 3593 μέν
705 3513 763 3575 οδν
793 3516 945 3577 τοιοῦτοί
973 3516 1042 3578 είσι
1069 3516 1127 3577 καί
1151 3519 1413 3595 καταισχύνουσι
1434 3517 1491 3578 καί
1512 3515 1609 3600 ύβρί-
1631 3521 1662 3572 ³⁰

352 3639 743 3650 ———-—--——.———.
1099 3647 1250 3653 -.-—
1445 3649 1608 3657 -—-....

433 3697 445 3746 1
466 3689 568 3752 τόντε
586 3695 616 3750 Μ
685 3691 742 3768 γάρ
759 3711 812 3754 om.
825 3696 865 3752 Μ.
883 3695 1001 3754 fortune
1018 3697 1194 3754 Charidemus
1212 3699 1331 3767 scripsit:
1349 3705 1465 3758 κεῖσθαι
1481 3697 1538 3774 γάρ
1556 3699 1610 3761 ἕνα

344 3781 476 3851 κρατῆρα
493 3776 526 3836 ἐν
542 3785 584 3854 τῷ
600 3779 694 3855 μέσῳ,
717 3776 820 3854 τόνγε
838 3785 888 3854 τῆς
905 3783 1106 3855 σωφροσύνης,
1129 3777 1232 3855 ἡδονῆς
1255 3783 1285 3842 δέ
1302 3781 1428 3853 πολλοὺς
1444 3789 1493 3844 καί
1510 3788 1610 3860 διαφέ-

345 3879 451 3930 ροντας
473 3869 526 3920 ote.
614 3861 720 3924 ῦείναι
738 3867 834 3923 om.U
921 3871 965 3926 δεῖ
979 3868 1050 3934 libri,
1075 3883 1145 3924 corr.
1164 3869 1246 3940 Emp.
1351 3867 1491 3944 σμικρὸν
1507 3871 1537 3927 Μ

344 3937 506 4015 ῖαίποςΒ
574 3947 744 4024 ἐσφάληΒ
821 3953 851 4010 δέ
869 3949 979 4024 τυμάνα
995 3954 1026 4008 Μ
1104 3947 1247 4026 άκράτιαν
1264 3955 1294 4010 Μ
1373 3961 1404 4010 10
1423 3951 1537 4028 ἔχεινΒ

346 4036 375 4087 11
395 4051 427 4090 τε
445 4049 495 4104 pro
513 4035 581 4091 τιΒ
673 4031 800 4094 ἕνεκαΒ
899 4044 927 4094 11
944 4035 1088 4112 ἐξείτηλον
1105 4039 1135 4094 Μ
1230 4042 1363 4112 γίνεσθαι
1381 4040 1437 4096 UM
1524 4046 1556 4098 13
1575 4061 1609 4100 τε

344 4118 438 4173 omn
490 4113 783 4192 αύτῆν(ηεεοπ.)ὓ
837 4121 1074 4196 15ἐπίγεσθαιΜ
1129 4129 1159 4180 19
1171 4122 1302 4197 ἐξαρκεῖν
1314 4126 1362 4182 UB
1414 4121 1554 4185 δαυτδνΒ

345 4205 378 4255 1ο
389 4199 553 4276 ἐλαφράςῦ
566 4202 770 4280 ἐλαφρῶςΒΜ,
782 4223 851 4264 corr.
862 4208 942 4266 Dind.
995 4213 1027 4263 11
1040 4211 1129 4278 ζῦοιν
1139 4216 1296 4280 suspectum
1310 4211 1402 4267 Geelio
1415 4211 1479 4268 τεά.
1491 4212 1570 4282 Ειαρ.

343 4278 548 4346 άποῦάνουσιν
564 4289 594 4345 Μ
612 4285 804 4350 αἰιοθάνωσιν
822 4293 878 4358 UB,
897 4307 966 4349 corr.
986 4294 1066 4364 Emp.
1159 4299 1191 4351 13
1211 4287 1328 4354 ούτωΒ
1424 4295 1608 4367 11ἐξαιμοῦ-

344 4391 390 4428 σιν
406 4373 437 4427 Μ
506 4379 537 4430 15
556 4377 667 4447 γίνεται
686 4377 735 4433 UB
813 4382 846 4433 16
865 4371 899 4444 δς
916 4398 943 4435 τι
960 4379 990 4434 Μ
1068 4382 1101 4434 28
1120 4373 1168 4438 αἐί
1184 4381 1295 4448 inserui,
1312 4380 1455 4440 ἐπιπίνειν
1471 4380 1534 4437 wn.

344 4459 377 4512 19
395 4451 466 4516 am
486 4459 554 4517 εἴΜ
632 4457 747 4534 δ’χσυσιν
765 4463 812 4520 UB
898 4459 1034 4536 καθάπερ
1051 4495 1086 4507 -
1101 4460 1249 4538 χρώμενοι
1265 4482 1319 4524 om.
1337 4466 1386 4522 ΠΒ
1472 4469 1505 4522 30
1524 4455 1606 4526 οὗτοι

342 4542 397 4610 μὲν
413 4541 443 4597 Μ
465 4542 493 4600 οί
509 4545 563 4613 μέν
581 4545 630 4603 UB
