3520 5270
359 351 421 410 164
815 354 937 412 motus
956 356 1006 412 1>ss
1025 355 1164 412 GLORIA

358 535 425 592 τῶν
442 531 607 591 τοιούτων
632 517 651 613 ἢ
676 530 833 608 σώματος
855 520 1008 606 εὐτονίας
1030 519 1050 616 ἢ
1070 527 1188 593 λαλιάν
1202 538 1281 612 γοῦν
1297 535 1621 616 περιποιησάμενοι,

358 633 519 712 καθάπερ
538 634 769 714 ἐπτερωμένοι
782 636 886 712 μόνον
910 625 947 695 οὗ
969 626 1045 695 κατ’
1071 635 1205 718 ἄστρων
1229 637 1401 720 φέρονται,
1425 631 1623 718 δημαγωγοί

359 736 473 797 τεκαὶ
495 731 627 815 ξεναγοὶ
647 735 703 795 καί
727 737 891 819 σοφισταί
914 731 1103 817 λεγόμενοι,
1134 732 1259 821 δήμους
1280 737 1337 798 καί
1360 739 1541 820 σατράπας
1561 739 1620 800 καί
1634 752 1727 804 (ωσι)

357 836 518 920 μαθητάς
540 835 760 920 θηρεύοντες·
788 843 856 899 τῶν
879 834 915 899 δέ
938 833 1050 899 ἀλλων
1072 839 1212 912 ἕκαστος
1235 844 1302 900 τῶν
1331 835 1499 922 μηδεμίαν
1517 859 1620 924 χορη-

358 938 434 1019 γίαν
456 940 614 1017 ἐχόντων,
643 939 711 1000 ύπδ
736 934 771 1000 δέ
793 947 853 1025 τῆς
876 939 978 1025 αὐτῆς
1001 943 1103 1002 νόσου
1125 944 1374 1022 κρατουμένων,
1406 945 1622 1025 περιέρχεται
1643 953 1659 1002 ι

359 1042 447 1124 πρός
468 1043 582 1124 έτερον
605 1035 668 1116 ζῶν
690 1043 748 1103 καί
769 1041 804 1102 τί
825 1043 905 1122 περί
927 1042 1032 1104 αὐτοῦ
1053 1039 1142 1123 λέγει
1170 1063 1223 1117 τις
1247 1035 1452 1128 φροντίζων,
1474 1043 1536 1104 κάν
1556 1045 1619 1123 μέν

360 1143 536 1228 εὐφημήσῃ
555 1162 617 1221 τις,
641 1145 688 1218 ὡς
704 1141 822 1220 οἴεται,
845 1146 1011 1228 μακάριος
1025 1147 1081 1207 καί
1098 1141 1254 1229 φαιδρός,
1277 1146 1309 1206 εί
1324 1141 1360 1206 δέ
1375 1145 1432 1230 μή,
1456 1148 1618 1220 ταπεινός

359 1266 395 1308 τε
417 1247 474 1308 καί
493 1247 647 1331 κατηφὴς
667 1247 724 1307 καί
746 1253 901 1308 τοιοῦτον
924 1249 1024 1310 αύτδν
1047 1245 1136 1309 εἶναι
1158 1242 1303 1326 νομίζων
1326 1247 1448 1308 δποῖον
1474 1247 1515 1308 ἀν
1537 1244 1618 1330 εἴπῃ

359 1368 421 1422 τις.
471 1349 528 1410 καί
557 1344 691 1410 δίαιταν
718 1349 780 1427 μέν
808 1349 827 1434 ἢ
853 1346 946 1434 δίκην
969 1350 1009 1410 ἀν
1032 1351 1088 1434 έχη
1120 1352 1207 1432 πρός
1236 1370 1328 1425 τινα,
1360 1349 1418 1410 ούκ
1446 1344 1544 1424 ἀξιοῖ
1559 1350 1618 1410 τδν

361 1448 536 1536 διαιτητὴν
556 1451 576 1534 ἡ
600 1453 659 1512 τδν
682 1447 841 1536 δικαστὴν
864 1457 937 1526 τοῖς
959 1459 1097 1531 τυχοῦσι
1115 1455 1294 1535 προσέχειν
1316 1453 1491 1534 μάρτυσιν,
1515 1449 1616 1524 αὐτὸς
1641 1466 1669 1515 w

312 1565 351 1628 13
363 1546 395 1616 δ’
413 1555 500 1633 ὑπὲρ
516 1556 639 1614 έαυτού
652 1555 784 1628 πάντας
799 1549 983 1637 ἀξιόχρεως
998 1558 1137 1636 ἡγεῖται.
1168 1555 1203 1616 τί
1218 1551 1257 1639 δὴ
1273 1551 1618 1636 κακοδαιμονέστερον

361 1655 559 1738 ἀνθρώπων
581 1645 639 1717 ἐπ’
664 1651 782 1730 ἀλλοις
803 1661 965 1736 κειμένων
992 1659 1049 1719 καί
1078 1659 1136 1719 τόν
1160 1657 1364 1718 ἀπαντῶντα
1391 1658 1506 1739 κύριον
1528 1657 1619 1734 έχόν·

360 1778 437 1834 των,
459 1759 547 1840 πρδς
562 1757 600 1819 δν
616 1758 668 1820 ἀεί
682 1755 821 1838 βλέπειν
838 1759 961 1843 ἀνάγκη
978 1761 1034 1822 καί
1051 1764 1191 1822 σκοπεῖν
1206 1761 1244 1821 τό
1261 1763 1450 1843 πρόσωπον
1466 1759 1619 1832 έκάστου,

359 1859 519 1941 καθάπερ
542 1863 615 1934 τοῖς
639 1861 786 1935 οἰκέταις
807 1862 846 1922 τδ
862 1868 930 1923 τῶν
945 1858 1122 1928 δεσποτῶν
1129 1883 1141 1938 ;
1164 1868 1259 1924 πᾶσα
1281 1864 1342 1941 μέν
1367 1861 1424 1923 οδν
1447 1862 1521 1922 έστι
1543 1855 1619 1920 δου-

361 1957 436 2023 λεία
449 1956 598 2044 χαλεπή·
623 1962 702 2036 τούς
718 1957 753 2022 δέ
770 1962 840 2023 ἀπδ
856 1963 956 2047 τύχης
971 1963 1006 2024 έν
1025 1963 1115 2044 οίκίρ
1137 1965 1276 2046 τοιαύτη
1294 1959 1523 2039 δουλεύοντας,
1546 1950 1619 2044 ένῇ
1642 1975 1671 2026 15

361 2060 420 2125 δύο
442 2064 462 2147 ἡ
486 2067 577 2146 τρεῖς
598 2060 776 2140 δεσπόται,
798 2065 854 2126 καλ
876 2071 980 2126 ταῦτα
1003 2071 1079 2140 ταῖς
1100 2085 1137 2128 τε
1157 2061 1305 2150 ηλικίοις
1319 2067 1376 2128 καί
1390 2070 1466 2140 τοῖς
1489 2065 1614 2150 φύσεσι
1625 2081 1747 2132 ‹mu›

361 2162 525 2250 διάφοροι
547 2161 642 2246 (λέγω
668 2162 704 2227 δέ
720 2167 912 2251 πρεσβύτης
934 2163 1158 2248 ἀνελεύθερος
1180 2169 1236 2229 καί
1257 2170 1378 2229 τούτου
1400 2164 1523 2242 παῖδες
1545 2187 1620 2230 νεα-

361 2268 471 2330 νίσκοι
495 2269 607 2330 πίνειν
629 2269 685 2330 καί
708 2268 851 2330 σπαθᾶν
874 2265 1048 2344 θέλοντες)
1071 2271 1123 2344 τίς
1139 2270 1198 2331 ούκ
1213 2270 1253 2332 ἀν
1269 2276 1336 2331 τῶν
1352 2266 1463 2331 ἀλλων
1482 2271 1620 2331 οἰκετῶν

362 2364 598 2453 ὁμολογήσειεν
627 2365 878 2452 ἀθλιωτέρους,
908 2373 988 2432 δταν
1017 2373 1200 2446 τοσούτους
1230 2368 1287 2454 δέῃ
1311 2373 1535 2456 θεραπεύειν,
1564 2373 1621 2434 καὶ

313 2475 491 2541 14τούτων
513 2473 654 2534 ἕκαστον
676 2468 758 2532 ἀλλο
782 2491 815 2533 τι
837 2469 1041 2553 βουλόμενον
1063 2475 1119 2536 καὶ
1151 2476 1425 2554 προστάττοντα;
1453 2475 1484 2536 εί
1507 2470 1546 2535 δέ
1566 2494 1619 2547 τις
1641 2487 1671 2537 κο

363 2571 527 2659 δημόσιος
544 2573 676 2657 οἰκέτης
691 2571 754 2658 εἴη,
771 2575 969 2658 πρεσβυτῶν
985 2567 1030 2660 [ἢ]
1047 2576 1240 2652 νεανίσκων,
1256 2577 1420 2660 πενήτων,
1438 2572 1622 2651 πλουσίων,

362 2677 514 2752 ἀσώτων,
539 2670 764 2758 φιλαργύρων,
788 2679 890 2748 ποῖός
912 2695 965 2750 τις
988 2677 1028 2738 ἀν
1053 2677 1071 2737 ό
1093 2685 1249 2752 τοιοῦτος
1273 2677 1325 2763 εἴη
1333 2700 1346 2754 ,·
1454 2677 1551 2758 οἶμαι
1574 2676 1622 2760 ἀὲ,

363 2776 399 2840 εί
416 2799 468 2852 τις
490 2778 526 2840 έν
541 2780 681 2861 τοιαύτῃ
699 2774 799 2840 πόλει
811 2779 966 2862 χρήματα
981 2779 1065 2857 έχων
1082 2775 1283 2864 ἠναγκάζετο
1299 2781 1405 2861 βιοῦν,
1428 2770 1501 2864 ένῇ
1517 2787 1624 2843 πᾶσιν

362 2875 439 2965 έξῆν
462 2873 626 2963 ἀρπάζειν
648 2880 690 2940 τά
713 2887 775 2940 τού
795 2876 902 2955 πέλας
919 2882 976 2943 καί
997 2877 1115 2966 μηδείς
1137 2885 1240 2961 νόμος
1262 2879 1395 2959 ἐκώλυε,
1419 2890 1623 2967 παραχρῆμα

363 2982 404 3044 ἀν
426 2981 559 3066 ἀπέστη
581 2987 649 3042 τῶν
669 2984 867 3065 χρημάτων,
891 2985 922 3045 εί
944 2984 1000 3046 καί
1023 2979 1228 3069 φιλαργυρίᾳ
1250 2987 1330 3061 τούς
1353 2987 1495 3048 πώποτε
1517 2987 1618 3067 ύπερ-
1642 2997 1673 3048 25

362 3078 526 3167 βεβλήκει.
563 3089 663 3145 τούτο
680 3081 719 3169 δὴ
744 3091 800 3146 νύν
822 3087 882 3148 ἐπὶ
904 3093 964 3171 τῆς
980 3082 1081 3171 δόξης
1096 3088 1198 3149 ἐστίν.
1236 3089 1372 3172 ἐφεῖται
1386 3089 1449 3172 γάρ
1472 3090 1522 3163 είς
1544 3090 1622 3148 ταύ-

363 3206 423 3269 την
438 3182 485 3266 τῷ
500 3181 694 3268 βουλομένῳ
711 3187 786 3248 τινά
801 3183 968 3268 βλάπτειν
983 3191 1040 3252 καί
1057 3185 1181 3273 πολίτη
1204 3190 1261 3252 καλ
1283 3186 1364 3272 ξένῳ
1388 3191 1445 3253 καί
1466 3191 1621 3271 μετοίκῳ.

316 3292 439 3361 15τοῖς
461 3287 597 3367 ἀτίμοις
618 3289 766 3370 ἀβίωτος
789 3285 934 3372 εὐλόγως
958 3291 976 3351 ό
997 3291 1074 3372 βίος
1093 3293 1262 3377 φαίνεται,
1284 3293 1341 3354 καί
1356 3288 1480 3355 πολλοὶ
1494 3288 1623 3372 μᾶλλον

364 3390 540 3473 αίρούνται
562 3391 715 3453 θάνατον
736 3392 756 3476 ἢ
781 3386 838 3477 ζῆν
853 3394 913 3478 τὴν
936 3394 1113 3474 έπιτιμίαν
1137 3391 1379 3475 ἀποβαλόντες,
1403 3397 1456 3457 ότι
1473 3392 1521 3476 τῷ
1544 3394 1622 3456 έθε-

364 3486 504 3577 λησαντι
524 3495 664 3555 τύπτειν
686 3490 797 3570 έξεστι
817 3497 873 3557 καί
887 3493 1027 3572 κόλασις
1043 3498 1101 3559 ούκ
1122 3499 1215 3561 έστιν
1237 3495 1377 3578 οὐδεμία
1400 3505 1460 3560 τοῦ
1483 3515 1617 3581 προπη-
1639 3507 1671 3557 οι)

365 3591 566 3672 λακίζοντος.
605 3597 722 3658 ούκούν
737 3598 795 3658 τόν
812 3594 1001 3675 δοξοκόπον
1017 3601 1147 3662 ἅπασιν
1163 3596 1275 3677 έξεστι
1289 3603 1429 3663 τύπτειν
1446 3597 1492 3681 τῴ
1516 3600 1621 3660 παντί
1634 3613 1686 3662 (σου
1700 3613 1729 3657 m

452 3837 616 3911 Ιεδτονίας
632 3847 738 3915 scripsi,
758 3838 939 3916 ἢάκονοίας
955 3846 1017 3900 libri
1085 3843 1168 3904 λαλιὰ
1186 3847 1208 3901 Ρ
1227 3862 1262 3902 m.
1280 3863 1323 3916 pr.
1389 3841 1488 3918 2μετ’
1507 3845 1625 3920 ἄστρων

366 3927 459 3983 Ηνεδι
526 3933 618 4000 δζῶν
636 3929 737 3986 UBMP
755 3931 891 4002 ζητῶνΗ
961 3923 1085 3988 Θαάτὸν
1104 3929 1178 3986 ΗΡΗ
1236 3929 1350 3990 είιιειΡ
1423 3938 1450 3987 11
1471 3933 1572 3990 δὲΒΜ

365 4009 454 4070 αύτού
471 4013 550 4068 ΡΗΜ
619 4009 786 4086 ἀξιόχρεους
804 4013 853 4068 ΡΗ
941 4019 972 4069 12
989 4013 1050 4071 τάν
1067 4030 1116 4084 pro
1135 4011 1188 4072 τὸν
1205 4017 1239 4082 (ί)
1257 4017 1286 4069 Μ
1355 4013 1556 4074 ἀπατῶνταΒ

367 4104 398 4154 15
416 4096 534 4172 τοιαύτη
551 4101 638 4171 Emp„
656 4105 692 4173 τῇ
709 4094 781 4173 αὐτῇ
798 4102 860 4157 libri
928 4097 960 4156 έν
977 4091 995 4172 ᾗ
1015 4101 1084 4156 UBP
1102 4099 1154 4158 ἐὰν
1171 4091 1189 4173 ἦ
1208 4103 1236 4156 Μ
1254 4092 1286 4172 ἧς
1304 4101 1329 4156 Η
1390 4106 1420 4156 16
1437 4100 1512 4159 κατὰ
1534 4095 1623 4157 ταύτύ

366 4184 395 4238 M
412 4179 479 4241 κατ’
497 4179 570 4244 αὐτὰ
588 4189 721 4241 mutatum
738 4186 767 4241 in
785 4190 834 4242 καί
851 4189 941 4243 ταῦτα
960 4185 985 4239 Η
1036 4186 1067 4243 δέ
1084 4201 1135 4255 pro
1152 4206 1185 4243 τε
1203 4187 1232 4240 Η
1287 4190 1318 4240 18
1337 4189 1488 4242 σπαταλάν
1506 4183 1553 4235 ΡΗ

365 4274 397 4324 20
416 4274 522 4328 τοῦτον
538 4271 561 4324 Ρ
630 4267 844 4344 βουλευόμενον
861 4270 887 4324 Η
956 4274 983 4324 21
1005 4265 1024 4342 ἢ
1042 4270 1153 4326 seclusit
1170 4270 1271 4326 Roiske
1340 4273 1372 4324 2²
1390 4263 1621 4340 φιλαργύρων-

365 4359 398 4408 23
415 4348 594 4428 ἠναγκάζετο
611 4355 640 4410 in
657 4371 723 4422 οδες.
742 4354 829 4425 suppl.
849 4353 870 4407 P
945 4357 978 4409 26
996 4354 1101 4409 malim:
1119 4347 1208 4412 ταδτδ
1227 4351 1260 4424 δὴ
1278 4355 1320 4409 vel
1337 4357 1424 4411 τοῦτο
1443 4353 1473 4410 δὲ
1490 4355 1554 4419 κοίη
1572 4355 1623 4408 νῦν

364 4440 494 4496 dohwil.
562 4437 701 4511 έφεῖταΡ
754 4443 786 4494 28
805 4433 878 4496 πολὺ
896 4453 946 4506 pro
964 4443 1067 4497 πολλοί
1086 4437 1134 4494 UB
1187 4443 1219 4494 29
1237 4431 1478 4512 ἀποβάλοντεςΒ
1532 4427 1577 4494 δ’τι
1595 4438 1623 4491 iu

364 4538 462 4579 rasura
480 4525 505 4578 Η
575 4530 608 4582 30
626 4519 703 4583 ἔστιν
722 4517 839 4593 ου’δεμία
856 4522 963 4592 Ρδιιχίι,
981 4519 1059 4582 ἔστιν
1076 4525 1132 4582 ἰδία
1151 4523 1230 4581 UBM
1247 4518 1306 4582 ἔστι
1325 4519 1358 4596 νὴ
1375 4525 1420 4580 δία
1438 4521 1487 4578 ΡΗ
