<?xml version="1.0" encoding="UTF-8"?>
<!DOCTYPE html PUBLIC "-//W3C//DTD XHTML 1.0 Transitional//EN"
    "http://www.w3.org/TR/xhtml1/DTD/xhtml1-transitional.dtd">
<html xmlns="http://www.w3.org/1999/xhtml" xml:lang="en" lang="en">
 <head>
  <title>
</title>
<meta http-equiv="Content-Type" content="text/html;charset=utf-8" />
  <meta name='ocr-system' content='tesseract 3.04.00' />
  <meta name='ocr-capabilities' content='ocr_page ocr_carea ocr_par ocr_line ocrx_word'/>
</head>
<body>
  <div class='ocr_page' id='page_1' title='image "./quaeexstantomni01diogoog_0472.png"; bbox 0 0 3454 5272; ppageno 0'>
   <div class='ocr_carea' id='block_1_1' title="bbox 372 401 1373 472">
    <p class='ocr_par' dir='ltr' id='par_1_1' title="bbox 372 401 1373 472">
     <span class='ocr_line' id='line_1_1' title="bbox 372 401 1373 472; baseline 0.009 -17"><span class='ocrx_word' id='word_1_1' title='bbox 372 401 599 459; x_wconf 81' lang='lat' dir='ltr'><strong>TESTIMONIA</strong></span> <span class='ocrx_word' id='word_1_2' title='bbox 616 401 669 457; x_wconf 81' lang='lat' dir='ltr'><strong><em>DE</em></strong></span> <span class='ocrx_word' id='word_1_3' title='bbox 686 401 778 458; x_wconf 76' lang='lat' dir='ltr'><strong><em>vm</em></strong></span> <span class='ocrx_word' id='word_1_4' title='bbox 795 401 919 458; x_wconf 85' lang='lat' dir='ltr'>DIONIS</span> <span class='ocrx_word' id='word_1_5' title='bbox 938 401 1123 472; x_wconf 84' lang='lat' dir='ltr'><strong>(PHOTIUS).</strong></span> <span class='ocrx_word' id='word_1_6' title='bbox 1312 405 1373 464; x_wconf 82' lang='lat'><strong><em>323</em></strong></span> 
     </span>
    </p>
   </div>
   <div class='ocr_carea' id='block_1_2' title="bbox 6 569 1424 4546">
    <p class='ocr_par' dir='ltr' id='par_1_2' title="bbox 41 569 1422 1890">
     <span class='ocr_line' id='line_1_2' title="bbox 118 569 1373 662; baseline 0.003 -24"><span class='ocrx_word' id='word_1_7' title='bbox 118 573 153 638; x_wconf 88' lang='grc' dir='ltr'><strong><em>δέ</em></strong></span> <span class='ocrx_word' id='word_1_8' title='bbox 176 578 257 660; x_wconf 89' lang='grc' dir='ltr'><strong><em>περί</em></strong></span> <span class='ocrx_word' id='word_1_9' title='bbox 278 577 440 657; x_wconf 77' lang='grc' dir='ltr'><strong><em>ὁμονοίας</em></strong></span> <span class='ocrx_word' id='word_1_10' title='bbox 461 585 521 662; x_wconf 83' lang='grc' dir='ltr'><strong><em>τῆς</em></strong></span> <span class='ocrx_word' id='word_1_11' title='bbox 544 580 632 662; x_wconf 87' lang='grc' dir='ltr'><strong><em>πρὸς</em></strong></span> <span class='ocrx_word' id='word_1_12' title='bbox 653 579 733 653; x_wconf 90' lang='grc' dir='ltr'><strong><em>τούς</em></strong></span> <span class='ocrx_word' id='word_1_13' title='bbox 748 579 944 661; x_wconf 83' lang='grc' dir='ltr'><strong><em>Προυσαεῖς</em></strong></span> <span class='ocrx_word' id='word_1_14' title='bbox 966 575 1161 660; x_wconf 86' lang='grc' dir='ltr'><strong><em>παρακαλεῖ</em></strong></span> <span class='ocrx_word' id='word_1_15' title='bbox 1178 581 1257 654; x_wconf 86' lang='grc' dir='ltr'><strong><em>τούς</em></strong></span> <span class='ocrx_word' id='word_1_16' title='bbox 1267 569 1373 642; x_wconf 85' lang='grc' dir='ltr'><strong><em>Ἀπα-</em></strong></span> 
     </span>
     <span class='ocr_line' id='line_1_3' title="bbox 115 675 1374 764; baseline 0.003 -24"><span class='ocrx_word' id='word_1_17' title='bbox 115 683 208 758; x_wconf 89' lang='grc' dir='ltr'><strong><em>μέας.</em></strong></span> <span class='ocrx_word' id='word_1_18' title='bbox 261 679 280 740; x_wconf 85' lang='grc' dir='ltr'><strong><em>δ</em></strong></span> <span class='ocrx_word' id='word_1_19' title='bbox 309 675 345 741; x_wconf 83' lang='grc' dir='ltr'><strong><em>δέ</em></strong></span> <span class='ocrx_word' id='word_1_20' title='bbox 367 675 419 741; x_wconf 93' lang='grc' dir='ltr'><strong><em>κε’</em></strong></span> <span class='ocrx_word' id='word_1_21' title='bbox 445 676 593 757; x_wconf 78' lang='grc' dir='ltr'><strong><em>διάλεξίς</em></strong></span> <span class='ocrx_word' id='word_1_22' title='bbox 622 681 714 742; x_wconf 89' lang='grc' dir='ltr'><strong><em>ἐστιν</em></strong></span> <span class='ocrx_word' id='word_1_23' title='bbox 737 682 772 742; x_wconf 91' lang='grc' dir='ltr'><strong><em>έν</em></strong></span> <span class='ocrx_word' id='word_1_24' title='bbox 801 686 843 764; x_wconf 81' lang='grc' dir='ltr'><strong><em>τῇ</em></strong></span> <span class='ocrx_word' id='word_1_25' title='bbox 866 676 1017 762; x_wconf 90' lang='grc' dir='ltr'><strong><em>πατρίδι.</em></strong></span> <span class='ocrx_word' id='word_1_26' title='bbox 1063 681 1201 761; x_wconf 81' lang='grc' dir='ltr'><strong><em>ἄγνοιαν</em></strong></span> <span class='ocrx_word' id='word_1_27' title='bbox 1232 679 1267 744; x_wconf 86' lang='grc' dir='ltr'><strong><em>δέ</em></strong></span> <span class='ocrx_word' id='word_1_28' title='bbox 1289 683 1374 744; x_wconf 82' lang='grc' dir='ltr'><strong><em>ὑπο-</em></strong></span> 
     </span>
     <span class='ocr_line' id='line_1_4' title="bbox 117 773 1375 867; baseline 0.004 -26"><span class='ocrx_word' id='word_1_29' title='bbox 117 777 303 843; x_wconf 88' lang='grc' dir='ltr'><strong><em>πλάττεται</em></strong></span> <span class='ocrx_word' id='word_1_30' title='bbox 325 789 384 867; x_wconf 81' lang='grc' dir='ltr'><strong><em>τῆς</em></strong></span> <span class='ocrx_word' id='word_1_31' title='bbox 408 784 520 857; x_wconf 92' lang='grc' dir='ltr'><strong><em>αἰτίας</em></strong></span> <span class='ocrx_word' id='word_1_32' title='bbox 537 783 556 844; x_wconf 86' lang='grc' dir='ltr'><strong><em>δ</em></strong></span> <span class='ocrx_word' id='word_1_33' title='bbox 572 779 819 864; x_wconf 89' lang='grc' dir='ltr'><strong><em>διαλεγόμενος,</em></strong></span> <span class='ocrx_word' id='word_1_34' title='bbox 843 773 891 844; x_wconf 73' lang='grc' dir='ltr'><strong><em>δι’</em></strong></span> <span class='ocrx_word' id='word_1_35' title='bbox 916 783 956 865; x_wconf 82' lang='grc' dir='ltr'><strong><em>ἢν</em></strong></span> <span class='ocrx_word' id='word_1_36' title='bbox 970 778 1076 866; x_wconf 81' lang='grc' dir='ltr'><strong><em>μηδὲν</em></strong></span> <span class='ocrx_word' id='word_1_37' title='bbox 1088 784 1254 866; x_wconf 76' lang='grc' dir='ltr'><strong><em>χρήσιμον</em></strong></span> <span class='ocrx_word' id='word_1_38' title='bbox 1270 785 1375 847; x_wconf 80' lang='grc' dir='ltr'><strong><em>αὑτοῦ</em></strong></span> 
     </span>
     <span class='ocr_line' id='line_1_5' title="bbox 116 880 1371 970; baseline 0.002 -26"><span class='ocrx_word' id='word_1_39' title='bbox 116 891 182 946; x_wconf 86' lang='grc' dir='ltr'><strong><em>τῶν</em></strong></span> <span class='ocrx_word' id='word_1_40' title='bbox 212 880 318 966; x_wconf 90' lang='grc' dir='ltr'><strong><em>λόγων</em></strong></span> <span class='ocrx_word' id='word_1_41' title='bbox 348 881 630 970; x_wconf 77' lang='grc' dir='ltr'><strong><em>προβεβλημένων</em></strong></span> <span class='ocrx_word' id='word_1_42' title='bbox 658 881 766 969; x_wconf 78' lang='grc' dir='ltr'><strong><em>ηδέως</em></strong></span> <span class='ocrx_word' id='word_1_43' title='bbox 793 884 851 946; x_wconf 89' lang='grc' dir='ltr'><strong><em>καί</em></strong></span> <span class='ocrx_word' id='word_1_44' title='bbox 879 884 1071 959; x_wconf 74' lang='grc' dir='ltr'><strong><em>ποθοῦντες</em></strong></span> <span class='ocrx_word' id='word_1_45' title='bbox 1094 884 1264 948; x_wconf 79' lang='grc' dir='ltr'><strong><em>ἀκούουσι.</em></strong></span> <span class='ocrx_word' id='word_1_46' title='bbox 1308 905 1371 948; x_wconf 88' lang='grc' dir='ltr'><strong><em>πο-</em></strong></span> 
     </span>
     <span class='ocr_line' id='line_1_6' title="bbox 117 983 1409 1071; baseline 0.006 -24"><span class='ocrx_word' id='word_1_47' title='bbox 117 983 242 1061; x_wconf 84' lang='grc' dir='ltr'><strong><em>λιτικός</em></strong></span> <span class='ocrx_word' id='word_1_48' title='bbox 265 983 303 1048; x_wconf 91' lang='grc' dir='ltr'><strong><em>δέ</em></strong></span> <span class='ocrx_word' id='word_1_49' title='bbox 323 988 398 1049; x_wconf 87' lang='grc' dir='ltr'><strong><em>ἐστι</em></strong></span> <span class='ocrx_word' id='word_1_50' title='bbox 419 984 468 1069; x_wconf 78' lang='grc' dir='ltr'><strong><em>τῷ</em></strong></span> <span class='ocrx_word' id='word_1_51' title='bbox 489 985 543 1065; x_wconf 86' lang='grc' dir='ltr'><strong><em>κς’</em></strong></span> <span class='ocrx_word' id='word_1_52' title='bbox 574 987 808 1071; x_wconf 77' lang='grc' dir='ltr'><strong><em>ηέπιγραφη,</em></strong></span> <span class='ocrx_word' id='word_1_53' title='bbox 840 988 897 1048; x_wconf 87' lang='grc' dir='ltr'><strong><em>καί</em></strong></span> <span class='ocrx_word' id='word_1_54' title='bbox 926 983 1058 1071; x_wconf 83' lang='grc' dir='ltr'><strong><em>εἴρηται</em></strong></span> <span class='ocrx_word' id='word_1_55' title='bbox 1086 988 1122 1048; x_wconf 93' lang='grc' dir='ltr'><strong><em>ἐν</em></strong></span> <span class='ocrx_word' id='word_1_56' title='bbox 1150 994 1192 1071; x_wconf 79' lang='grc' dir='ltr'><strong><em>τῇ</em></strong></span> <span class='ocrx_word' id='word_1_57' title='bbox 1220 985 1409 1067; x_wconf 78' lang='grc' dir='ltr'><strong><em>πατρίδι,ό</em></strong></span> 
     </span>
     <span class='ocr_line' id='line_1_7' title="bbox 117 1081 1372 1174; baseline 0.002 -24"><span class='ocrx_word' id='word_1_58' title='bbox 117 1089 232 1170; x_wconf 84' lang='grc' dir='ltr'><strong><em>ὥσπερ</em></strong></span> <span class='ocrx_word' id='word_1_59' title='bbox 261 1090 317 1151; x_wconf 91' lang='grc' dir='ltr'><strong><em>καί</em></strong></span> <span class='ocrx_word' id='word_1_60' title='bbox 347 1090 365 1149; x_wconf 89' lang='grc' dir='ltr'><strong><em>ό</em></strong></span> <span class='ocrx_word' id='word_1_61' title='bbox 404 1086 542 1174; x_wconf 85' lang='grc' dir='ltr'><strong><em>ἐφεξῆς,</em></strong></span> <span class='ocrx_word' id='word_1_62' title='bbox 580 1084 867 1174; x_wconf 89' lang='grc' dir='ltr'><strong><em>φιλοφρονητικδς</em></strong></span> <span class='ocrx_word' id='word_1_63' title='bbox 895 1089 1055 1170; x_wconf 78' lang='grc' dir='ltr'><strong><em>ὑπάρχων</em></strong></span> <span class='ocrx_word' id='word_1_64' title='bbox 1092 1089 1175 1172; x_wconf 73' lang='grc' dir='ltr'><strong><em>αὐτῇ</em></strong></span> <span class='ocrx_word' id='word_1_65' title='bbox 1210 1081 1293 1150; x_wconf 72' lang='grc' dir='ltr'><strong><em>ἀνθ’</em></strong></span> <span class='ocrx_word' id='word_1_66' title='bbox 1326 1089 1372 1153; x_wconf 81' lang='grc' dir='ltr'><strong><em>ὧν</em></strong></span> 
     </span>
     <span class='ocr_line' id='line_1_8' title="bbox 115 1187 1373 1276; baseline 0.003 -25"><span class='ocrx_word' id='word_1_67' title='bbox 115 1195 230 1269; x_wconf 85' lang='grc' dir='ltr'><strong><em>τιμαῖς</em></strong></span> <span class='ocrx_word' id='word_1_68' title='bbox 252 1193 311 1252; x_wconf 90' lang='grc' dir='ltr'><strong><em>τδν</em></strong></span> <span class='ocrx_word' id='word_1_69' title='bbox 335 1187 648 1276; x_wconf 74' lang='grc' dir='ltr'><strong><em>φιλοφρονούμενον</em></strong></span> <span class='ocrx_word' id='word_1_70' title='bbox 671 1187 851 1267; x_wconf 84' lang='grc' dir='ltr'><strong><em>ἐδεξιοῦτο.</em></strong></span> <span class='ocrx_word' id='word_1_71' title='bbox 904 1187 1138 1272; x_wconf 85' lang='grc' dir='ltr'><strong><em>δπολογισμδς</em></strong></span> <span class='ocrx_word' id='word_1_72' title='bbox 1168 1187 1206 1252; x_wconf 89' lang='grc' dir='ltr'><strong><em>δέ</em></strong></span> <span class='ocrx_word' id='word_1_73' title='bbox 1233 1193 1326 1254; x_wconf 92' lang='grc' dir='ltr'><strong><em>ἐστιν</em></strong></span> <span class='ocrx_word' id='word_1_74' title='bbox 1354 1194 1373 1255; x_wconf 85' lang='grc' dir='ltr'><strong><em>δ</em></strong></span> 
     </span>
     <span class='ocr_line' id='line_1_9' title="bbox 113 1285 1372 1380; baseline 0.002 -25"><span class='ocrx_word' id='word_1_75' title='bbox 113 1285 189 1371; x_wconf 81' lang='grc' dir='ltr'><strong><em>μετ’</em></strong></span> <span class='ocrx_word' id='word_1_76' title='bbox 209 1293 339 1370; x_wconf 88' lang='grc' dir='ltr'><strong><em>αύτούς,</em></strong></span> <span class='ocrx_word' id='word_1_77' title='bbox 362 1295 458 1369; x_wconf 92' lang='grc' dir='ltr'><strong><em>όπως</em></strong></span> <span class='ocrx_word' id='word_1_78' title='bbox 474 1290 616 1356; x_wconf 86' lang='grc' dir='ltr'><strong><em>διέκειτο</em></strong></span> <span class='ocrx_word' id='word_1_79' title='bbox 639 1295 727 1377; x_wconf 84' lang='grc' dir='ltr'><strong><em>πρὸς</em></strong></span> <span class='ocrx_word' id='word_1_80' title='bbox 749 1295 809 1377; x_wconf 77' lang='grc' dir='ltr'><strong><em>τήν</em></strong></span> <span class='ocrx_word' id='word_1_81' title='bbox 829 1290 988 1376; x_wconf 90' lang='grc' dir='ltr'><strong><em>πατρίδα.</em></strong></span> <span class='ocrx_word' id='word_1_82' title='bbox 1028 1289 1098 1354; x_wconf 84' lang='grc' dir='ltr'><strong><em>όδέ</em></strong></span> <span class='ocrx_word' id='word_1_83' title='bbox 1114 1289 1158 1353; x_wconf 76' lang='grc' dir='ltr'><strong><em>θ’</em></strong></span> <span class='ocrx_word' id='word_1_84' title='bbox 1175 1293 1231 1355; x_wconf 86' lang='grc' dir='ltr'><strong><em>καί</em></strong></span> <span class='ocrx_word' id='word_1_85' title='bbox 1245 1288 1280 1355; x_wconf 84' lang='grc' dir='ltr'><strong><em>κ’</em></strong></span> <span class='ocrx_word' id='word_1_86' title='bbox 1305 1298 1372 1380; x_wconf 87' lang='grc' dir='ltr'><strong><em>πρὸ</em></strong></span> 
     </span>
     <span class='ocr_line' id='line_1_10' title="bbox 114 1385 1370 1483; baseline 0.004 -28"><span class='ocrx_word' id='word_1_87' title='bbox 114 1403 176 1456; x_wconf 80' lang='grc' dir='ltr'><strong><em>τοῦ</em></strong></span> <span class='ocrx_word' id='word_1_88' title='bbox 197 1392 402 1480; x_wconf 82' lang='grc' dir='ltr'><strong><em>φιλοσοφεῖν</em></strong></span> <span class='ocrx_word' id='word_1_89' title='bbox 423 1397 484 1476; x_wconf 78' lang='grc' dir='ltr'><strong><em>μέν</em></strong></span> <span class='ocrx_word' id='word_1_90' title='bbox 506 1397 542 1456; x_wconf 92' lang='grc' dir='ltr'><strong><em>ἐν</em></strong></span> <span class='ocrx_word' id='word_1_91' title='bbox 563 1403 605 1480; x_wconf 79' lang='grc' dir='ltr'><strong><em>τῇ</em></strong></span> <span class='ocrx_word' id='word_1_92' title='bbox 620 1390 764 1478; x_wconf 90' lang='grc' dir='ltr'><strong><em>πατρίδι</em></strong></span> <span class='ocrx_word' id='word_1_93' title='bbox 778 1395 1017 1479; x_wconf 84' lang='grc' dir='ltr'><strong><em>ἐπιγράφεται,</em></strong></span> <span class='ocrx_word' id='word_1_94' title='bbox 1040 1395 1120 1469; x_wconf 84' lang='grc' dir='ltr'><strong><em>τούς</em></strong></span> <span class='ocrx_word' id='word_1_95' title='bbox 1143 1385 1176 1456; x_wconf 81' lang='grc' dir='ltr'><strong><em>δ’</em></strong></span> <span class='ocrx_word' id='word_1_96' title='bbox 1201 1397 1370 1483; x_wconf 76' lang='grc' dir='ltr'><strong><em>ἐπιχειρή-</em></strong></span> 
     </span>
     <span class='ocr_line' id='line_1_11' title="bbox 116 1493 1422 1584; baseline 0.005 -27"><span class='ocrx_word' id='word_1_97' title='bbox 116 1513 240 1572; x_wconf 89' lang='grc' dir='ltr'><strong><em>σαντας</em></strong></span> <span class='ocrx_word' id='word_1_98' title='bbox 260 1493 455 1559; x_wconf 80' lang='grc' dir='ltr'><strong><em>καταλεύειν</em></strong></span> <span class='ocrx_word' id='word_1_99' title='bbox 472 1497 572 1558; x_wconf 89' lang='grc' dir='ltr'><strong><em>αδτόν</em></strong></span> <span class='ocrx_word' id='word_1_100' title='bbox 594 1517 631 1558; x_wconf 93' lang='grc' dir='ltr'><strong><em>τε</em></strong></span> <span class='ocrx_word' id='word_1_101' title='bbox 652 1497 709 1558; x_wconf 86' lang='grc' dir='ltr'><strong><em>καὶ</em></strong></span> <span class='ocrx_word' id='word_1_102' title='bbox 725 1497 784 1558; x_wconf 89' lang='grc' dir='ltr'><strong><em>σδν</em></strong></span> <span class='ocrx_word' id='word_1_103' title='bbox 801 1493 891 1577; x_wconf 78' lang='grc' dir='ltr'><strong><em>αύτῷ</em></strong></span> <span class='ocrx_word' id='word_1_104' title='bbox 908 1497 1031 1578; x_wconf 88' lang='grc' dir='ltr'><strong><em>ἐτερον,</em></strong></span> <span class='ocrx_word' id='word_1_105' title='bbox 1055 1494 1128 1557; x_wconf 85' lang='grc' dir='ltr'><strong><em>εἶτα</em></strong></span> <span class='ocrx_word' id='word_1_106' title='bbox 1152 1493 1188 1558; x_wconf 89' lang='grc' dir='ltr'><strong><em>δέ</em></strong></span> <span class='ocrx_word' id='word_1_107' title='bbox 1210 1499 1267 1560; x_wconf 86' lang='grc' dir='ltr'><strong><em>καὶ</em></strong></span> <span class='ocrx_word' id='word_1_108' title='bbox 1289 1502 1372 1584; x_wconf 88' lang='grc' dir='ltr'><strong><em>πυρί</em></strong></span> <span class='ocrx_word' id='word_1_109' title='bbox 1395 1511 1422 1562; x_wconf 87' lang='lat'><strong><em>10</em></strong></span> 
     </span>
     <span class='ocr_line' id='line_1_12' title="bbox 114 1595 1373 1684; baseline 0.003 -24"><span class='ocrx_word' id='word_1_110' title='bbox 114 1601 173 1684; x_wconf 79' lang='grc' dir='ltr'><strong><em>την</em></strong></span> <span class='ocrx_word' id='word_1_111' title='bbox 197 1601 306 1662; x_wconf 92' lang='grc' dir='ltr'><strong><em>οἰκίαν</em></strong></span> <span class='ocrx_word' id='word_1_112' title='bbox 329 1597 462 1676; x_wconf 85' lang='grc' dir='ltr'><strong><em>δοόναι,</em></strong></span> <span class='ocrx_word' id='word_1_113' title='bbox 492 1601 632 1674; x_wconf 80' lang='grc' dir='ltr'><strong><em>τούτους</em></strong></span> <span class='ocrx_word' id='word_1_114' title='bbox 660 1602 767 1683; x_wconf 74' lang='grc' dir='ltr'><strong><em>ἠρέμα</em></strong></span> <span class='ocrx_word' id='word_1_115' title='bbox 791 1617 867 1672; x_wconf 91' lang='grc' dir='ltr'><strong><em>πως</em></strong></span> <span class='ocrx_word' id='word_1_116' title='bbox 896 1599 1081 1677; x_wconf 84' lang='grc' dir='ltr'><strong><em>ἐπιτιμῶν,</em></strong></span> <span class='ocrx_word' id='word_1_117' title='bbox 1109 1600 1148 1659; x_wconf 86' lang='grc' dir='ltr'><strong><em>τό</em></strong></span> <span class='ocrx_word' id='word_1_118' title='bbox 1172 1595 1373 1665; x_wconf 73' lang='grc' dir='ltr'><strong><em>πλανᾶσθαι</em></strong></span> 
     </span>
     <span class='ocr_line' id='line_1_13' title="bbox 41 1695 1373 1788; baseline 0.002 -26"><span class='ocrx_word' id='word_1_119' title='bbox 41 1712 104 1764; x_wconf 66' lang='lat'><strong>(612)</strong></span> <span class='ocrx_word' id='word_1_120' title='bbox 116 1703 175 1764; x_wconf 86' lang='grc' dir='ltr'><strong><em>ἐπί</em></strong></span> <span class='ocrx_word' id='word_1_121' title='bbox 203 1710 264 1787; x_wconf 82' lang='grc' dir='ltr'><strong><em>τῆς</em></strong></span> <span class='ocrx_word' id='word_1_122' title='bbox 293 1699 387 1788; x_wconf 82' lang='grc' dir='ltr'><strong><em>ξένης</em></strong></span> <span class='ocrx_word' id='word_1_123' title='bbox 415 1711 474 1788; x_wconf 84' lang='grc' dir='ltr'><strong><em>τῆς</em></strong></span> <span class='ocrx_word' id='word_1_124' title='bbox 503 1701 592 1764; x_wconf 86' lang='grc' dir='ltr'><strong><em>οἴκοι</em></strong></span> <span class='ocrx_word' id='word_1_125' title='bbox 628 1698 803 1786; x_wconf 78' lang='grc' dir='ltr'><strong><em>διατριβῆς</em></strong></span> <span class='ocrx_word' id='word_1_126' title='bbox 839 1696 897 1762; x_wconf 81' lang='grc' dir='ltr'><strong><em>διὰ</em></strong></span> <span class='ocrx_word' id='word_1_127' title='bbox 933 1699 995 1773; x_wconf 87' lang='grc' dir='ltr'><strong><em>τδς</em></strong></span> <span class='ocrx_word' id='word_1_128' title='bbox 1030 1701 1065 1761; x_wconf 90' lang='grc' dir='ltr'><strong><em>έν</em></strong></span> <span class='ocrx_word' id='word_1_129' title='bbox 1102 1695 1203 1762; x_wconf 90' lang='grc' dir='ltr'><strong><em>πόλει</em></strong></span> <span class='ocrx_word' id='word_1_130' title='bbox 1231 1699 1373 1778; x_wconf 78' lang='grc' dir='ltr'><strong><em>ἀταξίας</em></strong></span> 
     </span>
     <span class='ocr_line' id='line_1_14' title="bbox 113 1793 1372 1890; baseline 0.003 -26"><span class='ocrx_word' id='word_1_131' title='bbox 113 1805 251 1882; x_wconf 82' lang='grc' dir='ltr'><strong><em>ἄμεινον</em></strong></span> <span class='ocrx_word' id='word_1_132' title='bbox 273 1799 522 1881; x_wconf 85' lang='grc' dir='ltr'><strong><em>κατασκευάζει.</em></strong></span> <span class='ocrx_word' id='word_1_133' title='bbox 559 1808 579 1890; x_wconf 72' lang='grc' dir='ltr'><strong><em>ν)</em></strong></span> <span class='ocrx_word' id='word_1_134' title='bbox 604 1801 640 1866; x_wconf 81' lang='grc' dir='ltr'><strong><em>δέ</em></strong></span> <span class='ocrx_word' id='word_1_135' title='bbox 663 1811 731 1865; x_wconf 86' lang='grc' dir='ltr'><strong><em>τῶν</em></strong></span> <span class='ocrx_word' id='word_1_136' title='bbox 755 1799 906 1864; x_wconf 83' lang='grc' dir='ltr'><strong><em>πολιτῶν</em></strong></span> <span class='ocrx_word' id='word_1_137' title='bbox 929 1803 1008 1887; x_wconf 77' lang='grc' dir='ltr'><strong><em>όργή</em></strong></span> <span class='ocrx_word' id='word_1_138' title='bbox 1032 1793 1109 1863; x_wconf 85' lang='grc' dir='ltr'><strong><em>κατ’</em></strong></span> <span class='ocrx_word' id='word_1_139' title='bbox 1137 1803 1248 1881; x_wconf 81' lang='grc' dir='ltr'><strong><em>αὐτοῦ,</em></strong></span> <span class='ocrx_word' id='word_1_140' title='bbox 1272 1802 1372 1883; x_wconf 89' lang='grc' dir='ltr'><strong><em>διότι,</em></strong></span> 
     </span>
    </p>

    <p class='ocr_par' dir='ltr' id='par_1_3' title="bbox 6 1865 1424 4342">
     <span class='ocr_line' id='line_1_15' title="bbox 6 1865 1371 1991; baseline 0.001 -23"><span class='ocrx_word' id='word_1_141' title='bbox 6 1865 8 1980; x_wconf 81' lang='grc' dir='ltr'>Ι</span> <span class='ocrx_word' id='word_1_142' title='bbox 115 1909 210 1991; x_wconf 89' lang='grc' dir='ltr'><strong><em>φησί,</em></strong></span> <span class='ocrx_word' id='word_1_143' title='bbox 234 1911 485 1991; x_wconf 81' lang='grc' dir='ltr'><strong><em>καταρρέουσαν</em></strong></span> <span class='ocrx_word' id='word_1_144' title='bbox 506 1908 567 1969; x_wconf 90' lang='grc' dir='ltr'><strong><em>ἐπί</em></strong></span> <span class='ocrx_word' id='word_1_145' title='bbox 588 1908 626 1968; x_wconf 91' lang='grc' dir='ltr'><strong><em>τδ</em></strong></span> <span class='ocrx_word' id='word_1_146' title='bbox 649 1903 783 1986; x_wconf 86' lang='grc' dir='ltr'><strong><em>βέλτιον</em></strong></span> <span class='ocrx_word' id='word_1_147' title='bbox 805 1901 948 1984; x_wconf 81' lang='grc' dir='ltr'><strong><em>ἀνέλαβε</em></strong></span> <span class='ocrx_word' id='word_1_148' title='bbox 969 1906 1029 1989; x_wconf 76' lang='grc' dir='ltr'><strong><em>τὴν</em></strong></span> <span class='ocrx_word' id='word_1_149' title='bbox 1052 1905 1171 1966; x_wconf 90' lang='grc' dir='ltr'><strong><em>οἰκίαν.</em></strong></span> <span class='ocrx_word' id='word_1_150' title='bbox 1215 1908 1272 1968; x_wconf 83' lang='grc' dir='ltr'><strong><em>καί</em></strong></span> <span class='ocrx_word' id='word_1_151' title='bbox 1295 1910 1313 1969; x_wconf 89' lang='grc' dir='ltr'><strong><em>ό</em></strong></span> <span class='ocrx_word' id='word_1_152' title='bbox 1337 1904 1371 1968; x_wconf 89' lang='grc' dir='ltr'><strong><em>λ’</em></strong></span> 
     </span>
     <span class='ocr_line' id='line_1_16' title="bbox 115 2004 1423 2095; baseline 0.003 -27"><span class='ocrx_word' id='word_1_153' title='bbox 115 2005 168 2084; x_wconf 92' lang='grc' dir='ltr'><strong><em>δέ,</em></strong></span> <span class='ocrx_word' id='word_1_154' title='bbox 204 2005 391 2092; x_wconf 76' lang='grc' dir='ltr'><strong><em>δημηγορία</em></strong></span> <span class='ocrx_word' id='word_1_155' title='bbox 419 2010 454 2071; x_wconf 95' lang='grc' dir='ltr'><strong><em>ἐν</em></strong></span> <span class='ocrx_word' id='word_1_156' title='bbox 490 2015 532 2092; x_wconf 79' lang='grc' dir='ltr'><strong><em>τῇ</em></strong></span> <span class='ocrx_word' id='word_1_157' title='bbox 565 2004 708 2090; x_wconf 91' lang='grc' dir='ltr'><strong><em>πατρίδι</em></strong></span> <span class='ocrx_word' id='word_1_158' title='bbox 743 2008 803 2090; x_wconf 77' lang='grc' dir='ltr'><strong><em>την</em></strong></span> <span class='ocrx_word' id='word_1_159' title='bbox 840 2006 1035 2090; x_wconf 81' lang='grc' dir='ltr'><strong><em>ἐπιγραφὴν</em></strong></span> <span class='ocrx_word' id='word_1_160' title='bbox 1067 2009 1196 2090; x_wconf 83' lang='grc' dir='ltr'><strong><em>φέρων,</em></strong></span> <span class='ocrx_word' id='word_1_161' title='bbox 1231 2010 1281 2084; x_wconf 92' lang='grc' dir='ltr'><strong><em>εἰς</em></strong></span> <span class='ocrx_word' id='word_1_162' title='bbox 1313 2013 1372 2095; x_wconf 78' lang='grc' dir='ltr'><strong><em>την</em></strong></span> <span class='ocrx_word' id='word_1_163' title='bbox 1395 2019 1423 2072; x_wconf 76' lang='grc' dir='ltr'><strong><em>1ο</em></strong></span> 
     </span>
     <span class='ocr_line' id='line_1_17' title="bbox 115 2097 1373 2193; baseline 0.003 -23"><span class='ocrx_word' id='word_1_164' title='bbox 115 2109 216 2193; x_wconf 78' lang='grc' dir='ltr'><strong><em>αὐτην</em></strong></span> <span class='ocrx_word' id='word_1_165' title='bbox 244 2110 415 2170; x_wconf 71' lang='grc' dir='ltr'><strong><em>ὑπόθεσιν</em></strong></span> <span class='ocrx_word' id='word_1_166' title='bbox 438 2097 652 2189; x_wconf 58' lang='grc' dir='ltr'><strong><em>ἀποβλέπειζ</em></strong></span> <span class='ocrx_word' id='word_1_167' title='bbox 696 2109 753 2169; x_wconf 83' lang='grc' dir='ltr'><strong><em>καί</em></strong></span> <span class='ocrx_word' id='word_1_168' title='bbox 781 2108 800 2166; x_wconf 90' lang='grc' dir='ltr'><strong><em>δ</em></strong></span> <span class='ocrx_word' id='word_1_169' title='bbox 824 2103 858 2167; x_wconf 87' lang='grc' dir='ltr'><strong><em>α’</em></strong></span> <span class='ocrx_word' id='word_1_170' title='bbox 889 2108 945 2168; x_wconf 89' lang='grc' dir='ltr'><strong><em>καί</em></strong></span> <span class='ocrx_word' id='word_1_171' title='bbox 968 2103 1001 2167; x_wconf 83' lang='grc' dir='ltr'><strong><em>λ’</em></strong></span> <span class='ocrx_word' id='word_1_172' title='bbox 1025 2108 1062 2168; x_wconf 92' lang='grc' dir='ltr'><strong><em>ἐν</em></strong></span> <span class='ocrx_word' id='word_1_173' title='bbox 1084 2114 1125 2190; x_wconf 76' lang='grc' dir='ltr'><strong><em>τῇ</em></strong></span> <span class='ocrx_word' id='word_1_174' title='bbox 1147 2107 1290 2193; x_wconf 92' lang='grc' dir='ltr'><strong><em>πατρίδι</em></strong></span> <span class='ocrx_word' id='word_1_175' title='bbox 1311 2114 1373 2191; x_wconf 83' lang='grc' dir='ltr'><strong><em>μὲν</em></strong></span> 
     </span>
     <span class='ocr_line' id='line_1_18' title="bbox 114 2203 1372 2295; baseline 0.002 -23"><span class='ocrx_word' id='word_1_176' title='bbox 114 2207 248 2295; x_wconf 66' lang='grc' dir='ltr'><strong><em>ἐλέχθη,</em></strong></span> <span class='ocrx_word' id='word_1_177' title='bbox 272 2207 448 2286; x_wconf 87' lang='grc' dir='ltr'><strong><em>πολιτικὸς</em></strong></span> <span class='ocrx_word' id='word_1_178' title='bbox 472 2203 505 2272; x_wconf 80' lang='grc' dir='ltr'><strong><em>δ’</em></strong></span> <span class='ocrx_word' id='word_1_179' title='bbox 531 2212 781 2293; x_wconf 74' lang='grc' dir='ltr'><strong><em>ἐπιγέγραπται</em></strong></span> <span class='ocrx_word' id='word_1_180' title='bbox 803 2209 839 2270; x_wconf 90' lang='grc' dir='ltr'><strong><em>έν</em></strong></span> <span class='ocrx_word' id='word_1_181' title='bbox 861 2204 1037 2291; x_wconf 82' lang='grc' dir='ltr'><strong><em>έκκλησίᾳ,</em></strong></span> <span class='ocrx_word' id='word_1_182' title='bbox 1067 2209 1124 2270; x_wconf 85' lang='grc' dir='ltr'><strong><em>καί</em></strong></span> <span class='ocrx_word' id='word_1_183' title='bbox 1154 2209 1372 2290; x_wconf 78' lang='grc' dir='ltr'><strong><em>συμβουλεύει</em></strong></span> 
     </span>
     <span class='ocr_line' id='line_1_19' title="bbox 113 2305 1373 2400; baseline 0.002 -26"><span class='ocrx_word' id='word_1_184' title='bbox 113 2319 181 2374; x_wconf 83' lang='grc' dir='ltr'><strong><em>τῶν</em></strong></span> <span class='ocrx_word' id='word_1_185' title='bbox 203 2313 253 2387; x_wconf 89' lang='grc' dir='ltr'><strong><em>εἰς</em></strong></span> <span class='ocrx_word' id='word_1_186' title='bbox 275 2309 440 2398; x_wconf 76' lang='grc' dir='ltr'><strong><em>ἀλλήλους</em></strong></span> <span class='ocrx_word' id='word_1_187' title='bbox 461 2314 590 2397; x_wconf 87' lang='grc' dir='ltr'><strong><em>δβρεων</em></strong></span> <span class='ocrx_word' id='word_1_188' title='bbox 619 2313 877 2391; x_wconf 82' lang='grc' dir='ltr'><strong><em>ἀποσχομένους</em></strong></span> <span class='ocrx_word' id='word_1_189' title='bbox 902 2310 960 2371; x_wconf 84' lang='grc' dir='ltr'><strong><em>καί</em></strong></span> <span class='ocrx_word' id='word_1_190' title='bbox 990 2305 1284 2394; x_wconf 84' lang='grc' dir='ltr'><strong><em>προπηλακισμῶν</em></strong></span> <span class='ocrx_word' id='word_1_191' title='bbox 1313 2316 1373 2400; x_wconf 74' lang='grc' dir='ltr'><strong><em>την</em></strong></span> 
     </span>
     <span class='ocr_line' id='line_1_20' title="bbox 116 2408 1370 2500; baseline 0 -24"><span class='ocrx_word' id='word_1_192' title='bbox 116 2417 236 2477; x_wconf 88' lang='grc' dir='ltr'><strong><em>στάσιν</em></strong></span> <span class='ocrx_word' id='word_1_193' title='bbox 259 2417 308 2490; x_wconf 90' lang='grc' dir='ltr'><strong><em>εἰς</em></strong></span> <span class='ocrx_word' id='word_1_194' title='bbox 331 2417 491 2496; x_wconf 89' lang='grc' dir='ltr'><strong><em>όμόνοιαν</em></strong></span> <span class='ocrx_word' id='word_1_195' title='bbox 515 2410 675 2477; x_wconf 88' lang='grc' dir='ltr'><strong><em>διαλύειν.</em></strong></span> <span class='ocrx_word' id='word_1_196' title='bbox 713 2414 877 2487; x_wconf 85' lang='grc' dir='ltr'><strong><em>ὡσαύτως</em></strong></span> <span class='ocrx_word' id='word_1_197' title='bbox 890 2413 926 2473; x_wconf 86' lang='grc' dir='ltr'><strong><em>έν</em></strong></span> <span class='ocrx_word' id='word_1_198' title='bbox 941 2418 983 2494; x_wconf 78' lang='grc' dir='ltr'><strong><em>τῇ</em></strong></span> <span class='ocrx_word' id='word_1_199' title='bbox 1006 2408 1149 2494; x_wconf 91' lang='grc' dir='ltr'><strong><em>πατρίδι</em></strong></span> <span class='ocrx_word' id='word_1_200' title='bbox 1163 2414 1224 2492; x_wconf 80' lang='grc' dir='ltr'><strong><em>μέν</em></strong></span> <span class='ocrx_word' id='word_1_201' title='bbox 1247 2411 1370 2500; x_wconf 73' lang='grc' dir='ltr'><strong><em>ἐλέχθη</em></strong></span> 
     </span>
     <span class='ocr_line' id='line_1_21' title="bbox 114 2514 1423 2604; baseline 0.003 -26"><span class='ocrx_word' id='word_1_202' title='bbox 114 2519 170 2580; x_wconf 87' lang='grc' dir='ltr'><strong><em>καί</em></strong></span> <span class='ocrx_word' id='word_1_203' title='bbox 193 2518 212 2579; x_wconf 85' lang='grc' dir='ltr'><strong><em>δ</em></strong></span> <span class='ocrx_word' id='word_1_204' title='bbox 233 2515 371 2604; x_wconf 74' lang='grc' dir='ltr'><strong><em>ἐφεξῆς,</em></strong></span> <span class='ocrx_word' id='word_1_205' title='bbox 403 2518 422 2580; x_wconf 85' lang='grc' dir='ltr'><strong><em>ό</em></strong></span> <span class='ocrx_word' id='word_1_206' title='bbox 444 2515 480 2580; x_wconf 84' lang='grc' dir='ltr'><strong><em>δέ</em></strong></span> <span class='ocrx_word' id='word_1_207' title='bbox 503 2518 749 2600; x_wconf 90' lang='grc' dir='ltr'><strong><em>ἐπιγράφεται,</em></strong></span> <span class='ocrx_word' id='word_1_208' title='bbox 780 2514 989 2599; x_wconf 88' lang='grc' dir='ltr'><strong><em>παραίτησις</em></strong></span> <span class='ocrx_word' id='word_1_209' title='bbox 1011 2514 1114 2596; x_wconf 84' lang='grc' dir='ltr'><strong><em>ἀρχῆς</em></strong></span> <span class='ocrx_word' id='word_1_210' title='bbox 1135 2517 1171 2576; x_wconf 93' lang='grc' dir='ltr'><strong><em>ἐν</em></strong></span> <span class='ocrx_word' id='word_1_211' title='bbox 1193 2523 1235 2600; x_wconf 79' lang='grc' dir='ltr'><strong><em>τῇ</em></strong></span> <span class='ocrx_word' id='word_1_212' title='bbox 1255 2514 1370 2603; x_wconf 70' lang='grc' dir='ltr'><strong><em>βουλῇ,</em></strong></span> <span class='ocrx_word' id='word_1_213' title='bbox 1394 2531 1423 2582; x_wconf 80' lang='lat'><strong><em>20</em></strong></span> 
     </span>
     <span class='ocr_line' id='line_1_22' title="bbox 115 2616 1373 2707; baseline 0.003 -27"><span class='ocrx_word' id='word_1_214' title='bbox 115 2626 213 2680; x_wconf 82' lang='grc' dir='ltr'><strong><em>τοῦτο</em></strong></span> <span class='ocrx_word' id='word_1_215' title='bbox 243 2621 299 2682; x_wconf 90' lang='grc' dir='ltr'><strong><em>καί</em></strong></span> <span class='ocrx_word' id='word_1_216' title='bbox 327 2616 550 2683; x_wconf 85' lang='grc' dir='ltr'><strong><em>ἐνδείκνυται·</em></strong></span> <span class='ocrx_word' id='word_1_217' title='bbox 578 2624 614 2684; x_wconf 89' lang='grc' dir='ltr'><strong><em>έκ</em></strong></span> <span class='ocrx_word' id='word_1_218' title='bbox 642 2622 870 2707; x_wconf 82' lang='grc' dir='ltr'><strong><em>ψηφίσματος</em></strong></span> <span class='ocrx_word' id='word_1_219' title='bbox 899 2620 961 2702; x_wconf 86' lang='grc' dir='ltr'><strong><em>γάρ</em></strong></span> <span class='ocrx_word' id='word_1_220' title='bbox 985 2620 1099 2701; x_wconf 79' lang='grc' dir='ltr'><strong><em>ἄρχειν</em></strong></span> <span class='ocrx_word' id='word_1_221' title='bbox 1121 2621 1140 2680; x_wconf 93' lang='grc' dir='ltr'><strong><em>ό</em></strong></span> <span class='ocrx_word' id='word_1_222' title='bbox 1163 2624 1373 2706; x_wconf 87' lang='grc' dir='ltr'><strong><em>συγγραφεύς</em></strong></span> 
     </span>
     <span class='ocr_line' id='line_1_23' title="bbox 113 2713 1371 2811; baseline 0.002 -27"><span class='ocrx_word' id='word_1_223' title='bbox 113 2713 280 2806; x_wconf 77' lang='grc' dir='ltr'><strong><em>ᾑρημένος</em></strong></span> <span class='ocrx_word' id='word_1_224' title='bbox 310 2728 539 2807; x_wconf 87' lang='grc' dir='ltr'><strong><em>παραιτεῖται.</em></strong></span> <span class='ocrx_word' id='word_1_225' title='bbox 591 2726 610 2786; x_wconf 89' lang='grc' dir='ltr'><strong><em>δ</em></strong></span> <span class='ocrx_word' id='word_1_226' title='bbox 634 2721 670 2787; x_wconf 86' lang='grc' dir='ltr'><strong><em>δέ</em></strong></span> <span class='ocrx_word' id='word_1_227' title='bbox 695 2721 766 2807; x_wconf 86' lang='grc' dir='ltr'><strong><em>λγ’,</em></strong></span> <span class='ocrx_word' id='word_1_228' title='bbox 796 2724 877 2807; x_wconf 87' lang='grc' dir='ltr'><strong><em>περί</em></strong></span> <span class='ocrx_word' id='word_1_229' title='bbox 904 2729 971 2784; x_wconf 83' lang='grc' dir='ltr'><strong><em>τῶν</em></strong></span> <span class='ocrx_word' id='word_1_230' title='bbox 1000 2722 1105 2806; x_wconf 89' lang='grc' dir='ltr'><strong><em>έργων</em></strong></span> <span class='ocrx_word' id='word_1_231' title='bbox 1127 2723 1162 2784; x_wconf 89' lang='grc' dir='ltr'><strong><em>ἐν</em></strong></span> <span class='ocrx_word' id='word_1_232' title='bbox 1184 2719 1291 2808; x_wconf 80' lang='grc' dir='ltr'><strong><em>βουλῇ</em></strong></span> <span class='ocrx_word' id='word_1_233' title='bbox 1312 2727 1371 2811; x_wconf 82' lang='grc' dir='ltr'><strong><em>την</em></strong></span> 
     </span>
     <span class='ocr_line' id='line_1_24' title="bbox 113 2820 1371 2911; baseline 0.002 -26"><span class='ocrx_word' id='word_1_234' title='bbox 113 2825 307 2911; x_wconf 82' lang='grc' dir='ltr'><strong><em>ἐπιγραφὴν</em></strong></span> <span class='ocrx_word' id='word_1_235' title='bbox 323 2830 491 2909; x_wconf 86' lang='grc' dir='ltr'><strong><em>παρέχων,</em></strong></span> <span class='ocrx_word' id='word_1_236' title='bbox 514 2828 656 2889; x_wconf 87' lang='grc' dir='ltr'><strong><em>ἐπαινον</em></strong></span> <span class='ocrx_word' id='word_1_237' title='bbox 677 2831 738 2907; x_wconf 86' lang='grc' dir='ltr'><strong><em>μέν</em></strong></span> <span class='ocrx_word' id='word_1_238' title='bbox 760 2847 836 2888; x_wconf 90' lang='grc' dir='ltr'><strong><em>τινα</em></strong></span> <span class='ocrx_word' id='word_1_239' title='bbox 859 2832 919 2910; x_wconf 81' lang='grc' dir='ltr'><strong><em>τῆς</em></strong></span> <span class='ocrx_word' id='word_1_240' title='bbox 940 2820 1064 2910; x_wconf 84' lang='grc' dir='ltr'><strong><em>βουλῆς</em></strong></span> <span class='ocrx_word' id='word_1_241' title='bbox 1080 2826 1260 2908; x_wconf 84' lang='grc' dir='ltr'><strong><em>ἐπιτρέχει,</em></strong></span> <span class='ocrx_word' id='word_1_242' title='bbox 1284 2827 1371 2888; x_wconf 87' lang='grc' dir='ltr'><strong><em>άπα-</em></strong></span> 
     </span>
     <span class='ocr_line' id='line_1_25' title="bbox 116 2924 1371 3013; baseline 0.002 -26"><span class='ocrx_word' id='word_1_243' title='bbox 116 2924 264 3007; x_wconf 88' lang='grc' dir='ltr'><strong><em>λογεῖται</em></strong></span> <span class='ocrx_word' id='word_1_244' title='bbox 288 2924 323 2988; x_wconf 85' lang='grc' dir='ltr'><strong><em>δὲ</em></strong></span> <span class='ocrx_word' id='word_1_245' title='bbox 345 2928 402 2990; x_wconf 86' lang='grc' dir='ltr'><strong><em>καί</em></strong></span> <span class='ocrx_word' id='word_1_246' title='bbox 424 2930 510 3013; x_wconf 78' lang='grc' dir='ltr'><strong><em>ὑπὲρ</em></strong></span> <span class='ocrx_word' id='word_1_247' title='bbox 533 2927 579 2991; x_wconf 86' lang='grc' dir='ltr'><strong><em>ὥν</em></strong></span> <span class='ocrx_word' id='word_1_248' title='bbox 603 2930 731 2991; x_wconf 91' lang='grc' dir='ltr'><strong><em>όΔίων</em></strong></span> <span class='ocrx_word' id='word_1_249' title='bbox 754 2929 942 3004; x_wconf 80' lang='grc' dir='ltr'><strong><em>ὑπενοεῖτο,</em></strong></span> <span class='ocrx_word' id='word_1_250' title='bbox 967 2928 1014 3001; x_wconf 86' lang='grc' dir='ltr'><strong><em>ὡς</em></strong></span> <span class='ocrx_word' id='word_1_251' title='bbox 1035 2929 1079 3012; x_wconf 75' lang='grc' dir='ltr'><strong><em>μη</em></strong></span> <span class='ocrx_word' id='word_1_252' title='bbox 1104 2927 1145 2987; x_wconf 89' lang='grc' dir='ltr'><strong><em>τά</em></strong></span> <span class='ocrx_word' id='word_1_253' title='bbox 1169 2934 1231 2988; x_wconf 79' lang='grc' dir='ltr'><strong><em>τοῦ</em></strong></span> <span class='ocrx_word' id='word_1_254' title='bbox 1244 2925 1371 3004; x_wconf 84' lang='grc' dir='ltr'><strong><em>παιδός</em></strong></span> 
     </span>
     <span class='ocr_line' id='line_1_26' title="bbox 114 3026 1424 3117; baseline 0.002 -26"><span class='ocrx_word' id='word_1_255' title='bbox 114 3031 194 3113; x_wconf 86' lang='grc' dir='ltr'><strong><em>ἐργα</em></strong></span> <span class='ocrx_word' id='word_1_256' title='bbox 214 3030 271 3090; x_wconf 87' lang='grc' dir='ltr'><strong><em>καὶ</em></strong></span> <span class='ocrx_word' id='word_1_257' title='bbox 293 3031 330 3090; x_wconf 83' lang='grc' dir='ltr'><strong><em>αἱ</em></strong></span> <span class='ocrx_word' id='word_1_258' title='bbox 352 3027 494 3114; x_wconf 89' lang='grc' dir='ltr'><strong><em>πράξεις</em></strong></span> <span class='ocrx_word' id='word_1_259' title='bbox 518 3032 555 3092; x_wconf 92' lang='grc' dir='ltr'><strong><em>αἰ</em></strong></span> <span class='ocrx_word' id='word_1_260' title='bbox 575 3031 660 3093; x_wconf 85' lang='grc' dir='ltr'><strong><em>κατά</em></strong></span> <span class='ocrx_word' id='word_1_261' title='bbox 682 3033 742 3117; x_wconf 82' lang='grc' dir='ltr'><strong><em>την</em></strong></span> <span class='ocrx_word' id='word_1_262' title='bbox 765 3026 866 3092; x_wconf 87' lang='grc' dir='ltr'><strong><em>πόλιν</em></strong></span> <span class='ocrx_word' id='word_1_263' title='bbox 888 3037 949 3114; x_wconf 81' lang='grc' dir='ltr'><strong><em>τῆς</em></strong></span> <span class='ocrx_word' id='word_1_264' title='bbox 971 3037 1136 3114; x_wconf 77' lang='grc' dir='ltr'><strong><em>πατρικῆς</em></strong></span> <span class='ocrx_word' id='word_1_265' title='bbox 1159 3029 1228 3090; x_wconf 88' lang='grc' dir='ltr'><strong><em>εἰσι</em></strong></span> <span class='ocrx_word' id='word_1_266' title='bbox 1249 3026 1372 3115; x_wconf 83' lang='grc' dir='ltr'><strong><em>βουλῆς</em></strong></span> <span class='ocrx_word' id='word_1_267' title='bbox 1394 3042 1424 3094; x_wconf 80' lang='lat'><strong><em>2⁵</em></strong></span> 
     </span>
     <span class='ocr_line' id='line_1_27' title="bbox 115 3128 1372 3217; baseline 0 -25"><span class='ocrx_word' id='word_1_268' title='bbox 115 3128 307 3216; x_wconf 84' lang='grc' dir='ltr'><strong><em>ἐξημμέναι.</em></strong></span> <span class='ocrx_word' id='word_1_269' title='bbox 353 3132 372 3192; x_wconf 89' lang='grc' dir='ltr'><strong><em>δ</em></strong></span> <span class='ocrx_word' id='word_1_270' title='bbox 393 3128 517 3217; x_wconf 74' lang='grc' dir='ltr'><strong><em>ἐφεξῆς</em></strong></span> <span class='ocrx_word' id='word_1_271' title='bbox 540 3129 575 3193; x_wconf 83' lang='grc' dir='ltr'><strong><em>δέ</em></strong></span> <span class='ocrx_word' id='word_1_272' title='bbox 600 3133 687 3216; x_wconf 83' lang='grc' dir='ltr'><strong><em>πρὸς</em></strong></span> <span class='ocrx_word' id='word_1_273' title='bbox 709 3129 887 3216; x_wconf 86' lang='grc' dir='ltr'><strong><em>Διόδωρον</em></strong></span> <span class='ocrx_word' id='word_1_274' title='bbox 910 3132 1201 3216; x_wconf 85' lang='grc' dir='ltr'><strong><em>ἐπιγραφόμενος,</em></strong></span> <span class='ocrx_word' id='word_1_275' title='bbox 1226 3150 1372 3215; x_wconf 92' lang='grc' dir='ltr'><strong><em>προτρο-</em></strong></span> 
     </span>
     <span class='ocr_line' id='line_1_28' title="bbox 116 3224 1369 3320; baseline 0.002 -26"><span class='ocrx_word' id='word_1_276' title='bbox 116 3235 183 3318; x_wconf 74' lang='grc' dir='ltr'><strong><em>πὴν</em></strong></span> <span class='ocrx_word' id='word_1_277' title='bbox 205 3237 266 3313; x_wconf 88' lang='grc' dir='ltr'><strong><em>μέν</em></strong></span> <span class='ocrx_word' id='word_1_278' title='bbox 289 3253 364 3294; x_wconf 93' lang='grc' dir='ltr'><strong><em>τινα</em></strong></span> <span class='ocrx_word' id='word_1_279' title='bbox 387 3225 446 3294; x_wconf 77' lang='grc' dir='ltr'><strong><em>ἐπ’</em></strong></span> <span class='ocrx_word' id='word_1_280' title='bbox 472 3233 592 3320; x_wconf 79' lang='grc' dir='ltr'><strong><em>δρετην</em></strong></span> <span class='ocrx_word' id='word_1_281' title='bbox 615 3235 754 3316; x_wconf 89' lang='grc' dir='ltr'><strong><em>εἰσάγει,</em></strong></span> <span class='ocrx_word' id='word_1_282' title='bbox 777 3235 931 3296; x_wconf 88' lang='grc' dir='ltr'><strong><em>ἐπαινεῖν</em></strong></span> <span class='ocrx_word' id='word_1_283' title='bbox 955 3229 991 3294; x_wconf 91' lang='grc' dir='ltr'><strong><em>δέ</em></strong></span> <span class='ocrx_word' id='word_1_284' title='bbox 1013 3235 1073 3317; x_wconf 76' lang='grc' dir='ltr'><strong><em>την</em></strong></span> <span class='ocrx_word' id='word_1_285' title='bbox 1094 3229 1196 3294; x_wconf 91' lang='grc' dir='ltr'><strong><em>πόλιν</em></strong></span> <span class='ocrx_word' id='word_1_286' title='bbox 1213 3235 1299 3318; x_wconf 87' lang='grc' dir='ltr'><strong><em>φησί</em></strong></span> <span class='ocrx_word' id='word_1_287' title='bbox 1321 3224 1369 3296; x_wconf 80' lang='grc' dir='ltr'><strong><em>δι’</em></strong></span> 
     </span>
     <span class='ocr_line' id='line_1_29' title="bbox 117 3331 1371 3418; baseline 0.002 -22"><span class='ocrx_word' id='word_1_288' title='bbox 117 3335 164 3396; x_wconf 85' lang='grc' dir='ltr'><strong><em>ὧν</em></strong></span> <span class='ocrx_word' id='word_1_289' title='bbox 192 3336 250 3396; x_wconf 90' lang='grc' dir='ltr'><strong><em>τδν</em></strong></span> <span class='ocrx_word' id='word_1_290' title='bbox 280 3336 536 3416; x_wconf 80' lang='grc' dir='ltr'><strong><em>ἐγκωμιάσαντά</em></strong></span> <span class='ocrx_word' id='word_1_291' title='bbox 558 3332 738 3418; x_wconf 88' lang='grc' dir='ltr'><strong><em>Διόδωρον</em></strong></span> <span class='ocrx_word' id='word_1_292' title='bbox 766 3335 924 3410; x_wconf 88' lang='grc' dir='ltr'><strong><em>ἐπαίνοις</em></strong></span> <span class='ocrx_word' id='word_1_293' title='bbox 947 3331 1156 3418; x_wconf 77' lang='grc' dir='ltr'><strong><em>περιβάλλει.</em></strong></span> <span class='ocrx_word' id='word_1_294' title='bbox 1201 3337 1220 3396; x_wconf 92' lang='grc' dir='ltr'><strong><em>ό</em></strong></span> <span class='ocrx_word' id='word_1_295' title='bbox 1248 3332 1284 3397; x_wconf 83' lang='grc' dir='ltr'><strong><em>δέ</em></strong></span> <span class='ocrx_word' id='word_1_296' title='bbox 1308 3331 1371 3413; x_wconf 87' lang='grc' dir='ltr'><strong><em>λε’,</em></strong></span> 
     </span>
     <span class='ocr_line' id='line_1_30' title="bbox 118 3433 1371 3522; baseline 0.002 -25"><span class='ocrx_word' id='word_1_297' title='bbox 118 3438 197 3520; x_wconf 80' lang='grc' dir='ltr'><strong><em>περὶ</em></strong></span> <span class='ocrx_word' id='word_1_298' title='bbox 219 3433 395 3516; x_wconf 82' lang='grc' dir='ltr'><strong><em>Αἰσχύλου</em></strong></span> <span class='ocrx_word' id='word_1_299' title='bbox 417 3439 474 3500; x_wconf 86' lang='grc' dir='ltr'><strong><em>καὶ</em></strong></span> <span class='ocrx_word' id='word_1_300' title='bbox 495 3435 709 3522; x_wconf 77' lang='grc' dir='ltr'><strong><em>Σοφοκλέους</em></strong></span> <span class='ocrx_word' id='word_1_301' title='bbox 730 3439 787 3499; x_wconf 82' lang='grc' dir='ltr'><strong><em>καί</em></strong></span> <span class='ocrx_word' id='word_1_302' title='bbox 811 3434 1000 3521; x_wconf 79' lang='grc' dir='ltr'><strong><em>Εὐριπίδου</em></strong></span> <span class='ocrx_word' id='word_1_303' title='bbox 1032 3437 1051 3520; x_wconf 74' lang='grc' dir='ltr'><strong><em>ἢ</em></strong></span> <span class='ocrx_word' id='word_1_304' title='bbox 1076 3439 1155 3519; x_wconf 84' lang='grc' dir='ltr'><strong><em>περί</em></strong></span> <span class='ocrx_word' id='word_1_305' title='bbox 1177 3445 1244 3499; x_wconf 83' lang='grc' dir='ltr'><strong><em>τῶν</em></strong></span> <span class='ocrx_word' id='word_1_306' title='bbox 1268 3434 1371 3500; x_wconf 84' lang='grc' dir='ltr'><strong><em>Φιλο-</em></strong></span> 
     </span>
     <span class='ocr_line' id='line_1_31' title="bbox 116 3535 1423 3625; baseline 0.001 -25"><span class='ocrx_word' id='word_1_307' title='bbox 116 3540 237 3624; x_wconf 81' lang='grc' dir='ltr'><strong><em>κτήτου</em></strong></span> <span class='ocrx_word' id='word_1_308' title='bbox 252 3535 360 3616; x_wconf 85' lang='grc' dir='ltr'><strong><em>τόξων</em></strong></span> <span class='ocrx_word' id='word_1_309' title='bbox 375 3541 672 3625; x_wconf 84' lang='grc' dir='ltr'><strong><em>ἐπιγεγραμμένος,</em></strong></span> <span class='ocrx_word' id='word_1_310' title='bbox 689 3541 755 3625; x_wconf 77' lang='grc' dir='ltr'><strong><em>την</em></strong></span> <span class='ocrx_word' id='word_1_311' title='bbox 770 3546 832 3601; x_wconf 84' lang='grc' dir='ltr'><strong><em>τοῦ</em></strong></span> <span class='ocrx_word' id='word_1_312' title='bbox 847 3535 1057 3624; x_wconf 79' lang='grc' dir='ltr'><strong><em>Φιλοκτήτου</em></strong></span> <span class='ocrx_word' id='word_1_313' title='bbox 1077 3535 1220 3601; x_wconf 87' lang='grc' dir='ltr'><strong><em>πλάττει</em></strong></span> <span class='ocrx_word' id='word_1_314' title='bbox 1242 3536 1369 3616; x_wconf 86' lang='grc' dir='ltr'><strong><em>ἐξαπά-</em></strong></span> <span class='ocrx_word' id='word_1_315' title='bbox 1392 3551 1423 3602; x_wconf 75' lang='grc' dir='ltr'><strong><em>σο</em></strong></span> 
     </span>
     <span class='ocr_line' id='line_1_32' title="bbox 116 3631 1371 3727; baseline -0.001 -25"><span class='ocrx_word' id='word_1_316' title='bbox 116 3663 185 3727; x_wconf 87' lang='grc' dir='ltr'><strong><em>την,</em></strong></span> <span class='ocrx_word' id='word_1_317' title='bbox 208 3642 248 3726; x_wconf 82' lang='grc' dir='ltr'><strong><em>ἣν</em></strong></span> <span class='ocrx_word' id='word_1_318' title='bbox 279 3638 553 3727; x_wconf 87' lang='grc' dir='ltr'><strong><em>προβεβλημένος</em></strong></span> <span class='ocrx_word' id='word_1_319' title='bbox 571 3634 750 3717; x_wconf 88' lang='grc' dir='ltr'><strong><em>Ὀδυσσεύς</em></strong></span> <span class='ocrx_word' id='word_1_320' title='bbox 780 3638 892 3722; x_wconf 87' lang='grc' dir='ltr'><strong><em>λαβὼν</em></strong></span> <span class='ocrx_word' id='word_1_321' title='bbox 922 3631 1026 3722; x_wconf 76' lang='grc' dir='ltr'><strong><em>ᾤχετο</em></strong></span> <span class='ocrx_word' id='word_1_322' title='bbox 1056 3640 1097 3701; x_wconf 90' lang='grc' dir='ltr'><strong><em>τά</em></strong></span> <span class='ocrx_word' id='word_1_323' title='bbox 1127 3637 1218 3716; x_wconf 88' lang='grc' dir='ltr'><strong><em>τόξα.</em></strong></span> <span class='ocrx_word' id='word_1_324' title='bbox 1264 3638 1311 3723; x_wconf 77' lang='grc' dir='ltr'><strong><em>τῷ</em></strong></span> <span class='ocrx_word' id='word_1_325' title='bbox 1335 3637 1371 3702; x_wconf 78' lang='grc' dir='ltr'><strong><em>δὲ</em></strong></span> 
     </span>
     <span class='ocr_line' id='line_1_33' title="bbox 118 3734 1374 3832; baseline -0.002 -25"><span class='ocrx_word' id='word_1_326' title='bbox 118 3743 150 3822; x_wconf 86' lang='grc' dir='ltr'><strong><em>ς’</em></strong></span> <span class='ocrx_word' id='word_1_327' title='bbox 173 3746 230 3807; x_wconf 86' lang='grc' dir='ltr'><strong><em>καὶ</em></strong></span> <span class='ocrx_word' id='word_1_328' title='bbox 253 3741 285 3806; x_wconf 84' lang='grc' dir='ltr'><strong><em>λ’</em></strong></span> <span class='ocrx_word' id='word_1_329' title='bbox 311 3741 395 3828; x_wconf 85' lang='grc' dir='ltr'><strong><em>λόγῳ</em></strong></span> <span class='ocrx_word' id='word_1_330' title='bbox 419 3750 439 3832; x_wconf 77' lang='grc' dir='ltr'><strong><em>η</em></strong></span> <span class='ocrx_word' id='word_1_331' title='bbox 462 3747 523 3825; x_wconf 82' lang='grc' dir='ltr'><strong><em>μέν</em></strong></span> <span class='ocrx_word' id='word_1_332' title='bbox 554 3745 727 3830; x_wconf 74' lang='grc' dir='ltr'><strong><em>ἐπιγραφὴ</em></strong></span> <span class='ocrx_word' id='word_1_333' title='bbox 759 3745 839 3826; x_wconf 86' lang='grc' dir='ltr'><strong><em>περὶ</em></strong></span> <span class='ocrx_word' id='word_1_334' title='bbox 857 3734 1001 3828; x_wconf 74' lang='grc' dir='ltr'><strong><em>Ὁμήρου</em></strong></span> <span class='ocrx_word' id='word_1_335' title='bbox 1032 3739 1136 3824; x_wconf 86' lang='grc' dir='ltr'><strong><em>λέγει,</em></strong></span> <span class='ocrx_word' id='word_1_336' title='bbox 1166 3741 1308 3816; x_wconf 89' lang='grc' dir='ltr'><strong><em>έπαινος</em></strong></span> <span class='ocrx_word' id='word_1_337' title='bbox 1336 3738 1374 3805; x_wconf 89' lang='grc' dir='ltr'><strong><em>δέ</em></strong></span> 
     </span>
     <span class='ocr_line' id='line_1_34' title="bbox 116 3843 1372 3932; baseline -0.004 -22"><span class='ocrx_word' id='word_1_338' title='bbox 116 3869 169 3923; x_wconf 91' lang='grc' dir='ltr'><strong><em>τις</em></strong></span> <span class='ocrx_word' id='word_1_339' title='bbox 191 3855 253 3910; x_wconf 80' lang='grc' dir='ltr'><strong><em>τού</em></strong></span> <span class='ocrx_word' id='word_1_340' title='bbox 273 3853 421 3931; x_wconf 84' lang='grc' dir='ltr'><strong><em>ποιητοῦ</em></strong></span> <span class='ocrx_word' id='word_1_341' title='bbox 443 3843 668 3932; x_wconf 88' lang='grc' dir='ltr'><strong><em>διαφαίνεται,</em></strong></span> <span class='ocrx_word' id='word_1_342' title='bbox 693 3846 809 3930; x_wconf 85' lang='grc' dir='ltr'><strong><em>ὥσπερ</em></strong></span> <span class='ocrx_word' id='word_1_343' title='bbox 832 3847 888 3908; x_wconf 90' lang='grc' dir='ltr'><strong><em>καί</em></strong></span> <span class='ocrx_word' id='word_1_344' title='bbox 909 3843 957 3927; x_wconf 79' lang='grc' dir='ltr'><strong><em>τῷ</em></strong></span> <span class='ocrx_word' id='word_1_345' title='bbox 982 3846 1062 3929; x_wconf 88' lang='grc' dir='ltr'><strong><em>περί</em></strong></span> <span class='ocrx_word' id='word_1_346' title='bbox 1076 3845 1276 3926; x_wconf 80' lang='grc' dir='ltr'><strong><em>Σωκράτους</em></strong></span> <span class='ocrx_word' id='word_1_347' title='bbox 1297 3845 1372 3906; x_wconf 90' lang='grc' dir='ltr'><strong><em>ἐπι-</em></strong></span> 
     </span>
     <span class='ocr_line' id='line_1_35' title="bbox 115 3937 1372 4035; baseline -0.006 -23"><span class='ocrx_word' id='word_1_348' title='bbox 115 3955 317 4035; x_wconf 83' lang='grc' dir='ltr'><strong><em>γραφομένῳ</em></strong></span> <span class='ocrx_word' id='word_1_349' title='bbox 347 3956 410 4011; x_wconf 84' lang='grc' dir='ltr'><strong><em>τοῦ</em></strong></span> <span class='ocrx_word' id='word_1_350' title='bbox 439 3945 643 4035; x_wconf 88' lang='grc' dir='ltr'><strong><em>φιλοσόφου.</em></strong></span> <span class='ocrx_word' id='word_1_351' title='bbox 694 3950 713 4010; x_wconf 89' lang='grc' dir='ltr'><strong><em>δ</em></strong></span> <span class='ocrx_word' id='word_1_352' title='bbox 743 3945 779 4010; x_wconf 83' lang='grc' dir='ltr'><strong><em>δέ</em></strong></span> <span class='ocrx_word' id='word_1_353' title='bbox 808 3948 888 4030; x_wconf 86' lang='grc' dir='ltr'><strong><em>περὶ</em></strong></span> <span class='ocrx_word' id='word_1_354' title='bbox 913 3937 1057 4032; x_wconf 80' lang='grc' dir='ltr'><strong><em>Ὁμήρου</em></strong></span> <span class='ocrx_word' id='word_1_355' title='bbox 1085 3948 1142 4009; x_wconf 80' lang='grc' dir='ltr'><strong><em>καὶ</em></strong></span> <span class='ocrx_word' id='word_1_356' title='bbox 1163 3946 1372 4027; x_wconf 79' lang='grc' dir='ltr'><strong><em>Σωκράτους,</em></strong></span> 
     </span>
     <span class='ocr_line' id='line_1_36' title="bbox 118 4041 1424 4137; baseline -0.002 -24"><span class='ocrx_word' id='word_1_357' title='bbox 118 4047 172 4136; x_wconf 89' lang='grc' dir='ltr'><strong><em>λη’</em></strong></span> <span class='ocrx_word' id='word_1_358' title='bbox 197 4048 295 4134; x_wconf 91' lang='grc' dir='ltr'><strong><em>λόγος</em></strong></span> <span class='ocrx_word' id='word_1_359' title='bbox 312 4052 368 4129; x_wconf 81' lang='grc' dir='ltr'><strong><em>ὠν,</em></strong></span> <span class='ocrx_word' id='word_1_360' title='bbox 392 4045 541 4137; x_wconf 72' lang='grc' dir='ltr'><strong><em>ζηλωτὴν</em></strong></span> <span class='ocrx_word' id='word_1_361' title='bbox 552 4041 696 4135; x_wconf 75' lang='grc' dir='ltr'><strong><em>Ὁμήρου</em></strong></span> <span class='ocrx_word' id='word_1_362' title='bbox 711 4051 892 4134; x_wconf 88' lang='grc' dir='ltr'><strong><em>Σωκράτην</em></strong></span> <span class='ocrx_word' id='word_1_363' title='bbox 906 4050 963 4112; x_wconf 89' lang='grc' dir='ltr'><strong><em>καί</em></strong></span> <span class='ocrx_word' id='word_1_364' title='bbox 977 4049 1136 4134; x_wconf 75' lang='grc' dir='ltr'><strong><em>μαθητὴν</em></strong></span> <span class='ocrx_word' id='word_1_365' title='bbox 1152 4044 1371 4126; x_wconf 88' lang='grc' dir='ltr'><strong><em>ἐπιδείκνυσι,</em></strong></span> <span class='ocrx_word' id='word_1_366' title='bbox 1395 4059 1424 4110; x_wconf 73' lang='lat'><strong><em>³5</em></strong></span> 
     </span>
     <span class='ocr_line' id='line_1_37' title="bbox 115 4149 1373 4240; baseline -0.002 -25"><span class='ocrx_word' id='word_1_367' title='bbox 115 4156 172 4216; x_wconf 82' lang='grc' dir='ltr'><strong><em>καί</em></strong></span> <span class='ocrx_word' id='word_1_368' title='bbox 193 4157 233 4216; x_wconf 92' lang='grc' dir='ltr'><strong><em>τό</em></strong></span> <span class='ocrx_word' id='word_1_369' title='bbox 254 4175 291 4216; x_wconf 91' lang='grc' dir='ltr'><strong><em>τε</em></strong></span> <span class='ocrx_word' id='word_1_370' title='bbox 314 4156 438 4216; x_wconf 87' lang='grc' dir='ltr'><strong><em>οἰκεῖον</em></strong></span> <span class='ocrx_word' id='word_1_371' title='bbox 460 4161 520 4240; x_wconf 82' lang='grc' dir='ltr'><strong><em>της</em></strong></span> <span class='ocrx_word' id='word_1_372' title='bbox 542 4159 610 4215; x_wconf 83' lang='grc' dir='ltr'><strong><em>τῶν</em></strong></span> <span class='ocrx_word' id='word_1_373' title='bbox 639 4149 923 4234; x_wconf 89' lang='grc' dir='ltr'><strong><em>παραδειγμάτων</em></strong></span> <span class='ocrx_word' id='word_1_374' title='bbox 949 4151 1212 4234; x_wconf 87' lang='grc' dir='ltr'><strong><em>μεταχειρίσεως</em></strong></span> <span class='ocrx_word' id='word_1_375' title='bbox 1241 4152 1373 4214; x_wconf 75' lang='grc' dir='ltr'><strong><em>ἐκεῖθεν</em></strong></span> 
     </span>
     <span class='ocr_line' id='line_1_38' title="bbox 118 4248 1373 4342; baseline -0.001 -26"><span class='ocrx_word' id='word_1_376' title='bbox 118 4256 310 4334; x_wconf 74' lang='grc' dir='ltr'><strong><em>άναμαθεῖν</em></strong></span> <span class='ocrx_word' id='word_1_377' title='bbox 338 4257 396 4317; x_wconf 89' lang='grc' dir='ltr'><strong><em>τὸν</em></strong></span> <span class='ocrx_word' id='word_1_378' title='bbox 427 4252 621 4342; x_wconf 90' lang='grc' dir='ltr'><strong><em>φιλόσοφον</em></strong></span> <span class='ocrx_word' id='word_1_379' title='bbox 650 4252 870 4331; x_wconf 87' lang='grc' dir='ltr'><strong><em>ἐπιδεικνύει,</em></strong></span> <span class='ocrx_word' id='word_1_380' title='bbox 898 4255 955 4316; x_wconf 83' lang='grc' dir='ltr'><strong><em>καί</em></strong></span> <span class='ocrx_word' id='word_1_381' title='bbox 976 4255 1037 4339; x_wconf 77' lang='grc' dir='ltr'><strong><em>την</em></strong></span> <span class='ocrx_word' id='word_1_382' title='bbox 1065 4248 1169 4336; x_wconf 88' lang='grc' dir='ltr'><strong><em>άλλην</em></strong></span> <span class='ocrx_word' id='word_1_383' title='bbox 1191 4260 1253 4315; x_wconf 84' lang='grc' dir='ltr'><strong><em>τοῦ</em></strong></span> <span class='ocrx_word' id='word_1_384' title='bbox 1275 4249 1373 4336; x_wconf 90' lang='grc' dir='ltr'><strong><em>λόγου</em></strong></span> 
     </span>
    </p>

    <p class='ocr_par' dir='ltr' id='par_1_4' title="bbox 32 4344 1374 4546">
     <span class='ocr_line' id='line_1_39' title="bbox 32 4344 1374 4442; baseline -0.003 -20"><span class='ocrx_word' id='word_1_385' title='bbox 32 4377 103 4432; x_wconf 59' lang='grc' dir='ltr'><strong><em>ιτΒ)</em></strong></span> <span class='ocrx_word' id='word_1_386' title='bbox 115 4359 214 4442; x_wconf 88' lang='grc' dir='ltr'><strong><em>χάριν</em></strong></span> <span class='ocrx_word' id='word_1_387' title='bbox 235 4359 292 4421; x_wconf 88' lang='grc' dir='ltr'><strong><em>καί</em></strong></span> <span class='ocrx_word' id='word_1_388' title='bbox 314 4355 455 4439; x_wconf 89' lang='grc' dir='ltr'><strong><em>δύναμιν</em></strong></span> <span class='ocrx_word' id='word_1_389' title='bbox 477 4355 775 4439; x_wconf 73' lang='grc' dir='ltr'><strong><em>έναπομάξασδαι.</em></strong></span> <span class='ocrx_word' id='word_1_390' title='bbox 818 4357 837 4418; x_wconf 87' lang='grc' dir='ltr'><strong><em>δ</em></strong></span> <span class='ocrx_word' id='word_1_391' title='bbox 859 4353 895 4418; x_wconf 83' lang='grc' dir='ltr'><strong><em>δέ</em></strong></span> <span class='ocrx_word' id='word_1_392' title='bbox 920 4350 994 4434; x_wconf 65' lang='grc' dir='ltr'><strong><em>λύ’,</em></strong></span> <span class='ocrx_word' id='word_1_393' title='bbox 1012 4344 1229 4438; x_wconf 75' lang='grc' dir='ltr'><strong><em>Ἀγαμέμνων</em></strong></span> <span class='ocrx_word' id='word_1_394' title='bbox 1250 4356 1270 4440; x_wconf 81' lang='grc' dir='ltr'><em>ἢ</em></span> <span class='ocrx_word' id='word_1_395' title='bbox 1294 4357 1374 4440; x_wconf 80' lang='grc' dir='ltr'><strong><em>περὶ</em></strong></span> 
     </span>
     <span class='ocr_line' id='line_1_40' title="bbox 119 4453 1372 4546; baseline -0.002 -24"><span class='ocrx_word' id='word_1_396' title='bbox 119 4457 287 4542; x_wconf 89' lang='grc' dir='ltr'><strong><em>βασιλέως</em></strong></span> <span class='ocrx_word' id='word_1_397' title='bbox 315 4462 606 4546; x_wconf 87' lang='grc' dir='ltr'><strong><em>ἐπιγραφόμενος,</em></strong></span> <span class='ocrx_word' id='word_1_398' title='bbox 637 4458 796 4538; x_wconf 82' lang='grc' dir='ltr'><strong><em>διέξεισιν</em></strong></span> <span class='ocrx_word' id='word_1_399' title='bbox 820 4461 867 4534; x_wconf 85' lang='grc' dir='ltr'><strong><em>ὡς</em></strong></span> <span class='ocrx_word' id='word_1_400' title='bbox 896 4455 953 4522; x_wconf 88' lang='grc' dir='ltr'><strong><em>δεῖ</em></strong></span> <span class='ocrx_word' id='word_1_401' title='bbox 979 4453 1178 4539; x_wconf 89' lang='grc' dir='ltr'><strong><em>συμβούλων</em></strong></span> <span class='ocrx_word' id='word_1_402' title='bbox 1206 4463 1279 4534; x_wconf 88' lang='grc' dir='ltr'><strong><em>τοῖς</em></strong></span> <span class='ocrx_word' id='word_1_403' title='bbox 1301 4459 1372 4541; x_wconf 82' lang='grc' dir='ltr'><strong><em>δρί-</em></strong></span> 
     </span>
    </p>
   </div>
   <div class='ocr_carea' id='block_1_3' title="bbox 121 4559 1426 4711">
    <p class='ocr_par' dir='ltr' id='par_1_5' title="bbox 121 4559 1426 4711">
     <span class='ocr_line' id='line_1_41' title="bbox 121 4559 1426 4690; baseline -0.003 -66"><span class='ocrx_word' id='word_1_404' title='bbox 121 4580 215 4638; x_wconf 93' lang='grc' dir='ltr'><strong><em>στοις</em></strong></span> <span class='ocrx_word' id='word_1_405' title='bbox 238 4565 295 4626; x_wconf 84' lang='grc' dir='ltr'><strong><em>τὸν</em></strong></span> <span class='ocrx_word' id='word_1_406' title='bbox 317 4560 461 4644; x_wconf 89' lang='grc' dir='ltr'><strong><em>βασιλέα</em></strong></span> <span class='ocrx_word' id='word_1_407' title='bbox 483 4567 683 4648; x_wconf 88' lang='grc' dir='ltr'><strong><em>κεχρημένον</em></strong></span> <span class='ocrx_word' id='word_1_408' title='bbox 705 4563 846 4636; x_wconf 90' lang='grc' dir='ltr'><strong><em>έκείνοις</em></strong></span> <span class='ocrx_word' id='word_1_409' title='bbox 868 4581 904 4623; x_wconf 90' lang='grc' dir='ltr'><strong><em>τε</em></strong></span> <span class='ocrx_word' id='word_1_410' title='bbox 928 4559 1125 4623; x_wconf 68' lang='grc' dir='ltr'><strong><em>πείθεσθαι</em></strong></span> <span class='ocrx_word' id='word_1_411' title='bbox 1145 4559 1201 4690; x_wconf 64' lang='grc' dir='ltr'><strong><em>νηοί</em></strong></span> <span class='ocrx_word' id='word_1_412' title='bbox 1221 4561 1266 4644; x_wconf 79' lang='grc' dir='ltr'><strong><em>μη</em></strong></span> <span class='ocrx_word' id='word_1_413' title='bbox 1289 4561 1373 4621; x_wconf 89' lang='grc' dir='ltr'><strong><em>κατά</em></strong></span> <span class='ocrx_word' id='word_1_414' title='bbox 1396 4570 1426 4620; x_wconf 81' lang='lat'><strong><em>40</em></strong></span> 
     </span>
     <span class='ocr_line' id='line_1_42' title="bbox 1117 4659 1147 4711; baseline 0.033 -1"><span class='ocrx_word' id='word_1_415' title='bbox 1117 4659 1147 4711; x_wconf 80' lang='lat'><strong><em>21</em></strong></span> 
     </span>
    </p>
   </div>
   <div class='ocr_carea' id='block_1_4' title="bbox 0 0 1740 5268">
    <p class='ocr_par' dir='ltr' id='par_1_6' title="bbox 0 0 1740 5268">
     <span class='ocr_line' id='line_1_43' title="bbox 0 0 1740 5268; baseline 0 0"><span class='ocrx_word' id='word_1_416' title='bbox 0 0 1740 5268; x_wconf 95' lang='lat' dir='ltr'><strong><em> </em></strong></span> 
     </span>
    </p>
   </div>
  </div>
 </body>
</html>
