3476 5264
669 373 806 432 ORATIO
823 375 884 432 XX.
1338 383 1398 444 261

141 555 202 634 τῆς
219 535 378 623 Ἑλλάδος
398 548 456 611 καί
475 555 536 634 τής
547 537 691 624 Ἰταλίας
713 551 824 613 ένεστι
845 553 886 614 τό
906 571 943 613 τε
958 553 1072 638 ἀργεῖν
1093 557 1150 618 καί
1165 558 1204 619 τά
1220 557 1400 642 ῥᾳθυμεῖν,

141 652 198 713 καί
220 650 278 712 ούκ
300 650 471 736 ἀπορήσει
493 651 713 737 προφάσεως,
736 654 823 715 δπου
847 654 888 716 δν
909 656 989 740 τύχη
1013 657 1070 735 ῶν,
1094 649 1143 720 δι’
1167 658 1208 742 ήν
1229 657 1401 741 βλακεύων

141 773 178 814 τε
199 754 257 815 καί
278 749 525 833 ἀσχολούμενος
547 750 716 816 ἀναλώσει
737 757 794 818 καί
816 758 906 819 πάνυ
929 755 1037 822 πολύν
1062 762 1201 842 χρόνον,
1228 763 1269 824 ἀν
1293 763 1401 839 ούτως

141 857 232 939 τύχη.
268 858 312 941 μή
338 855 396 918 οδν
417 853 574 940 βελτίστη
597 837 656 942 (ᾖ)
675 859 733 920 καί
755 855 1012 946 λυσιτελεστάτη
1036 869 1158 926 πασῶν
1180 867 1199 949 ή
1224 865 1274 939 είς
1297 863 1399 927 αὑτὸν
1420 863 1440 928 8

105 971 120 1021 ύ
143 958 356 1043 ἀναχώρησις
384 960 441 1021 καί
468 960 507 1020 τό
537 963 717 1041 προσέχειν
745 965 819 1037 τοῖς
846 964 949 1025 αύτοῦ
978 966 1191 1048 πράγμασιν,
1220 967 1279 1028 έάν
1306 957 1340 1027 τ’
1365 968 1402 1028 έν

141 1057 322 1141 Βαβυλῶνι
342 1063 423 1146 τύχῃ
446 1081 499 1137 τις
521 1064 568 1124 ὢν
596 1063 655 1124 έάν
683 1055 715 1124 τ’
743 1052 931 1150 Ἀθήνησιν
960 1067 1019 1128 ίάν
1048 1058 1081 1128 τ’
1112 1057 1148 1130 ’έν
1178 1067 1399 1153 στρατοπέδῳ

142 1153 256 1224 ἐάντ’
281 1164 318 1226 έν
338 1164 428 1248 νήσῳ
451 1162 557 1249 μικρᾷ
577 1165 634 1228 καλ
659 1162 775 1246 μόνος.
830 1168 867 1229 al
894 1168 957 1254 γάρ
985 1176 1143 1232 τοιαῦται
1171 1171 1403 1258 ἀναχωρήσεις

141 1265 198 1328 καί
220 1262 415 1352 ἀποδημίαι
440 1269 563 1351 μικράν
591 1289 667 1330 τινα
697 1269 812 1349 έχουσι
839 1272 951 1356 ῥοπήν
980 1273 1067 1356 πρὸς
1095 1273 1133 1334 τύ
1164 1270 1285 1360 σχολήν
1308 1275 1402 1357 ἀγειν

142 1370 199 1431 καί
228 1371 267 1431 τδ
295 1371 459 1454 πράττειν
486 1369 529 1431 τά
559 1365 697 1432 δέοντα·
727 1372 843 1456 ὥσπερ
871 1377 945 1447 τοῖς
968 1373 1176 1437 ἀσθενοῦσιν
1197 1365 1257 1460 ἀφ’
1283 1377 1401 1458 έτέρας

6 1483 122 1539 [mmo
142 1472 200 1533 καί
228 1475 345 1556 έτέρας
372 1468 487 1547 κλίνας
514 1469 781 1536 κατακλίνεσθαι
810 1478 908 1559 φέρει
935 1479 997 1555 μέν
1025 1495 1101 1538 τινα
1136 1477 1244 1538 ένίοτε
1279 1476 1402 1561 μικράν

143 1574 352 1651 ἀνάπαυσιν,
383 1575 421 1636 οὐ
449 1576 515 1660 μήν
544 1576 659 1661 ίκανήν
680 1595 718 1657 γε
741 1567 818 1638 οὐδ’
844 1576 931 1640 ὥστε
954 1574 1168 1654 ἀπαλλάξαι·
1190 1611 1233 1620 -
1255 1574 1341 1641 ἰδεῖν
1363 1597 1399 1640 τε
1421 1580 1443 1643 9

143 1677 218 1738 ίστι
238 1677 295 1738 καί
316 1677 352 1738 έν
374 1674 422 1758 τῷ
445 1678 536 1739 πάνυ
559 1674 678 1761 πολλῷ
692 1678 832 1762 θορύβῳ
850 1699 887 1741 τε
908 1680 965 1742 καί
988 1676 1120 1765 πλήθει
1136 1680 1174 1741 ού
1188 1673 1403 1760 κωλυόμενον

143 1781 306 1864 πράττειν
335 1781 476 1842 ἕκαστον
502 1782 541 1841 τύ
571 1782 676 1843 αὑτοῦ
703 1783 817 1866 έργον,
846 1771 922 1844 ἀλλ’
948 1784 1026 1844 ότε
1055 1778 1165 1844 αὐλῶν
1187 1771 1207 1868 ἢ
1231 1778 1402 1845 διδάσκων

144 1877 256 1944 αὐλεῖν
277 1889 378 1944 τοῦτο
401 1887 503 1946 ποιεῖ
519 1880 685 1958 πολλάκις
706 1875 765 1946 ἐπ’
791 1884 894 1971 αὐτῆς
915 1893 976 1971 της
998 1880 1081 1945 δδοῦ
1101 1886 1140 1946 τύ
1165 1880 1401 1948 διδασκαλεῖον

96 1991 126 2045 11
147 1984 230 2065 έχων
257 1986 315 2047 καί
345 1981 442 2047 οὐδὲν
472 1985 574 2047 αὐτὸν
601 1982 755 2072 ἐξίστησι
781 1988 821 2047 τύ
851 1983 990 2070 πλῆθος
1019 1983 1096 2048 οὐδὲ
1119 1987 1139 2047 δ
1160 1983 1313 2072 θόρυβος
1335 1993 1402 2048 τῶν

144 2083 356 2171 παριόντων,
385 2088 405 2148 ό
433 2106 471 2149 τε
498 2088 700 2172 ὀρχούμενος
728 2088 855 2167 δμοίως
883 2076 904 2173 ἢ
936 2083 1286 2172 ὀρχηστοδιδάσκαλος
1315 2089 1404 2172 πρός

143 2190 251 2272 τούτῳ
275 2189 384 2266 ἐστίν,
414 2185 585 2273 ἀμελήσας
613 2196 680 2251 τῶν
706 2194 905 2270 μαχομένων
928 2209 964 2252 τε
986 2190 1043 2251 καί
1064 2185 1325 2270 ἀποδιδομένων
1346 2189 1403 2250 καί

143 2287 230 2352 ἀλλα
253 2292 489 2376 πραττόντων,
512 2293 589 2355 ὅτε
610 2292 816 2378 κιθαριστής
838 2294 857 2354 δ
878 2311 915 2354 τε
938 2286 1133 2378 ζωγράφος·
1162 2291 1181 2354 δ
1204 2287 1241 2353 δύ
1264 2292 1403 2352 πάντων

145 2389 380 2480 σφοδρότατόν
403 2396 512 2457 έστιν·
542 2396 576 2455 οί
603 2395 665 2478 γάρ
688 2401 755 2456 τῶν
776 2396 982 2480 γραμμάτων
1006 2391 1207 2456 διδάσκαλοι
1228 2394 1313 2474 μετὰ
1335 2399 1403 2454 τῶν

8 2493 124 2600 “ffissm
146 2492 282 2558 παίδων
304 2498 438 2572 ἐντοῖς
460 2493 554 2572 ύδοῖς
575 2497 761 2582 κάθηνται,
789 2499 847 2560 καί
869 2493 966 2560 ούδίν
988 2496 1105 2572 αὐτοῖς
1127 2493 1288 2578 ἐμποδών
1310 2497 1403 2556 έστιν

145 2600 182 2661 έν
202 2600 354 2682 τοσούτῳ
378 2595 509 2685 πλήθει
531 2606 594 2661 τοῦ
614 2596 785 2663 διδάσκειν
807 2619 843 2662 τε
865 2602 921 2663 καί
938 2599 1138 2680 μανθάνειν.
1174 2595 1238 2685 ήδη
1255 2593 1293 2660 δέ
1315 2616 1401 2659 ποτε
1414 2594 1455 2657 10

145 2697 237 2765 είδον
258 2702 323 2783 ἐγὼ
348 2697 405 2765 διδ
427 2709 491 2764 τοῦ
512 2699 731 2786 ἱπποδρόμου
754 2697 901 2784 βαδίζων
924 2697 1074 2776 πολλούς
1095 2703 1131 2764 έν
1160 2698 1208 2783 τῷ
1232 2697 1323 2783 αύτῷ
1347 2699 1404 2761 ἀν-

142 2804 311 2888 θρώπους
333 2801 436 2867 ἀλλον
463 2800 545 2866 ἀλλο
575 2825 610 2867 τι
638 2807 867 2889 πράττοντας,
896 2807 954 2867 τόν
982 2806 1045 2884 μέν
1074 2801 1238 2866 αὐλοῦντα
1245 2851 1255 2881 ,
1284 2804 1344 2864 τδν
1366 2799 1402 2865 δέ

145 2906 364 2991 ὀρχούμενον,
392 2908 451 2969 τὸν
475 2904 511 2970 δέ
533 2907 653 2986 θαῦμα
676 2904 943 2988 ἀποδιδόμενον,
971 2908 1029 2968 τδν
1054 2901 1090 2969 δὲ
1114 2907 1246 2991 ποίημα
1270 2905 1404 2987 ἀναγιγ-

96 3017 126 3068 ²⁶
147 3010 335 3086 νώσκοντα,
364 3010 423 3070 τύν
446 3004 482 3069 δὲ
506 2999 649 3091 ᾄδοντα,
674 3011 734 3071 τόν
757 3005 793 3070 δέ
817 3010 970 3094 ίστορίαν
992 3009 1069 3071 τινδ
1090 3009 1110 3094 ἢ
1133 3007 1247 3089 μῦθον
1270 3003 1404 3091 διηγού-

146 3122 265 3190 μενον·
292 3111 349 3173 καί
379 3108 456 3173 ούδέ
479 3109 529 3185 είς
550 3113 678 3174 τούτων
708 3108 827 3173 ούδένα
857 3107 1003 3174 ἐκώλυσε
1032 3114 1213 3196 προσέχειν
1236 3107 1406 3192 αὐτῷκαὶ

145 3213 185 3274 τύ
209 3213 430 3297 προκείμενον
454 3214 627 3297 πράττειν.
670 3215 784 3276 καίτοι
811 3216 939 3276 τούτων
968 3209 1065 3277 οὐδέν
1095 3215 1170 3276 ίστι
1197 3219 1266 3276 τῶν
1287 3204 1450 3296 έργων,11

148 3314 167 3376 δ
197 3317 332 3397 συνάγει
361 3317 421 3400 τήν
448 3317 561 3401 ψυχήν
587 3317 644 3378 καί
663 3316 853 3401 καθίστησι
879 3317 936 3379 καί
963 3320 1191 3402 καταφρονεῖν
1219 3317 1321 3378 ποιεῖ
1337 3320 1405 3377 τῶν

148 3413 259 3480 ἀλλων
282 3417 455 3480 ἁπάντων.
499 3415 641 3481 παιδεία
665 3415 718 3496 δέ,
748 3421 795 3494 ὡς
818 3421 921 3495 ίοικε,
949 3419 1006 3480 καί
1034 3414 1246 3504 φιλοσοφία,
1277 3417 1315 3478 αί
1341 3417 1405 3495 μά-

95 3527 127 3580 ύῦ
150 3514 247 3581 λιστα
270 3526 371 3581 τοῦτο
395 3516 678 3605 διαπράττονται,
708 3517 838 3606 πολλής
859 3520 1001 3605 ἐρημίας
1023 3539 1059 3582 τε
1080 3521 1137 3582 καί
1159 3518 1404 3602 ἀναχωρήσεως

147 3605 544 3704 τυγχάνουσιδεόμεναι·
565 3625 622 3686 καί
644 3623 760 3708 ὥσπερ
783 3625 856 3697 τοῖς
878 3627 1048 3699 νοσοῦσιν,
1071 3625 1103 3684 εί
1124 3623 1168 3707 μή
1186 3619 1405 3699 πανταχόθεν

148 3718 222 3789 ἐστὶ
244 3725 359 3810 σιωπή
382 3745 418 3787 τε
440 3724 497 3786 καί
517 3727 656 3808 ήσυχία,
687 3726 724 3787 ού
748 3722 889 3787 δυνατόν
917 3725 1026 3786 ύπνοο
1047 3720 1268 3806 μεταλαβεῖν,
1298 3723 1407 3796 οὕτως

234 3948 497 4031 1ήεδδ.Θεε11οε
566 3963 673 4018 παθεῖν
690 3958 714 4015 U
730 3975 766 4015 m.
784 3976 826 4030 pr.
908 3955 1140 4034 ύάναχωρήσεις
1156 3959 1186 4014 Μ
1259 3980 1292 4018 τε
1308 3973 1359 4030 pro
1376 3950 1407 4016 τ’

148 4041 220 4102 §vn
290 4040 353 4104 ἀν’
370 4043 403 4104 ἐν
419 4038 566 4120 Ἀθήνησιν
583 4047 613 4102 Μ
686 4051 715 4102 10
732 4048 845 4119 κλείνης
860 4045 891 4101 Μ
908 4048 1189 4116 (mmeramme)
1257 4045 1408 4104 κατακλεί·

148 4135 251 4188 νεσθαι
267 4128 298 4185 Μ
369 4135 397 4186 11
417 4131 487 4191 ίύεῑν
503 4131 536 4190 τό
552 4129 671 4191 έστινΜ
688 4131 757 4190 ίύεῖν
773 4132 806 4206 γέ
821 4129 883 4189 ἐστι
900 4130 958 4198 UB,
976 4131 1006 4189 δύ
1023 4135 1083 4201 (pro
1101 4135 1143 4196 τε)
1161 4129 1185 4184 Τ
1202 4135 1231 4188 et
1246 4131 1357 4199 vulg-ts

151 4219 182 4271 ιι
200 4211 440 4287 κινούμενον
511 4221 542 4274 τε
561 4211 692 4277 αύιοευ
762 4222 794 4273 ιι
811 4215 953 4276 αοαῑνΜ
1026 4221 1056 4273 ιε
1076 4211 1092 4275 ε
1111 4231 1163 4273 om.
1181 4215 1211 4270 Μ
1289 4221 1322 4272 ιε
1340 4211 1408 4274 τότε

150 4315 201 4370 pro
221 4291 239 4358 ό
257 4321 289 4360 τε
306 4301 331 4357 U
436 4295 710 4376 όρχισοδιύάοναλος
726 4302 750 4359 U
861 4308 891 4358 11
910 4296 1126 4374 ἀποδιδομένων
1143 4300 1231 4369 UBM,
1249 4293 1408 4372 ἀποδυσμέ·

152 4405 212 4442 νων
228 4385 252 4441 Τ
324 4392 354 4443 18
372 4381 427 4456 ἔξω
444 4380 559 4463 γράφος
575 4388 606 4442 Μ
688 4394 720 4444 19
736 4384 942 4462 σφοδρότατόν
958 4388 1048 4460 Εεαη,
1064 4384 1279 4463 φοβερώτατόν
1294 4386 1357 4442 libri

149 4473 183 4525 20
202 4473 262 4528 τοῖν
278 4485 328 4540 pro
346 4469 379 4530 έν
395 4471 425 4525 Μ
494 4477 527 4529 11
545 4468 608 4531 λ’ύον
624 4472 655 4528 Μ
725 4477 760 4530 24
777 4473 990 4546 exspectaveris:
1008 4477 1108 4544 θαῦμα
1125 4469 1357 4545 ἐπιδεικνύμενον

148 4547 428 4628 ἀναγινώσκονεαΒ
501 4563 534 4615 29
551 4555 582 4616 αλ
599 4574 651 4615 om.
669 4558 699 4614 Μ
716 4575 751 4616 m.
769 4576 811 4630 pr.
881 4564 911 4615 ³1
932 4555 1065 4630 δεόμενοι
1082 4559 1113 4615 Μ
