3466 5268
643 317 780 375 ORATIO
796 317 856 374 XL.
1339 317 1378 379 57

125 499 214 560 οὕτω
249 495 408 577 πολίχνια
441 502 509 559 τῶν
542 497 769 576 ἐπιτυχόντων
802 495 999 579 ἀνθρώπων
1031 497 1087 559 καί
1127 497 1212 582 ἐθνη
1248 496 1379 582 ἀσθενῆ

123 608 342 663 κατοικοῦντα
372 600 408 661 ἐν
436 603 532 682 μέρει
554 606 613 684 τῆς
634 606 695 684 γῆς
718 599 756 660 ού
773 594 914 660 δύναται
936 599 995 683 τῆν
1018 599 1158 682 ῆσυχίαν
1181 599 1275 680 άγειν
1303 595 1379 662 ούδέ

124 703 309 786 ἀθορύβως
336 699 495 787 ἀλληλοις
529 708 694 784 γειτνιᾶν,Ι
727 693 804 762 ἀλλ’
836 699 973 785 όρνιθες
1004 702 1065 780 μέν
1094 701 1189 784 ἐγγύς
1225 697 1378 785 ἀλλήλων
1391 705 1432 768 40

16 817 65 864 μου
77 817 110 870 11)
127 808 356 890 ποιησάμενοι
378 804 531 880 νεοττιάς
554 805 611 866 ούκ
634 799 914 885 ἐπιβουλεύουσιν
930 804 1046 878 αὐτοῖς
1062 800 1139 866 οὐδὲ
1157 800 1381 890 διαφέρονται

88 918 103 966 5
129 909 208 991 περὶ
229 915 359 994 τροφῆς
375 901 468 989 <καί>
487 908 674 990 φρυγάνων,
698 902 775 968 ούδέ
790 908 958 990 μύρμηκες
973 902 1120 989 πλησίον
1135 906 1225 980 όπδς
1239 905 1380 984 ἔχοντες,

124 1011 161 1072 ἐκ
189 1017 248 1094 τῆς
281 1000 384 1095 αὐτῆς
414 1006 484 1072 ἀλω
509 1005 673 1084 πολλάκις
694 1009 933 1094 εἰσφερόμενοι
964 1012 1075 1086 σῖτον,
1106 1004 1191 1070 ἀλλά
1222 1026 1381 1092 παραχω-

125 1118 243 1196 ροῦσιν
266 1113 382 1187 αὐτοῖς
410 1112 467 1175 καί
488 1119 555 1174 τῶν
578 1108 665 1174 όδῶν
686 1113 907 1191 ἐκτρέπονται
934 1112 991 1173 καί
1019 1105 1276 1194 συνεργάζονται
1298 1109 1381 1174 πολ-

126 1212 237 1292 λάκις,
267 1203 343 1277 οὐδὲ
374 1216 473 1294 ἐσμολ
502 1210 658 1289 πλείονες
684 1209 865 1294 μελιττῶν,
894 1216 951 1276 ἐνα
983 1215 1040 1276 καί
1067 1215 1126 1275 τδν
1154 1205 1256 1276 αύτδν
1285 1217 1381 1295 νεμό-

125 1336 224 1397 μενοι
241 1313 398 1396 λειμῶνα,
422 1323 488 1380 τῶν
504 1317 609 1401 ἔργων
625 1313 854 1401 ἀμελήσαντες
869 1317 949 1399 περί
963 1322 1030 1377 τῶν
1046 1315 1164 1379 ἀνθῶν
1179 1323 1239 1401 τῆς
1257 1312 1380 1400 δρόσου

74 1429 102 1481 11
127 1417 359 1504 διαφέρονται.
409 1419 466 1482 καί
492 1420 557 1504 μῆν
586 1415 703 1500 ἀγέλαι
731 1417 821 1498 βοῶν
848 1436 885 1479 τε
912 1418 969 1480 καί
991 1417 1110 1479 ἵππων
1132 1417 1378 1499 ἀναμιχθεῖσαι
1392 1419 1429 1484 41

7 1533 110 1586 mnu)
126 1517 290 1597 πολλάκις
318 1520 501 1604 ἀθορύβως
529 1521 586 1583 καί
608 1513 729 1604 πρᾴως
751 1525 927 1602 νέμονται,
958 1519 1044 1582 ὥστε
1074 1521 1155 1599 μίαν
1184 1518 1222 1599 ἐξ
1250 1523 1380 1610 ἀμφοῖν

125 1621 246 1709 ἀγέλην
276 1623 443 1706 δρᾶσθαι·
479 1623 530 1685 ἐτι
560 1619 596 1685 δὲ
627 1619 771 1684 αἰπόλια
799 1624 856 1684 καλ
884 1622 1030 1702 ποίμνια
1060 1625 1292 1704 συμμιχθέντα
1322 1628 1381 1690 ἐπί

124 1734 228 1812 νομῆς
251 1722 516 1811 διημερεύσαντα
539 1722 667 1811 ῥᾳδίως
688 1726 745 1789 καί
766 1721 887 1809 πρᾴως
908 1727 975 1788 ύπδ
1005 1731 1073 1788 τῶν
1102 1731 1231 1807 νομέων
1259 1725 1380 1812 διεκρί-

126 1829 250 1914 θησαν.
296 1829 482 1912 ἅνθρωποι
505 1825 541 1891 δὲ
564 1829 786 1914 βοσκημάτων
808 1828 865 1891 καί
886 1828 1019 1912 θηρίων
1039 1830 1189 1912 χείρους,
1213 1833 1260 1906 ὡς
1281 1832 1380 1910 ἐοικε,

78 1939 107 1990 15
128 1932 170 1994 τά
194 1933 282 2015 πρὸς
306 1927 424 2016 φιλίαν
447 1933 503 1995 καί
525 1933 563 1993 τδ
586 1935 759 1994 κοινωνεῖν
781 1926 949 2014 ἀλλήλους.
988 1931 1093 2015 άγδρ
1116 1935 1135 2016 ῆ
1161 1935 1264 2018 φύσις
1286 1935 1382 1997 ἐποί-

126 2052 206 2120 ησεν
236 2026 370 2110 εὐνοίας
398 2037 509 2113 ἐνεκα,
539 2042 643 2097 ταότα
672 2030 758 2096 ἰδεῖν
787 2033 880 2094 ἐστιν
909 2032 1037 2117 ἔχθρας
1064 2035 1120 2096 καί
1141 2035 1264 2113 μίσους
1288 2035 1381 2099 αἴτια

125 2140 313 2221 γιγνόμενα.
372 2128 491 2200 αὐτίκα
527 2143 545 2223 ῆ
584 2139 701 2222 πρώτη
735 2137 792 2198 καί
820 2135 959 2219 μεγίστη
993 2132 1092 2220 φιλία
1125 2143 1260 2218 γονεῦσι
1295 2139 1382 2221 πρός

127 2236 257 2315 παῖδας
273 2235 301 2302 *.

655 2461 859 2471 ——-——-

239 2750 313 2830 (24)
344 2743 490 2828 ΠΡΟΣ
520 2743 780 2826 ΑΠΑΜΕΙΣ
806 2743 941 2826 ΠΕΡΙ
971 2743 1277 2828 ΟΜΟΝΟΙΑΣ

205 3013 280 3085 Ὅτι
307 3023 369 3104 μέν
397 3023 507 3102 ὑμεῖς,
536 3019 563 3082 ὦ
586 3018 688 3107 βουλῆ
719 3023 776 3084 καί
797 3029 864 3086 τῶν
887 3020 997 3085 ἀλλων
1021 3024 1055 3084 οἰ
1078 3025 1245 3107 παρόντες
1267 3022 1301 3082 οί
1322 3040 1379 3101 με·
1406 3035 1420 3096 1

79 3130 108 3182 11
131 3127 330 3210 τριώτατοι,
362 3123 484 3210 πρᾴως
506 3127 593 3208 πρὸς
615 3125 673 3206 ἐμέ
700 3127 756 3188 καί
779 3121 922 3212 φιλικῶς
951 3128 1057 3207 ἔχετε,
1087 3122 1173 3188 δοκῶ
1199 3144 1261 3205 μοι
1282 3130 1382 3185 τοῦτο

129 3228 333 3311 γιγνώσκειν.
382 3220 484 3304 αὐτός
507 3247 543 3290 τε
565 3227 627 3311 γάρ
650 3229 794 3310 ἐμαυτόν
818 3227 895 3292 οἶδα
919 3231 998 3314 περί
1026 3225 1158 3292 πολλοῦ
1177 3227 1382 3307 ποιούμενον

127 3333 187 3416 τῆν
210 3321 294 3415 παρ’
319 3332 412 3411 ὑμῶν
435 3331 568 3393 εύνοιαν
589 3329 646 3392 καί
659 3326 832 3416 μηδέποτε
853 3329 958 3416 μηδὲν
973 3334 1125 3395 ἐναντίον
1139 3332 1224 3416 μῆτε
1240 3329 1381 3392 εἰπόντα

126 3435 210 3520 μῆτε
225 3429 418 3517 πράξαντα,
433 3434 490 3496 καί
503 3433 599 3515 ὑμεῖς
614 3423 719 3508 εὐθύς
733 3433 792 3513 ἐμὲ
808 3434 1014 3519 ἀφικόμενον
1035 3436 1218 3520 ἐτιμήσατε
1234 3428 1382 3516 δημοσίᾳ

7 3559 115 3611 monn)
129 3536 329 3622 ψηφίσματι
345 3539 554 3618 πέμψαντες,
573 3531 794 3620 συνηδόμενοι
808 3543 867 3621 τῆς
877 3532 1030 3597 καθόδου
1042 3536 1098 3597 καὶ
1111 3530 1383 3618 παρακαλοῦντες

217 3737 229 3786 1
249 3727 319 3806 ἔθνη
334 3735 384 3790 καί
402 3732 464 3800 (δατ
475 3732 545 3801 σεδ.)
558 3731 671 3798 UMT,
688 3735 920 3803 transposuerunt
935 3731 1061 3804 impressi
1112 3735 1128 3786 3
1145 3729 1199 3800 μὲν
1216 3746 1269 3788 om.
1281 3729 1332 3788 UT

129 3807 263 3883 ἰαδτοῑς
279 3817 352 3888 libri,
370 3833 439 3875 corr.
458 3817 537 3890 Eup.
624 3822 707 3876 ύκαί
723 3817 785 3876 εδδ
802 3818 883 3889 Emp.
981 3811 1137 3892 φρυγάνων
1153 3831 1205 3871 om.
1223 3814 1298 3874 UB'I'

129 3904 258 3976 πλησίων
274 3903 305 3958 Μ
356 3899 495 3963 δάλωΰ
543 3909 562 3964 ,7
581 3897 680 3971 αὐτοῖς
697 3905 770 3974 libri,
788 3919 857 3960 corr.
875 3903 955 3975 Emp.
1009 3900 1196 3976 ἐκτρέπονται
1215 3901 1245 3958 Μ
1297 3898 1385 3961 8τδν

129 3989 223 4044 0111.ss
292 3984 494 4060 νεμοίμενοιδί
573 3983 679 4049 9άνθ’
697 3979 739 4047 ὧν
755 3989 785 4045 Μ
804 3983 959 4048 ἀνθέωνΒ
1030 3994 1062 4044 1⁰
1077 3991 1161 4061 βοοῖν
1178 4007 1210 4046 τε
1227 3987 1334 4058 scripsi,
1352 4007 1384 4046 τε

128 4075 212 4146 βοῶν
228 4072 291 4130 libri
377 4068 573 4148 ἀναμιχθῆααι
590 4075 620 4129 Μ
709 4080 739 4132 12
757 4072 793 4134 αἰ
805 4096 832 4134 τι
850 4091 900 4147 pro
917 4069 959 4134 ἐτι
977 4074 1007 4129 Μ
1112 4077 1142 4129 13
1160 4072 1384 4148 διημερεύσαντα

129 4157 268 4226 Beinkim,
284 4163 333 4218 καί
350 4154 547 4234 ἦμερεύσαντα
565 4161 628 4217 λιἹιτῖ
680 4163 812 4232 νομαίων
828 4161 858 4218 Μ
912 4166 943 4216 15
962 4155 997 4220 τά
1017 4175 1069 4216 om.
1088 4159 1119 4214 Μ
1178 4156 1214 4218 τὸ
1233 4173 1285 4216 om.
1303 4158 1334 4213 Μ

132 4249 164 4301 16
182 4239 279 4304 ἕνεκεν
295 4245 352 4303 ΠΜ
368 4243 448 4306 ἕνεκα
466 4245 489 4302 Τ
575 4250 709 4318 μισοῦσαι
726 4249 769 4315 τίς
786 4247 816 4302 Μ
908 4263 975 4317 τως.
993 4245 1057 4302 ΒΤι
1076 4248 1142 4318 περὶ
1161 4237 1301 4316 ὁμονοίας
1318 4239 1386 4311 τοὺς

126 4323 264 4399 Ἀπαμεῖς
281 4337 445 4407 παρακαλεῖ
460 4331 535 4405 πρὸς
552 4331 621 4399 τούς
638 4333 789 4404 Προυοέας
867 4337 901 4389 22
919 4325 991 4407 παρ’
1008 4327 1074 4402 ύμῖν
1085 4329 1198 4401 ΟΒΜΤ,
1215 4323 1289 4404 παρ’
1306 4332 1386 4401 υμῶν

130 4414 270 4487 ἰωρτοωίς
287 4417 405 4475 sorum
421 4411 487 4490 ύμῖν
504 4415 796 4490 παρατέτακται,
814 4419 886 4476 unde
902 4418 958 4475 huc
974 4417 1110 4476 abemvit
1207 4421 1240 4473 13
1258 4417 1385 4493 δημοσίῳ

131 4499 205 4557 UBT
274 4503 308 4558 24
326 4498 459 4577 ψήφισμα
476 4503 542 4562 wil.
611 4511 674 4572 τοῖς
689 4518 740 4574 pro
758 4507 808 4576 τῆς
824 4505 854 4562 Μ
