3476 5264
677 371 815 429 ORATIO
832 371 906 429 xvi
1363 371 1426 432 243

166 551 223 635 ρλα
246 551 421 632 τραύματα
447 543 638 628 λαμβάνειν.
676 548 733 610 καὶ
752 547 815 632 γάρ
838 548 874 610 ολ
894 547 974 623 τούς
989 545 1102 623 πόδας
1118 549 1250 628 ἔχοντες
1272 547 1426 628 ἁπαλούς
1450 552 1470 612 7

165 652 223 714 καὶ
244 649 420 726 παντελῶς
443 650 639 733 ἀτρίπτους,
664 652 784 713 ἔπειτα
805 655 945 733 γυμνοῖς
968 642 1084 726 αὐτοῖς
1105 645 1310 732 βαδίζοντες,
1334 645 1428 716 οὐδέ-

166 772 254 816 ποτε
275 757 435 832 τοιαύτην
458 754 658 838 εὑρήσουσιν
680 749 759 816 όδδν
788 755 875 816 ὥστε
903 757 947 839 μή
978 754 1165 816 νύττεσθαι
1195 751 1281 840 μηδὲ
1304 753 1427 838 ἀλγεῖν,

167 848 253 913 ἀλλά
275 854 332 915 καὶ
352 856 391 917 τδ
414 858 512 935 τυχδν
536 847 646 918 αὐτῶν
670 857 832 919 ἅπτεται·
855 861 930 932 τοῖς
953 853 989 918 δὲ
1005 859 1189 941 ἠσκηκόσιν
1205 846 1282 920 οὐδὲ
1301 862 1321 943 ή
1338 861 1427 920 πάνυ

133 966 148 1016 i
170 959 308 1040 τραχεῖα
328 953 471 1042 χαλεπή.

252 1061 425 1122 τοσούτων
448 1059 506 1122 οὖν
529 1056 700 1123 δυσκόλων
723 1062 829 1124 όντων
852 1062 922 1124 όπδ
951 1069 1013 1123 τοῦ
1035 1063 1192 1142 σώματος
1215 1058 1428 1146 ἀρξαμένοις,

34 1156 202 1262 (λήλῃξξήτλ
231 1157 287 1223 δεῖ
310 1158 506 1245 προσδοκᾶν
533 1164 553 1249 ή
584 1170 660 1239 πῶς
689 1164 818 1226 ἔνεστιν
849 1167 990 1226 έκάστου
1019 1165 1148 1226 τούτων
1176 1165 1428 1245 αἰσθανόμενον

166 1263 223 1324 καλ
244 1258 373 1346 ῥᾳδίως
394 1261 569 1328 ἐνδιδόντα
592 1267 637 1351 μή
661 1263 1011 1346 κακοδαιμονέστατον
1033 1267 1196 1330 ἁπάντων
1219 1266 1317 1344 εἶναι,
1340 1260 1430 1349 (ἀεὶ)

167 1367 438 1448 προσευχόμενον
459 1371 533 1442 τοῖς
554 1367 655 1442 θεοῖς
677 1369 774 1443 όπως
794 1371 840 1454 μή
863 1376 963 1430 τοῦτο
985 1365 1071 1453 μηδὲ
1093 1376 1194 1431 τοῦτο
1218 1370 1345 1454 σομβῃ·
1368 1389 1426 1429 κα·
1449 1367 1468 1431 8

119 1477 148 1528 1⁰
170 1467 287 1552 θάπερ
311 1465 347 1530 εἴ
359 1489 413 1544 τις
436 1470 470 1530 ἐν
487 1470 599 1554 όμβρῳ
617 1472 846 1553 πορευόμενος
870 1476 1050 1551 σκέπασμα
1064 1472 1126 1553 μέν
1153 1472 1225 1550 ἔχοι
1238 1468 1354 1556 μηδέν,
1377 1471 1429 1533 εδ·

163 1587 261 1647 χοιτο
284 1565 320 1632 δέ
341 1574 446 1649 μόνον
469 1573 610 1634 ἕκαστον
631 1578 699 1633 τῶν
724 1570 923 1655 σταλαγμῶν
947 1571 1126 1659 διαφυγεῖν
1142 1571 1244 1650 (πολύ
1260 1581 1339 1657 γοῦν
1361 1580 1428 1636 τῶν

169 1667 369 1753 σταλαγμῶν
401 1675 619 1756 συνεχέστερά
648 1675 723 1736 ἔστι
744 1674 787 1735 τά
811 1672 950 1760 δυσχερῆ
973 1671 1051 1758 (τά)
1073 1676 1170 1760 παρά
1192 1683 1254 1762 τῆς
1275 1678 1387 1761 τύχης)
1406 1675 1427 1760 ή

166 1774 204 1858 νή
221 1774 291 1835 Δλα
306 1772 342 1836 εἴ
358 1796 412 1850 τις
436 1772 549 1838 πλέων
576 1777 651 1840 άντλ
679 1784 743 1838 του·
762 1781 836 1853 τοῖς
859 1774 951 1854 οἴαξι
973 1783 1153 1862 προσέχειν
1177 1779 1235 1840 καὶ
1257 1779 1296 1840 τό
1320 1793 1427 1862 προσ-

167 1880 298 1939 πῖπτον
321 1873 485 1956 δέχεσθαι
505 1875 616 1954 καλῶς
633 1881 764 1959 εδχοιτο
781 1877 887 1963 μηδέν
902 1886 969 1942 τῶν
993 1883 1150 1960 κυμάτων
1173 1880 1258 1942 κατὰ
1273 1882 1334 1966 τήν
1349 1887 1429 1941 ναῦν

120 1990 149 2042 1⁶
170 1979 344 2059 γενέσθαι.
390 1985 472 2065 φέρε
493 1982 573 2064 γάρ,
599 1979 625 2042 ὦ
648 1984 787 2061 μάταιε,
818 1983 879 2044 κᾶν
902 1983 1014 2043 πάντα
1045 1998 1101 2043 σοι
1127 1979 1234 2044 τᾶλλα
1264 1983 1322 2066 ἔχῃ
1344 1981 1428 2043 κατά

167 2082 306 2164 τρόπον,
330 2078 414 2142 ἀλλά
430 2089 494 2143 τοῦ
505 2101 542 2164 γε
558 2084 608 2158 εἰς
623 2071 683 2169 τήν
699 2085 865 2145 ἐπιοῦσαν
880 2087 1009 2168 ήμέραν
1031 2083 1230 2163 βιώσεσθαι
1250 2085 1326 2146 τλνα
1342 2084 1429 2161 ἔχεις

168 2182 287 2244 πύστιν
308 2185 365 2246 καὶ
385 2185 430 2268 μή
453 2180 578 2262 μεταξύ
602 2186 740 2247 πάντων
767 2185 908 2268 ἀθρόως
938 2185 1175 2270 ἀφαιρεθῆναι
1203 2191 1271 2246 τῶν
1295 2181 1429 2246 δοκούν-

167 2303 235 2346 των
258 2285 399 2365 ἀγαθῶν
406 2307 419 2361 ;
442 2277 561 2347 οὐκοῦν
584 2301 622 2348 σε
645 2288 726 2371 περὶ
746 2289 868 2349 τούτου
888 2289 1026 2372 πρώτου
1049 2288 1217 2372 προσήκει
1240 2283 1430 2350 λυπεῖσθαι

167 2386 224 2447 καὶ
246 2382 395 2449 δεδιέναι
417 2389 477 2472 τήν
500 2384 691 2473 ἀδηλότητα
714 2396 776 2451 του·
797 2391 1005 2474 πράγματος.
1051 2391 1092 2452 άν
1122 2385 1158 2452 δέ
1185 2391 1291 2452 έκεῖνο
1314 2391 1427 2474 έννυή-
1449 2387 1470 2450 9

119 2499 149 2551 2)
170 2486 240 2570 θῇς
261 2489 315 2550 ότι
336 2485 454 2573 μηδεὶς
479 2487 567 2565 όλως
594 2492 668 2553 ἐστὶ
695 2498 757 2552 τοῦ
783 2492 860 2573 βλου
888 2495 1019 2574 κύριος,
1049 2488 1135 2554 ἀλλά
1162 2494 1289 2566 πάντες
1311 2493 1345 2553 ολ
1365 2512 1430 2570 μα-

166 2590 281 2674 κάριοι
294 2587 438 2653 καλλέαν
460 2581 659 2671 εὐδαίμονες
682 2589 839 2669 δόξαντες
865 2592 955 2655 εἶναι
976 2593 1164 2679 τεθνήκασι
1185 2595 1242 2656 καὶ
1266 2595 1320 2656 σολ
1343 2595 1429 2677 πάρ·

167 2708 259 2756 εστιν
288 2691 352 2779 ήδη
381 2701 481 2756 τοῦτο
511 2697 550 2757 τδ
581 2699 706 2779 πέρας,
743 2697 805 2757 κᾶν
832 2697 894 2758 έπλ
924 2692 1087 2759 πλεῖστον
1116 2693 1222 2781 ἔλθῃς
1253 2701 1315 2756 τοῦ
1340 2695 1428 2776 βλοο,

167 2792 275 2858 πολύν
299 2793 398 2882 λήρου
420 2799 527 2883 ήγήσῃ
552 2799 609 2860 καλ
630 2795 777 2882 μεγάλην
800 2790 962 2884 εὐήθειαν
985 2801 1023 2860 τὸ
1040 2794 1188 2880 νομίζειν
1203 2795 1290 2873 ὅλως
1306 2819 1340 2861 τι
1363 2793 1429 2860 δει-

167 2899 225 2960 νδν
247 2897 336 2960 εἶναι
358 2905 425 2962 τῶν
448 2904 653 2982 γιγνομένων
667 2895 726 2986 <ή>
745 2905 830 2982 μέγα
846 2890 866 2986 ἢ
883 2903 1096 2981 θαυμαστόν,
1121 2899 1197 2980 δέχα
1214 2921 1250 2984 γε
1272 2903 1347 2975 ένός
1369 2905 1432 2960 του·

118 3011 148 3062 2
167 3002 271 3083 χωρὶς
295 2997 402 3086 λύπης
422 3003 480 3065 καὶ
503 3003 612 3087 φόβου
634 3005 691 3065 καλ
713 3009 781 3066 τῶν
803 3006 967 3067 τοιούτων
991 3003 1120 3066 παθῶν
1141 3005 1223 3084 μλαν
1249 3009 1327 3084 γοῦν
1348 3005 1428 3086 ήμέ-

168 3121 230 3186 ραν
254 3098 434 3184 διαγαγεῖν.
471 3106 531 3165 τόν
549 3096 682 3166 Ἰάσονά
701 3121 789 3190 φασι
800 3109 1005 3186 χρισάμενον
1021 3103 1162 3186 δυνάμει
1177 3105 1255 3183 τινλ,
1280 3101 1425 3185 λαβόντα
1439 3102 1481 3164 10

168 3202 263 3284 παρά
285 3211 345 3287 τῆς
367 3201 538 3288 Μηδείας,
560 3206 681 3267 ἔπειτα
706 3204 804 3285 οἶμαι
824 3209 908 3292 μήτε
931 3209 1026 3292 παρά
1041 3215 1104 3270 τοῦ
1126 3205 1309 3292 δράκοντος
1322 3201 1427 3291 μηδὲν

33 3304 303 3379 (ιονωωπαθεῖν
325 3307 409 3390 μήτε
431 3307 499 3368 ὑπὸ
522 3313 589 3369 τῶν
612 3309 745 3390 ταύρων
770 3315 837 3371 τῶν
860 3312 898 3370 τὸ
922 3317 989 3392 πῦρ
1013 3311 1260 3372 ἀναπνεόντων.
1305 3311 1429 3393 ταύτην

1339 3487 1421 3494 ..-—-

256 3606 338 3662 1καὶ
357 3599 414 3678 γάρ
434 3620 487 3662 om.
504 3603 535 3658 Μ
604 3607 686 3662 2ιιαλ
704 3608 851 3672 παντελῶς
868 3620 920 3660 om.
938 3604 969 3660 Μ
1054 3604 1102 3663 ἐπὶ
1119 3627 1156 3666 τα
1175 3608 1204 3662 Μ
1292 3608 1429 3663 δτοσοῦ·

168 3710 221 3749 τον
237 3690 263 3746 U
339 3682 400 3749 άπὸ
418 3721 452 3730 -
470 3683 642 3764 άρξυμένοις
660 3696 790 3760 corrupta
800 3691 906 3760 putavit
917 3690 1043 3760 (διτταὶ),
1060 3692 1126 3747 mihi
1139 3707 1206 3747 ιααι
1223 3690 1349 3746 videntur
1367 3704 1429 3744 cum

168 3777 248 3846 Emp.
330 3782 344 3831 i
363 3782 427 3846 post
444 3779 613 3849 προσόοαιῖν
630 3776 709 3845 vulgo
727 3776 946 3845 interrogationis
964 3777 1068 3846 signum
1085 3777 1211 3847 ponitur;
1231 3774 1305 3845 quod
1323 3773 1429 3839 austun,

167 3856 206 3934 μὴ
224 3863 528 3932 κακοδαιμονέστατον
545 3857 617 3919 εἶναι
634 3877 653 3916 2
664 3865 832 3934 προσδοκᾶν
844 3867 870 3916 ei
882 3857 994 3919 ἔνεστιν
1005 3861 1126 3931 pendero
1142 3867 1218 3917 ratus
1271 3864 1287 3915 8
1305 3851 1350 3918 dei
1366 3857 1429 3914 εδδ.

167 3946 315 4003 δεεσυιίαυ
367 3947 468 4003 9ὓεω.
483 3952 498 4002 9
511 3947 589 4011 (Phil.
602 3952 628 4014 3)
642 3951 657 4014 ξ
671 3951 703 4001 ³³
716 3952 856 4016 comparat
867 3947 948 4017 Emp.
961 3947 990 4001 in
999 3946 1107 4003 schedis
1162 3950 1194 4001 12
1207 3949 1339 4018 δυσχερεῑ
1352 3942 1378 3998 U

166 4027 204 4091 τά
221 4033 313 4088 addidi
382 4037 412 4088 13
430 4032 631 4106 προσέπιπτον
648 4033 677 4087 Μ
695 4033 798 4087 malim:
816 4026 851 4089 τὸ
870 4041 1060 4105 προσπῖπτον
1070 4032 1182 4102 (κῦμα)
1253 4034 1282 4085 17
1302 4025 1360 4087 κάν
1377 4042 1427 4098 pro

168 4120 218 4175 καὶ
235 4119 274 4187 Μ,
292 4117 364 4187 quod
380 4118 480 4188 probat
498 4118 576 4188 Emp.
594 4117 731 4174 Δδδίιωα.
750 4133 777 4186 p.
796 4119 846 4173 824
938 4111 1119 4190 οἷφερεέῆναι
1136 4117 1166 4172 Μ
1261 4119 1293 4172 19
1309 4112 1431 4184 ἐνθυμη-

167 4202 272 4276 θῇςῦ
373 4207 406 4258 20
425 4199 502 4261 ἔστιν
526 4194 601 4271 δ’λως
625 4204 686 4270 (hoc
711 4201 827 4268 ord.)U
930 4198 1029 4275 κύριος
1052 4201 1131 4272 wil„
1156 4197 1267 4274 χρόνος
1283 4199 1346 4256 libri

167 4292 197 4344 21
218 4292 267 4346 καὶ
285 4293 332 4346 σοὶ
350 4289 462 4360 scripsi,
483 4290 536 4346 καλ
557 4309 604 4347 σοι
627 4291 705 4356 vulgo
811 4291 844 4342 22
869 4287 958 4343 malim
983 4281 1018 4344 τὸ
1042 4280 1114 4345 αδτο
1133 4303 1183 4357 pro
1201 4290 1289 4343 τοῦτο
1307 4278 1342 4341 τὸ

167 4377 200 4428 23
217 4379 310 4447 γῆρυν
325 4377 353 4441 (λ
370 4388 506 4445 superior.
524 4391 541 4430 ε
559 4379 642 4439 corr.)
657 4373 683 4430 U
768 4366 866 4446 ήγήσει
884 4373 914 4427 Μ
1010 4376 1043 4427 24
1061 4366 1080 4444 ἢ
1096 4379 1160 4427 ante
1176 4371 1252 4443 μέγα
1269 4385 1321 4426 om.
1339 4366 1430 4424 ΠΒΜ,

167 4457 227 4513 αδδ.
247 4459 270 4514 Τ
391 4463 424 4514 26
445 4455 621 4531 χρισάμενον
641 4457 784 4523 mitius,
806 4453 992 4531 χρησάμενον
1008 4458 1084 4524 libri,
1111 4457 1185 4526 quod
1206 4460 1270 4527 post
1293 4455 1350 4511 τινλ
1374 4451 1430 4508 ool·

168 4541 286 4598 locati]

1173 4629 1224 4682 ¹6*
