3454 5272
331 351 393 410 330
829 352 1021 410 APPENDIX
1038 355 1087 410 111.

330 527 391 610 γάρ
422 527 617 590 τυύναντίον
645 532 665 611 η
697 531 792 615 φωνὴ
824 526 993 606 καθάπαξ
1019 533 1203 592 τετόνωται
1231 531 1288 592 καὶ
1319 533 1436 616 φεύγει
1464 529 1603 612 μᾶλλον

330 629 448 712 ἁπάσῃ
474 626 607 714 σπουδῇ
628 631 685 692 καὶ
707 638 796 693 πᾶσι
818 634 963 712 τρόποις
984 634 1023 693 τδ
1048 632 1190 712 ἔθιμον,
1212 633 1273 695 κάν
1296 636 1373 708 ταῖς
1395 631 1601 696 εὐτελεστά-

330 751 407 804 ταις
428 730 521 793 ἐστιν
544 735 599 795 ὅτε
623 733 817 814 συμβαίνων
839 737 988 810 ἐννοίαις
1011 736 1199 816 δγκούσθαι
1223 736 1336 818 χαίρει
1363 737 1421 798 καὶ
1444 733 1600 820 διαίρειν

330 836 450 897 έαυτδν
473 836 629 921 ἀμηγέπη
653 844 830 922 πειρᾶται,
853 841 898 924 μὴ
924 840 1086 922 πράττειν
1108 839 1254 901 ταπεινά
1278 840 1483 901 παντάπασι
1505 830 1596 924 μηδ’

293 955 308 1004 5
331 937 603 1023 εὑπεριφρόνητα
626 947 669 1024 τῇ
691 936 851 1003 διαθέσει
872 949 932 1026 τῆς
954 940 1133 1025 ἑρμηνείας
1156 936 1367 1018 σπουδάζων.
1405 943 1463 1002 καί
1477 942 1599 1003 τοίνυν

331 1031 406 1100 τύδ’
433 1042 593 1103 ὁπωσοῦν
622 1039 785 1126 ἀφελείας
814 1040 904 1124 αὑτῷ
933 1046 1106 1122 μέτεστιν,
1136 1045 1189 1105 δτι
1214 1045 1259 1129 μή
1291 1047 1367 1118 ταῖς
1395 1043 1597 1106 ὑποθέσεσι

329 1144 433 1221 μόνον
456 1144 549 1206 ἔστιν
573 1141 615 1204 οὑ
635 1140 836 1228 διατίθησιν
859 1141 976 1227 ἡδέως,
999 1147 1055 1206 καί
1071 1141 1128 1206 διά
1147 1141 1349 1230 γλυκύτητος
1364 1145 1414 1219 είς
1430 1147 1490 1230 τὴν
1506 1145 1597 1230 ἀφέ-

331 1239 425 1306 λειαν
446 1252 586 1326 γενικῶς
607 1247 647 1308 ἀν
672 1251 789 1332 φέρειν
812 1248 941 1330 δπηοῦν
961 1243 1068 1323 δόξαι,
1090 1249 1147 1310 καί
1162 1253 1236 1323 τοῖς
1251 1249 1400 1332 ῥήμασιν
1423 1245 1507 1323 ἴσως
1523 1249 1596 1331 ἀρα

329 1344 435 1428 βραχύ
458 1349 514 1409 καλ
538 1350 708 1426 σπανίως,
740 1350 890 1435 συνθήκη
914 1339 947 1412 δ’
974 1346 1050 1412 οὑδὲ
1076 1341 1161 1412 καθ’
1187 1351 1300 1412 ὁτιοῦν
1330 1342 1403 1434 [ού].
1447 1351 1504 1412 καί
1534 1351 1598 1410 οὑκ

277 1467 306 1519 1⁰
330 1438 401 1508 οἶδ’
428 1447 463 1510 εἴ
480 1470 534 1524 τις
556 1451 597 1512 ἀν
618 1452 675 1512 καλ
697 1447 800 1527 ἀλλος
822 1451 906 1512 κατὰ
928 1453 1091 1514 Συνέσιυν
1111 1453 1169 1515 καί
1190 1453 1231 1513 τά
1256 1459 1414 1537 χαμερπῆ
1436 1451 1493 1513 καλ
1514 1449 1596 1532 γλυ-

328 1543 471 1625 κάζυντα
495 1556 643 1630 συνέχειν
664 1573 701 1614 τε
722 1554 779 1615 καλ
803 1555 974 1632 σεμνύνειν
998 1554 1177 1638 ἀναφέρων
1200 1551 1248 1635 τῷ
1273 1551 1386 1637 δρόμῳ
1410 1573 1447 1616 τε
1468 1555 1528 1615 καί
1549 1562 1596 1637 τῇ

330 1652 480 1736 συνθήκη
506 1654 640 1737 αίρυῖτό
662 1656 776 1717 τεκαὶ
799 1651 953 1716 δύναιτο·
976 1657 1072 1718 Δίων
1095 1653 1132 1718 δὲ
1156 1661 1223 1718 πᾶν
1244 1656 1442 1718 τυύναντίυν
1457 1656 1594 1738 δρᾶται,

328 1757 365 1828 δς
387 1773 423 1836 γε
445 1756 502 1817 καὶ
523 1756 586 1831 τάς
609 1752 841 1836 ἀξιωματικδς
861 1757 965 1832 αὑτάς
980 1757 1171 1832 ὑποθέσεις
1186 1757 1353 1839 ἀκόμψως
1374 1759 1431 1819 καί
1452 1753 1595 1842 ἀφελῶς

329 1861 519 1941 προφέρειν
543 1857 677 1920 εἴωθεν.
716 1855 801 1920 ἀλλὰ
824 1861 881 1921 καλ
903 1862 995 1938 ὅμως
1018 1861 1229 1935 ὑπεναντίως
1245 1860 1363 1936 οὑτως,
1386 1861 1467 1923 ὅσον
1488 1851 1522 1942 γ’
1541 1863 1595 1934 είς

281 1979 308 2029 ιε
329 1961 368 2020 τδ
386 1963 592 2044 φαινόμενον
607 1968 667 2047 τῆς
682 1958 902 2044 ἀπαγγελίας,
925 1960 973 2044 τῴ
992 1958 1099 2045 λέγειν
1111 1963 1291 2045 χρώμενοι,
1315 1961 1373 2022 ούκ
1396 1958 1493 2044 ὀλίγα
1516 1968 1594 2036 τοῖς

328 2057 440 2139 καλῶς
462 2059 647 2147 ξυνορῶσιν
671 2064 785 2143 έχουσι
806 2065 915 2145 κοινά,
941 2065 999 2127 καί
1019 2064 1139 2138 καθὼς
1161 2065 1258 2148 έφην,
1282 2064 1302 2124 δ
1324 2059 1479 2146 δεύτερος
1500 2065 1593 2148 ἥκων

329 2166 490 2241 Συνέσιυς
514 2166 615 2241 αὑτὸς
636 2169 798 2242 ἐπιεικῶς
817 2168 931 2250 χαίρει
953 2164 1001 2249 τῷ
1024 2167 1146 2229 Δίωνι.
1190 2167 1247 2227 καί
1270 2165 1307 2227 ού
1332 2161 1416 2247 λέγω
1432 2168 1592 2228 νὺνκατά

329 2269 389 2353 την
413 2265 607 2352 φιλόσοφον
630 2265 748 2348 ἀμέλει
772 2270 953 2353 πρόθεσιν,
975 2271 1032 2332 καί
1054 2276 1155 2331 τοῦτο
1176 2269 1238 2348 μὲν
1260 2269 1333 2351 γάρ,
1356 2257 1432 2328 ἀλλ’
1457 2271 1511 2330 δτι
1533 2272 1593 2330 καί

329 2371 368 2431 τδ
398 2373 537 2451 γόνιμον
560 2363 618 2454 ἄρ’
644 2374 802 2454 έκάτερος
829 2377 906 2446 ταῖς
936 2372 1036 2447 αύτδς
1064 2373 1169 2433 αὑτοῦ
1195 2370 1409 2433 ὑποθέσεσιν
1442 2371 1592 2456 ἐμφερὲς

276 2491 308 2541 2⁰
330 2473 454 2550 έχουσι,
477 2475 632 2547 καὶτοῖς
654 2471 836 2555 ἐπιβολαῖς
858 2483 918 2559 τῆς
933 2476 1066 2558 γνώμης
1089 2474 1138 2549 εἰς
1161 2473 1202 2534 τά
1222 2467 1450 2557 παραπλήσια
1467 2476 1590 2558 φέρον-

329 2593 397 2649 ται,
420 2575 477 2636 καὶ
498 2571 648 2655 μάλιστά
671 2595 707 2656 γε
730 2573 777 2656 τῷ
800 2577 885 2637 κατὰ
908 2579 967 2662 την
990 2577 1169 2661 έρμηνείαν
1191 2576 1274 2660 ἤθει
1295 2571 1419 2658 κομιδῇ
1442 2571 1596 2657 ξυγγενεῖ

329 2677 409 2750 τούς
433 2672 551 2756 λόγους
574 2676 684 2738 αὑτῶν
708 2679 924 2762 παθητικούς
947 2685 1089 2741 ποιοῦσι
1110 2680 1167 2741 καί
1187 2679 1359 2762 γοητεύειν
1382 2677 1420 2738 εὑ
1439 2667 1522 2758 μάλ’
1542 2678 1590 2752 ὡς

330 2774 472 2862 ἀληθῶς
494 2780 552 2840 τδν
575 2778 789 2861 ἀκροώμενον
813 2779 874 2841 οίω
899 2770 932 2840 τ’
958 2781 1058 2842 έστδν
1080 2781 1196 2866 ἄμφω.
1234 2781 1274 2841 τό
1296 2799 1332 2862 γε
1356 2777 1394 2865 δη
1418 2778 1474 2840 καί
1490 2776 1590 2858 ἴσμεν

331 2882 495 2956 ἅπαντες,
524 2883 602 2942 δσοι
623 2886 691 2943 τῶν
714 2877 820 2963 λόγων
844 2881 954 2943 αὑτῶν
985 2882 1247 2966 πεπειράμεθα·
1275 2883 1332 2944 καὶ
1360 2883 1403 2958 (εί
1424 2884 1469 2967 μὴ
1493 2901 1589 2960 νεμε-

277 2999 308 3050 2ε
332 2984 429 3068 σήσει
450 3003 504 3058 τις
527 2981 610 3052 ἴσως
634 2982 686 3057 οἱς
709 2985 797 3067 ἐρῶ),
825 2980 991 3059 πολλάκις
1015 2981 1054 3070 δὴ
1077 2985 1229 3059 καὶτοῖς
1251 2985 1368 3059 αὑτοῖς
1391 2985 1409 3044 δ
1431 2980 1590 3064 δεύτερος

330 3084 382 3159 υίς
406 3086 549 3170 φθάσας
572 3086 592 3146 δ
612 3086 707 3146 Δίων
730 3086 852 3169 δρᾶται
878 3089 1066 3169 χρώμενος,
1096 3088 1153 3150 καὶ
1182 3087 1221 3148 σύ
1253 3084 1409 3172 φείδεται
1433 3077 1509 3148 οὐδ’
1535 3089 1588 3147 αί-

329 3183 440 3249 δεῖται
466 3190 545 3262 τούς
574 3189 861 3264 έπυπτεύσοντας.
913 3191 970 3252 καὶ
997 3192 1062 3276 μην
1093 3189 1131 3251 ού
1161 3177 1238 3252 κατ’
1264 3185 1354 3273 ἦθος
1385 3190 1452 3270 ἀρα
1481 3190 1587 3266 μόνον

330 3291 437 3364 οὑτως
461 3291 581 3372 δρᾶται
600 3293 782 3374 χρώμενος,
806 3291 826 3352 δ
848 3299 904 3354 νύν
928 3294 946 3353 δ
970 3289 1068 3374 λόγος
1085 3288 1259 3378 ἠβούλετο,
1282 3283 1358 3352 ἀλλ’
1377 3292 1428 3352 έτι
1450 3308 1506 3351 πω
1528 3291 1588 3350 καί

328 3385 495 3470 θαυμάζω
518 3384 659 3471 μάλιστ’
678 3393 780 3477 έγωγε
797 3391 953 3479 ξυνορῶν,
970 3397 1023 3456 δτι
1037 3395 1094 3457 καὶ
1113 3385 1265 3480 νοήμαθ’
1283 3389 1345 3456 δλα
1368 3399 1435 3454 τῶν
1449 3393 1587 3467 Δίιυνος

277 3509 307 3560 ευ
330 3495 532 3580 ἀφαιρεῖται
546 3497 707 3572 Συνέσιος
721 3499 771 3572 είς
786 3499 992 3583 κατασκευήν
1004 3495 1051 3558 ὥν
1064 3487 1228 3559 ἑκάστοθ’
1248 3497 1396 3580 αἱρεῖται
1407 3495 1463 3556 καλ
1479 3509 1585 3555 σπου-

329 3592 432 3674 δάζει,
455 3595 604 3678 μάλιστα
628 3596 667 3685 δὴ
690 3600 747 3662 καί
769 3601 849 3683 περὶ
871 3605 938 3661 τῶν
961 3599 1071 3661 αὑτῶν
1088 3593 1289 3675 σπουδάζων
1306 3597 1362 3660 καί
1383 3599 1444 3683 τὴν
1466 3597 1584 3658 ἔνστα-

330 3718 384 3762 σιν
406 3702 490 3781 έχων
514 3700 560 3764 ὥν
582 3703 639 3764 καὶ
659 3703 754 3764 Δίων
776 3702 893 3778 αὑτός,
919 3703 977 3764 καί
996 3704 1152 3786 κρατύνει
1174 3703 1213 3763 τὸ
1238 3700 1459 3783 προκείμενον
1482 3699 1586 3760 ταύτό

328 3823 364 3884 γε
387 3804 433 3880 δν,
457 3804 477 3865 δ
498 3806 555 3867 καὶ
575 3805 695 3880 Δίωνι,
720 3801 777 3866 διδ
800 3810 867 3865 τῶν
890 3805 999 3866 αὐτῶν
1016 3805 1230 3888 ἐννοημάτων
1252 3804 1309 3865 καί
1330 3802 1586 3886 ἐπιχειρήσεων,

329 3904 375 3967 ὧν
399 3906 543 3991 φθάσας
564 3909 691 3982 ἐκεῖνος
714 3907 829 3970 άνὺτει
851 3909 1072 3990 πρυενεγκών,
1095 3908 1142 3982 ὡς
1164 3903 1306 3990 ἀληθῶς
1321 3900 1481 3986 βέλτιστα
1497 3905 1586 3982 πρὸς

275 4019 305 4069 ευ
327 4010 387 4093 την
407 4009 533 4092 χρείαν,
556 4010 613 4071 καὶ
636 4009 674 4070 σύ
691 4013 844 4071 ποιεῖται
865 4011 970 4090 μόνον
985 4011 1043 4071 τδν
1059 4015 1136 4070 νοῦν
1152 4012 1275 4070 ἑαυτοῦ
1287 4008 1344 4069 καὶ
1365 4007 1488 4082 κοινόν,
1504 3995 1583 4064 ἀλλ’

413 4277 428 4328 ³
447 4273 615 4348 συμβαίνων
631 4272 739 4342 scripsi,
757 4273 1011 4345 συμβαῖνυντυίςυ
1065 4278 1080 4327 ὑ
1099 4270 1272 4342 σπουδάζων
1289 4271 1395 4341 scripsi,
1413 4266 1587 4340 σπουδάζειν

327 4359 406 4428 vulgo
475 4365 491 4414 9
509 4352 538 4416 δ’
557 4352 621 4417 σύὺε
637 4353 710 4416 καθ’
729 4352 827 4416 δτιυῦν
844 4358 950 4429 εσιίρεῖ,
968 4357 1082 4416 δὲκαθ’
1103 4352 1202 4415 ὑτιοὺν
1220 4349 1254 4414 σύ
1266 4357 1346 4425 vulgo
1417 4360 1450 4411 24
1468 4353 1587 4428 νεμεσά-

327 4465 370 4503 σει
388 4443 487 4520 scripsi
504 4443 659 4518 νεμεσήσαι
675 4443 755 4514 vulgo
836 4449 868 4499 25
887 4437 930 4509 οἷς
947 4443 1053 4512 scripsi,
1071 4437 1113 4509 ύς
1128 4443 1209 4511 vulgo
1299 4446 1331 4498 22
1350 4435 1587 4507 ἐποπτεύσαντες

326 4529 431 4600 scripsi,
449 4525 665 4596 ἐποπτεύοντες
680 4531 759 4599 vulgo
834 4533 866 4584 28
884 4529 1004 4584 fortasse
1021 4523 1063 4586 ἔτι
1081 4547 1138 4585 που
