3454 5272
639 379 817 438 ARETHAE
835 379 907 437 mo.
1341 383 1404 442 ⁸27

147 557 247 643 αὐτῆς
270 553 493 638 ἀπαγγέλλειν
516 565 620 619 ταῦτα
646 561 896 640 προστέτακται
920 559 985 639 ότῳ
1012 557 1104 618 ἔστιν
1124 559 1179 618 ότε
1203 559 1404 642 συγκυρήσοι

147 654 230 740 ἀξίῳ
254 665 316 720 τοῦ
335 655 511 739 βασιλείου
535 655 814 743 ἐπιτηδεύματος,
836 660 893 720 καί
915 661 1049 733 τούτοις
1073 658 1111 720 ού
1132 662 1236 739 μόνον
1256 661 1403 744 ἐπιρρώ-

13 843 17 850 Ι
149 777 210 836 σας
232 762 271 822 τό
294 759 405 844 ἐαυτῷ
429 755 713 842 σπουδαζόμενον,
737 763 768 824 εί
789 763 834 847 μη
858 781 926 823 που
949 763 1005 824 καί
1021 762 1068 836 ὡς
1083 758 1301 843 ὁμόγλωσσον
1324 766 1399 824 ἐαυ-

145 865 204 924 τὸν
226 865 360 938 τούτοις
381 859 453 943 <ἐν>
474 868 550 938 ταῖς
568 869 807 946 προκειμέναις
821 865 1034 926 ὑποθέσεσιν
1051 864 1234 948 ἀποφήνας
1257 864 1401 942 ἀνεπαχ-

146 965 301 1026 θέστατα
324 968 363 1027 τό
386 965 483 1048 ἐργον
506 969 766 1050 συνεπεράνατο,
804 968 825 1027 ά
840 967 903 1049 γάρ
920 963 1018 1041 οὗτος
1033 966 1075 1027 τά
1091 972 1148 1028 νύν
1164 961 1402 1046 συμβουλεύειν
1423 977 1438 1026 5

146 1063 335 1150 προείλετο,
358 1069 500 1143 ἐκείνοις
523 1064 833 1152 προδιηγορευμένα
856 1069 1039 1153 ύπέφηνεν,
1064 1062 1259 1151 λεληθότως
1274 1069 1310 1129 ἐκ
1325 1070 1400 1129 τού-

145 1191 212 1232 των
236 1167 521 1256 φιλοτιμούμενος
542 1171 662 1231 έαυτόν
685 1177 885 1254 παρισῶσαι
900 1173 974 1244 τοῖς
989 1164 1271 1254 προεφωδευκόσι
1286 1169 1328 1230 τά
1344 1176 1400 1230 νῦν

146 1271 238 1354 αύτῷ
254 1273 517 1355 πρεσβευόμενα.
546 1271 664 1354 τοιγάρ
681 1278 722 1355 τῇ
738 1274 825 1356 πρός
840 1273 980 1346 τούτους
1002 1267 1205 1353 κοινολογίᾳ,
1221 1271 1256 1332 ἐν
1273 1270 1326 1344 οίς
1341 1279 1400 1356 της

143 1371 319 1454 βασιλείου
333 1375 452 1458 βιοτῆς
473 1393 509 1434 τε
523 1374 581 1435 καί
595 1368 723 1449 τάξεως
737 1374 779 1434 τά
796 1375 983 1458 παράσημα
1008 1369 1194 1457 διεξῄεσαν,
1219 1373 1277 1452 οὐχ
1298 1373 1398 1458 ἦττον

143 1478 200 1540 καί
222 1475 321 1551 οὗτος
343 1477 381 1537 τό
403 1471 623 1557 μεγαλαυχεῖν
646 1477 887 1552 ἐπεσπάσατο,
917 1477 1111 1560 πεφυκότος
1140 1475 1189 1549 είς
1219 1476 1312 1537 άπαν
1339 1482 1402 1537 τού
1423 1488 1452 1540 ιο

143 1569 218 1642 κατ’
246 1576 342 1640 οόδέν
364 1573 547 1639 ἀλλάσσειν
570 1579 629 1662 την
652 1577 826 1662 εἰσήγησιν
849 1584 916 1639 τῶν
938 1579 974 1639 έν
997 1575 1044 1659 τῳ
1061 1572 1118 1663 ζῆν
1134 1577 1400 1661 προτερημάτων

143 1677 322 1762 ἐνάμιλλον
352 1679 575 1762 παριστάνειν
602 1679 660 1740 καί
687 1685 806 1740 τοῦτον
833 1680 968 1741 ἐκείνων
996 1685 1063 1740 τῶν
1094 1674 1400 1762 προκαταρξάντων

142 1781 322 1870 βιωφελῶν
346 1783 433 1844 ούτω
457 1783 626 1865 ῥημάτων.
665 1782 700 1843 τί
720 1783 782 1864 γάρ
808 1798 913 1867 φησιν
937 1773 1153 1864 δ’Λσκραῖος
1176 1781 1323 1865 ποιμην;
1345 1781 1399 1841 ἐσ-

142 1883 230 1961 θλός
253 1877 286 1948 δ’
313 1885 356 1947 αδ
376 1885 538 1960 κάκεῖνος,
562 1883 600 1957 ὃς
622 1878 726 1945 άλλου
749 1882 789 1945 εδ
809 1884 968 1958 εἰπόντος
991 1882 1163 1945 πείθεται.

227 1990 407 2065 Συντόμως
429 1988 468 2047 τό
492 1985 713 2068 προκείμενον
735 1991 797 2046 τοῦ
822 1981 1168 2070 εὐπαρακολουθήτου
1188 1987 1287 2066 χάριν
1311 1986 1397 2047 ούτω
1422 1997 1452 2048 15

143 2093 363 2172 προσακτέον.
408 2088 503 2149 Δίων
527 2083 625 2160 οὗτος
647 2087 667 2146 ό
688 2087 889 2170 Προυσαεύς
913 2086 965 2162 οῖς
996 2087 1053 2148 οὐκ
1081 2085 1168 2165 εἶχεν
1190 2082 1397 2168 ἐγκαλλωπί-

143 2190 277 2253 σασθαι
299 2185 579 2274 περιαυτολογίᾳ,
604 2189 694 2274 φημί
716 2189 831 2271 ὥσπερ
862 2189 881 2248 ό
901 2185 1033 2263 Πύλιος
1054 2191 1214 2273 Νέστωρ,
1244 2189 1322 2250 ἐπεί
1342 2190 1398 2250 καί

142 2301 241 2355 τούτο
265 2294 315 2367 είς
338 2292 580 2374 ἀναντίρρητον
595 2295 668 2364 τοῖς
686 2287 971 2370 συμβουλεύουσιν
986 2286 1223 2352 ἐπακολουθεῖ
1236 2291 1321 2373 ύπέρ
1337 2297 1400 2351 τού

142 2392 393 2480 εύπαράδεκτον
422 2390 510 2454 εἶναι
539 2387 598 2477 τὴν
626 2392 697 2453 ἀπὸ
720 2399 788 2454 τῶν
814 2395 1015 2476 κρειττόνων
1044 2389 1257 2477 παράκλησιν
1280 2425 1322 2438 -
1345 2391 1398 2466 οίς

142 2497 199 2560 οὖν
223 2499 310 2560 οὕτω
334 2498 498 2580 προάγειν
527 2494 585 2556 ούκ
614 2492 698 2573 εἶχε,
731 2499 826 2578 τέχνη
856 2501 956 2556 τοῦτο
984 2495 1183 2580 κατήνυσεν,
1215 2497 1396 2581 σύμφωνον
1419 2511 1449 2562 ιο

140 2603 260 2663 ἑαυτόν
283 2599 489 2683 ἀποφαίνων
511 2601 585 2672 τοῖς
607 2598 688 2681 περὶ
702 2592 880 2677 βασιλείας
902 2597 1055 2680 είρηκόσι
1078 2603 1202 2684 σοφοῖς
1223 2599 1280 2660 καί
1301 2601 1397 2672 ὅπως

136 2699 198 2788 χρὴ
221 2699 398 2785 βασιλείαν
420 2704 581 2781 μετιέναι.
622 2701 660 2761 τό
683 2700 746 2784 γάρ
770 2701 967 2781 όμόγνωμον
981 2701 1038 2762 καί
1053 2702 1209 2780 ίσότιμον
1224 2706 1298 2776 τοῖς
1313 2719 1395 2783 προ-

139 2802 367 2891 απηγγελκόσι
389 2803 430 2865 τά
452 2799 552 2865 κεδνά
575 2809 680 2864 ταῦτα
702 2798 931 2882 βουλεύματα,
962 2801 998 2864 εἴ
1022 2823 1056 2865 τι
1078 2809 1127 2885 τῳ
1145 2795 1312 2886 Ἀσκραίῳ
1338 2821 1395 2863 πι-

139 2911 269 2970 στεύειν
289 2901 378 2988 <δεῖ>
400 2909 549 2984 ποιμένι.

224 3010 312 3092 Περί
333 3010 469 3082 Δίωνος
497 3008 553 3068 καί
581 3013 648 3067 τῶν
670 2999 746 3067 κατ’
773 3007 874 3069 αὐτόν
902 3007 958 3068 καί
986 3015 1045 3092 τῆς
1074 3014 1136 3069 τού
1163 3004 1261 3089 λόγου
1293 3007 1397 3068 αὐτοῦ
1420 3023 1447 3073 25

138 3108 241 3185 ίδέας,
282 3101 319 3172 Ὁ
340 3110 435 3171 Δίων
459 3107 557 3184 υδτυς
578 3103 618 3192 ἦν
639 3110 700 3187 μὲν
723 3109 937 3190 Προυσαεύς,
968 3110 1130 3194 Προύσης
1157 3118 1216 3195 τῆς
1239 3111 1326 3194 πρὸς
1348 3107 1396 3190 τῳ

139 3210 250 3295 Μυσῷ
269 3200 440 3293 Ὀλύμπῳ,
464 3213 552 3294 πρὸς
576 3207 610 3271 δέ
634 3217 676 3294 τῇ
698 3207 781 3294 άλλη
807 3213 914 3296 σοφίη
928 3212 985 3273 καί
1006 3212 1048 3272 τά
1072 3213 1151 3296 περὶ
1173 3208 1291 3295 λόγους
1313 3213 1396 3297 ἐπή-

138 3332 239 3400 σκητο
261 3316 318 3376 καί
341 3310 447 3396 λέγειν
478 3309 619 3392 σχεδίως
647 3312 697 3387 είς
725 3313 827 3396 άκρον
856 3319 923 3374 τῶν
951 3303 1035 3374 καθ’
1070 3315 1189 3378 ἐαυτδν
1212 3331 1395 3398 παρεσκευ-

138 3421 283 3497 ασμένος
311 3412 458 3502 ζηλωτὸς
487 3417 599 3478 ἅπασι
626 3416 683 3476 καί
712 3410 933 3495 ἀπόβλεπτος
959 3410 1009 3498 ἦν.
1060 3419 1163 3500 ταύτη
1193 3435 1249 3478 τοι
1275 3417 1332 3478 καί
1353 3423 1395 3500 τῇ

139 3527 201 3582 τοῦ
223 3516 321 3601 λόγου
342 3520 553 3604 χρησάμενος
575 3519 680 3602 ῥύμη,
709 3518 766 3579 καί
788 3518 876 3600 πρὸς
898 3519 1040 3600 Νέρωνα
1068 3518 1153 3601 ύπέρ
1184 3523 1250 3579 τῶν
1274 3521 1397 3579 ἐαυτοῦ
1416 3531 1446 3584 55

137 3623 458 3706 παρρησιασάμενος
482 3615 601 3705 φίλων,
625 3618 805 3702 ἀειφυγίαν
819 3614 1049 3703 κατεδικάσθη
1066 3620 1123 3682 καί
1143 3614 1184 3702 ἦν
1206 3616 1254 3700 τῳ
1271 3613 1394 3704 ζημιώ-

135 3746 219 3805 ματι
249 3725 409 3803 ἐπίτιμος
437 3724 545 3803 τούτῳ
577 3723 612 3796 ἐς
641 3724 696 3784 ὅτε
729 3719 991 3783 Οὐεσπασιανόν
1018 3725 1038 3804 η
1065 3712 1238 3801 Ῥωμαίων
1266 3721 1399 3800 εὐτυχεῖ

137 3823 311 3905 πολιτεία,
348 3816 375 3908 ᾦ
405 3826 643 3906 συγγενόμενος
672 3823 756 3886 κατά
786 3825 845 3908 την
874 3817 1030 3906 Νειλῳαν
1055 3815 1310 3908 Ἀλεξάνδρειαν
1337 3825 1394 3885 καί

138 3926 249 3992 πολλά
272 3936 339 3991 τῶν
360 3924 502 4010 βασιλεῖ
518 3926 735 4006 ὑποθέμενος
757 3926 947 4010 ἀνηκόντων
969 3922 1066 4001 τέλος
1087 3928 1144 3990 καί
1166 3928 1245 4003 τούς
1268 3929 1392 4010 παρόν-

1202 4109 1389 4118 -----...-

224 4203 497 4286 1δτῳῖῖίλ,τῷΰ
547 4207 613 4268 δέν
624 4209 727 4264 inserui
779 4205 989 4283 5τὸάργονῐ]
1042 4207 1341 4284 ῖπροεφοόευκόσιῖί

137 4303 152 4353 8
170 4297 319 4372 τοιγάρτοι
331 4293 406 4366 πρὸς
419 4295 451 4364 U,
469 4296 571 4352 rectius
583 4295 608 4348 D
621 4294 747 4366 (Κιγεεε)
800 4299 832 4350 1⁰
850 4291 886 4352 τὸ
899 4295 933 4362 Π,
951 4299 1005 4352 τοῦ
1017 4295 1041 4350 D
1053 4295 1177 4367 (Kayser)
1238 4300 1267 4350 11
1288 4289 1391 4354 ἀλλάσ-

137 4403 199 4442 σειν
210 4384 314 4454 εαάρεί,
325 4377 460 4441 δλάσοων
469 4382 502 4450 U,
514 4377 707 4440 ἐπαίλάσσειν
719 4380 824 4452 Kayser
879 4385 908 4436 ¹³
921 4381 1104 4456 βιοφελυῖνῦ
1118 4381 1168 4450 op.
1179 4384 1206 4436 et
1217 4379 1282 4436 mes
1292 4383 1341 4437 295

138 4475 169 4524 15
191 4462 277 4543 χάριν
300 4468 411 4539 ιισείρί,
437 4466 514 4543 ἐρεῖν
536 4467 577 4534 U,
598 4463 682 4525 ἕνεκα
705 4465 811 4538 Kayser
914 4470 947 4522 23
969 4462 1112 4524 πιστεύων
1129 4463 1243 4536 ποιμένι
1261 4464 1299 4532 U,
1322 4481 1391 4522 corr.

135 4555 240 4626 Kayser
307 4558 340 4609 25
359 4570 421 4610 cum
439 4554 501 4612 Par.
518 4569 558 4623 gr.
578 4556 644 4610 2958
663 4553 707 4621 (Β)
724 4552 737 4606 ί
747 4551 786 4607 25
805 4552 920 4609 contulit
938 4552 1094 4608 θηετεευι
