3526 5264
676 341 814 400 ORATIO
831 341 892 398 XV.
1345 339 1407 400 237

14 539 59 590 [ιω
72 538 95 583 12
107 525 231 591 Πεῖέπεί
251 523 309 585 καί
329 527 397 583 τῶν
414 527 470 582 νόν
486 510 574 602 [τῶν]
597 514 724 580 ἐνθάδε
747 513 973 579 δουλευόντων
989 517 1047 578 ούκ
1062 516 1307 599 ἀπογιγνώσκω
1323 513 1407 578 πολ·
1422 517 1461 581 16

153 623 233 700 λούς
255 623 344 687 εἶναι
366 618 578 704 ἐλευθέρους.
616 609 654 680 ού
677 619 740 702 γάρ
762 619 821 680 ἐάν
842 619 904 698 μὲν
923 607 1118 702 Ἀθηναίων
1133 639 1186 693 τις
1208 615 1310 694 άλούς
1324 620 1409 681 κατά

155 723 306 806 πόλεμον
329 724 378 798 είς
400 725 539 806 Πέρσας
561 721 706 806 ἀπαχθῇ
727 722 746 805 ἢ
769 722 827 782 καλ
848 722 885 807 νὴ
909 720 979 782 Δία
1002 720 1060 782 ἐὰν
1083 722 1133 796 είς
1157 716 1291 806 Θρᾴκην
1313 723 1333 807 ἢ
1353 725 1411 785 Σι-

151 827 265 892 κελίαν
280 826 400 907 ἀχθεὶς
416 821 663 909 ἀπεμποληθῇ,
679 825 832 909 φήσομεν
847 819 1030 906 ἐλεύθερον
1045 825 1125 885 άντα
1142 819 1329 887 δουλεύειν·
1352 825 1411 888 δάν

119 942 134 993 1
157 931 192 996 δὲ
211 930 352 1015 Θρᾳκῶν
367 947 421 1003 τις
434 928 454 1012 ἢ
470 929 615 1010 Περσῶν
635 927 679 1011 μή
696 928 800 1005 μόνον
815 922 853 1002 ίξ
866 922 1056 1010 ἐλευθέρων
1071 927 1215 1008 γεγονὼς
1230 927 1303 989 έκεῑ
1313 924 1411 1012 δεῦρο

155 1035 264 1120 ἀχθῇ,
293 1027 378 1093 ἀλλά
400 1031 457 1092 καί
480 1026 645 1092 δυνάστου
666 1019 760 1103 τινὸς
782 1029 801 1112 ἢ
825 1024 995 1110 βασιλέως
1017 1029 1101 1106 υίός,
1125 1029 1183 1108 σύγ
1206 1025 1412 1115 ὁμολογήσο-

151 1158 213 1220 μεν
235 1132 417 1217 ἐλεύθερον
432 1130 530 1195 εἶναι.
568 1131 627 1192 ούκ
650 1129 758 1192 οἶσθα
780 1132 838 1192 τὸν
857 1121 1054 1216 Ἀθήνησιν,
1077 1133 1154 1216 ἔφη,
1177 1134 1290 1211 νόμον,
1314 1131 1408 1215 παρὰ
1424 1135 1462 1197 17

154 1235 298 1313 πολλοῖς
326 1234 362 1298 δὲ
389 1236 447 1297 καί
475 1229 610 1311 ἄλλοις,
639 1236 693 1297 δτι
721 1235 780 1296 τὸν
809 1235 912 1318 φύσει
941 1229 1063 1296 δοῦλον
1090 1236 1269 1315 γενόμενον
1293 1234 1351 1295 ούκ
1372 1231 1413 1316 έᾷ

154 1345 305 1422 μετέχειν
328 1346 387 1424 τῆς
410 1334 588 1412 πολιτείας
595 1359 608 1413 ,·
629 1338 688 1399 τὸν
712 1333 748 1397 δε
770 1332 923 1398 Καλλίου
945 1337 1029 1413 υίόν,
1052 1335 1150 1421 εἴπερ
1174 1339 1280 1412 ύντως
1294 1336 1413 1421 ἐσώθη

108 1453 137 1506 1⁰
158 1446 236 1506 τότε
258 1439 370 1518 ἁλούς,
392 1441 599 1525 ἀφικόμενον
622 1440 658 1500 ἐκ
682 1431 834 1523 Θρᾴκης,
864 1438 966 1518 συχνά
995 1440 1052 1523 έτη
1081 1442 1241 1522 γεγονότα
1270 1441 1344 1502 ἐκεῖ
1358 1440 1416 1502 καί

158 1541 324 1619 πολλάκις
344 1545 645 1625 μεμαστιγωμένον
669 1537 779 1615 οὐδεὶς
804 1542 845 1603 ἀν
869 1537 963 1625 δξίου
985 1549 1045 1627 τῆς
1068 1537 1246 1616 πολιτείας
1268 1537 1415 1604 ἀπελαύ-

48 1662 98 1714 1ειο
110 1660 143 1713 m
157 1661 240 1711 νειν·
257 1646 346 1709 ὥστε
358 1646 468 1708 ἐνίοτε
480 1646 538 1706 καί
549 1646 568 1706 δ
579 1646 683 1724 νόμος
696 1642 735 1704 ού
751 1659 838 1728 φησι
854 1639 994 1718 δούλους
1008 1647 1181 1725 γεγονέναι
1194 1645 1274 1718 τούς
1289 1640 1415 1717 ἀδίκως

158 1747 414 1823 δουλεύσαντας.
457 1749 493 1810 τί
516 1743 552 1809 δὲ
574 1748 631 1811 καί
653 1747 819 1808 ποιοῦντά
840 1765 883 1825 με
905 1746 1093 1809 ἐπίστασαι
1111 1748 1199 1830 πρδς
1220 1747 1314 1808 θεῶν
1335 1747 1355 1830 ἡ
1379 1745 1415 1806 τί
1427 1745 1467 1810 18

160 1855 346 1933 πάσχοντα,
367 1854 422 1913 ότι
442 1870 485 1929 με
509 1844 578 1934 φῂς
591 1848 809 1910 ἐπίστασθαι
832 1844 1054 1924 δουλεύοντα,·
1079 1852 1295 1935 Τρεφόμενον
1314 1850 1417 1932 ίγωγε

113 1963 142 2015 11
161 1957 230 2017 ὑπὸ
253 1962 315 2016 τού
336 1950 506 2016 δεσπότου
521 1952 578 2013 καὶ
592 1946 846 2013 ἀκολουθοῦντα
862 1951 976 2032 ἐκείνῳ
992 1952 1050 2012 καί
1065 1958 1231 2014 ποιοῦντα
1253 1953 1318 2027 δ,τι
1332 1942 1415 2012 ποτ’

159 2059 286 2132 ἐκεῖνος
308 2057 535 2139 προστάττοι·
559 2055 591 2116 εί
613 2049 649 2115 δὲΙ
671 2054 729 2138 μή,
752 2055 948 2133 παιόμενον.
998 2051 1116 2128 Οὕτως
1139 2057 1218 2134 μέν,
1248 2054 1332 2140 ἔφη,
1361 2054 1419 2115 καὶ

160 2160 240 2233 τούς
268 2158 363 2232 υἱούς
394 2157 605 2242 ἀποφαίνεις
634 2151 775 2230 δούλους
803 2162 871 2217 τῶν
899 2159 1067 2240 πατέρων.
1110 2157 1167 2217 καί
1193 2155 1257 2241 γάρ
1279 2152 1417 2218 ἀκολου-

159 2260 268 2321 θοῦσι
290 2254 434 2332 πολλοῖς
455 2264 522 2320 τῶν
545 2259 699 2342 πενήτων
721 2257 777 2318 καί
799 2256 850 2331 είς
871 2258 1055 2338 γυμνάσιον
1083 2251 1261 2338 βαδίζουσι
1282 2259 1338 2320 καί
1359 2258 1420 2319 ἐπὶ

24 2358 321 2438 (ῶεΒίῐλδεῖπνον,
348 2361 405 2422 καί
433 2363 618 2444 τρέφονται
645 2361 771 2434 πάντες
800 2360 869 2420 ύπδ
896 2366 965 2421 τῶν
993 2364 1151 2445 πατέρων
1177 2363 1235 2426 καί
1256 2362 1421 2423 παίονται

113 2472 143 2523 2⁰
165 2460 331 2539 πολλάκις
351 2457 415 2525 ὑπ’
440 2462 565 2540 αὐτῶν,
587 2464 645 2526 καί
666 2461 851 2524 πείθονται
867 2464 932 2538 δ,τι
950 2463 991 2524 ἀν
1013 2462 1137 2525 ἐκεῖνον
1160 2465 1420 2546 προστάττωσιν

163 2566 289 2640 αὐτοῖς.
332 2565 445 2628 καίτοι
474 2567 568 2628 ένεκα
596 2571 658 2626 τού
684 2563 881 2626 πείθεσθαι
908 2566 966 2628 καί
994 2561 1126 2649 πληγεὶς
1156 2561 1338 2646 λαμβάνειν
1362 2566 1419 2627 καί
1432 2566 1473 2629 19

163 2676 230 2732 τῶν
251 2675 514 2752 γραμματιστῶν
534 2667 667 2741 οίκίτας
690 2667 814 2751 φήσεις
835 2667 915 2740 τούς
937 2655 1023 2750 παρ’
1050 2667 1166 2743 αὐτοῖς
1180 2667 1420 2748 μανθάνοντας

162 2773 219 2834 καί
247 2772 326 2846 τούς
354 2767 583 2856 παιδοτρίβας
611 2765 782 2843 δεσπότας
805 2765 982 2831 εἶναιτῶν
1003 2768 1171 2853 μαθητῶν
1193 2771 1212 2855 ἢ
1236 2771 1315 2844 τούς
1337 2765 1420 2831 ἀλλο

164 2896 199 2938 τι
228 2871 464 2949 διδάσκοντας·
493 2875 550 2935 καί
577 2872 640 2956 γάρ
670 2873 944 2957 προστάττουσιν
967 2871 1083 2945 αὐτοῖς
1106 2873 1164 2934 καί
1186 2873 1353 2932 τύπτουσι
1374 2873 1419 2956 με)

116 2983 146 3034 25
168 2976 408 3056 πειθομένους.
453 2977 505 3060 ij
528 2964 601 3051 Δί’,
625 2975 710 3060 ἔφη·
733 2965 809 3036 ἀλλ’
837 2973 895 3035 ούκ
909 2973 984 3036 ἔστι
998 2977 1072 3048 τοῖς
1086 2971 1330 3057 παιδοτρίβαις
1345 2969 1422 3035 οδδε

166 3080 240 3152 τοῖς
255 3073 374 3151 ἄλλοις
397 3071 616 3150 διδασκάλοις
638 3072 742 3162 δῆσαι
763 3078 843 3151 τούς
856 3075 1017 3160 μαθητάς
1034 3073 1110 3138 οὐδὲ
1126 3073 1329 3138 ἀποδόσθαι
1345 3071 1424 3137 οὐδέ

165 3198 202 3262 γε
225 3179 275 3254 είς
292 3175 428 3260 μυλῶνα
451 3174 626 3258 ἐμβαλεῖν·
650 3182 724 3252 τοῖς
746 3173 785 3239 δέ
804 3197 842 3260 γε
858 3175 1043 3253 δεσπόταις
1058 3179 1194 3241 ἅπαντα
1209 3185 1315 3240 ταῦτα
1330 3178 1424 3264 ἐφει-

165 3285 250 3361 μένα
272 3281 375 3342 έστί.
413 3269 512 3353 Ἴσως
539 3278 602 3362 γάρ
633 3279 691 3341 οδκ
720 3276 827 3342 οἶσθα
850 3282 905 3343 δτι
926 3280 1020 3365 παρά
1044 3276 1187 3355 πολλοῖς
1208 3282 1265 3342 καί
1288 3276 1423 3365 σφόδρα
1435 3279 1478 3342 20

169 3383 428 3464 εὐνομουμένοις
446 3386 551 3441 ταῦτα
568 3381 590 3440 ἀ
606 3376 713 3462 λέγεις
728 3376 839 3457 ίξεστι
853 3387 927 3457 τοῖς
943 3383 1096 3465 πατράσι
1117 3384 1198 3466 περί
1219 3383 1299 3456 τούς
1319 3383 1424 3458 υίέας,

117 3495 148 3546 110
168 3486 227 3547 καί
248 3481 287 3570 δὴ
304 3483 371 3562 καί,
394 3482 454 3545 ἐὰν
468 3476 668 3562 βούλωνται,
689 3485 746 3546 καί
762 3479 1012 3561 ἀποδίδοσθαι,
1033 3487 1090 3547 καί
1104 3486 1143 3547 τὸ
1159 3485 1212 3546 ἔτι
1225 3485 1354 3546 τούτων
1365 3505 1426 3563 χα-

139 3583 378 3669 λεπτότερον·
407 3585 544 3669 ἐφεῖται
571 3585 633 3669 γάρ
665 3585 781 3660 αύτοῐς
811 3585 1011 3648 ἀποκτεῖναι
1037 3586 1122 3670 μήτε
1143 3586 1321 3670 κρίναντας
1342 3586 1426 3670 μήτε

256 3843 268 3893 1
289 3841 350 3895 τῶν
367 3839 418 3894 νῦν
434 3840 494 3893 τοῖν
510 3834 581 3903 libri,
599 3836 784 3894 τεῖνιίίεευυι
803 3836 868 3892 noel.
881 3835 1010 3893 Rehkius
1062 3831 1255 3909 ἀπογινώσκει
1267 3835 1338 3906 libri,
1357 3851 1427 3891 corr.

167 3925 249 3993 Emp.
336 3916 458 3993 δῆοια.
476 3921 507 3976 Μ
523 3938 559 3977 m.
576 3937 619 3992 pr.
704 3916 928 3993 λάπενποληθῇ
944 3921 975 3978 Μ
1069 3911 1150 3979 Θδτι
1167 3923 1235 3994 φησι
1253 3915 1308 3978 τὸν
1324 3923 1431 3978 δοῦλον

169 4007 257 4078 UBM,
274 4023 346 4064 corr.
364 4006 430 4063 editi
534 4011 565 4061 10
583 4002 653 4064 τότε
670 4005 759 4076 Εισφ,
776 4004 849 4063 ποτε
865 4005 929 4060 libd
1031 3997 1248 4077 ἀφικόμενοςΒ
1346 4025 1428 4079 γεγε·

170 4097 248 4152 νῶτα
266 4093 295 4148 Μ
367 4098 396 4147 11
414 4091 679 4165 μεμαστηγωμένόν
695 4091 725 4146 Μ
776 4085 949 4150 ἀπελαύνειν
965 4087 1073 4148 ἐνίοτε·
1091 4081 1167 4149 ιδστε
1184 4094 1233 4148 καὶ
1250 4090 1322 4157 libri,
1339 4097 1428 4146 trans·

169 4178 295 4248 ponendo
307 4177 459 4233 emendavit
468 4177 532 4233 wil.
546 4171 829 4236 ἀπελαύνειν.δπύτε
840 4179 889 4232 καὶ
898 4175 978 4231 Dind.
991 4168 1171 4234 ἀπελαύνειν.
1192 4172 1313 4244 εἰκότως
1324 4195 1357 4249 γε
1365 4219 1371 4232 .
1379 4178 1429 4233 καί

169 4259 261 4337 (γὰρ)
278 4263 358 4335 Emp.
377 4257 647 4336 ἀπελαύνειν.πλὴν
666 4253 712 4321 δτι
728 4282 762 4332 γε
778 4265 827 4319 καί
849 4262 920 4317 idem
941 4262 981 4327 (in
1004 4261 1122 4329 schedis)
1145 4261 1192 4318 alii
1208 4261 1264 4318 alia
1350 4265 1382 4316 13
1399 4266 1433 4320 τί

169 4353 214 4406 δαί
233 4349 281 4407 UB
350 4345 488 4407 ἐπίστευσε
506 4349 536 4404 Μ
607 4353 639 4404 16
657 4339 790 4415 οδτωςῐλ
809 4337 886 4405 οὕτω
898 4347 952 4403 ΒΜ
1021 4351 1052 4402 w
1072 4342 1263 4418 στέφονταιῐί
1333 4350 1365 4401 20
1383 4343 1429 4404 πί·

168 4440 273 4493 θονται
289 4435 320 4490 Μ
391 4438 420 4489 21
441 4435 583 4492 πύθεσθαι
594 4434 625 4489 Μ
693 4437 725 4488 21
744 4429 861 4503 μύλωνα
879 4432 948 4499 libri,
966 4447 1037 4488 corr.
1054 4430 1136 4486 Dind.
1204 4428 1331 4504 ἐφημένα
1348 4432 1380 4487 Μ

169 4525 203 4577 29
220 4515 287 4586 δίας
303 4520 336 4576 Μ
404 4523 437 4576 ³⁰
455 4515 490 4577 τὸ
510 4515 552 4577 ἔτι
568 4519 634 4576 wil.
