3454 5272
347 337 410 398 368

382 504 968 581 καίπροίστασθαιτῶνκοινιῦνλςτόοεοολ

382 590 732 663 quaeNerraeimperatori
743 590 969 659 gratiasaperent

386 683 499 749 proptor
514 676 611 732 Diocle
628 675 862 732 restitutionemll
872 679 915 742 66,
925 679 967 730 ll.

387 794 418 803 -
438 778 525 832 neque
537 763 659 816 Athenas
676 775 763 830 neque
774 761 863 829 Argos
881 773 969 830 neque

384 847 615 903 Lacedaemonem
631 847 746 916 patriam
770 846 871 902 habers
893 844 970 900 malit

388 947 469 1003 quam
480 931 594 987 Prussm
606 930 632 985 ll
642 935 684 995 68,
696 934 736 986 ld.
748 959 783 971 -
794 933 895 986 multae
907 929 969 986 oiri-

386 1023 457 1073 tates
474 1017 576 1071 liberae
593 1014 675 1071 DIoni
697 1015 822 1070 restituto
840 1016 883 1071 ius
905 1015 969 1070 cisi-

383 1103 449 1158 tatis
458 1101 617 1157 obtulerunt
626 1106 653 1154 et
661 1099 826 1155 senatorium
835 1115 933 1155 munus
943 1105 970 1155 el

384 1187 452 1242 allos
464 1187 581 1242 honores
596 1185 622 1239 11
633 1191 674 1251 58,
684 1189 708 1238 t.
718 1185 970 1254 -Apamenses

386 1272 410 1326 ei
430 1268 563 1344 ψήφισμα
581 1267 715 1343 ἔπεμψαν
733 1262 818 1336 εὐθὺς
841 1267 873 1326 έν
895 1261 970 1342 ἀρχῇ

386 1354 649 1429 φιλοφρονούμενοι
666 1357 715 1412 καί
733 1357 970 1426 παρακαλοῦντες

387 1434 552 1513 ἀφικέσθαι,
561 1440 728 1511 sedproptcr
736 1439 891 1496 inimicitias
902 1454 970 1510 quas

385 1541 446 1580 oum
458 1525 656 1581 Praesentibus
674 1524 819 1590 habebant,
836 1525 870 1580 iis
883 1523 971 1578 noluit

387 1609 502 1679 obsequi
519 1609 544 1664 ll
564 1614 604 1676 50,
626 1613 656 1664 18
679 1608 751 1679 quod
775 1608 814 1663 illi
833 1623 912 1677 aegra
929 1613 970 1662 tn·

385 1695 477 1750 lerunt
500 1693 565 1750 ibid.
584 1699 618 1749 λδ
636 1694 671 1748 cf.
690 1692 718 1747 II
737 1698 779 1758 dl,
797 1697 838 1748 λδ.
855 1722 889 1733 -
908 1692 971 1748 cisi·

386 1783 472 1833 tatem
486 1777 588 1848 achpit
596 1776 832 1833 Nicomedensium
841 1776 868 1831 II
878 1781 919 1843 29,
932 1781 970 1831 li.

387 1861 541 1919 valetudiue
573 1861 719 1932 impeditus
746 1861 873 1918 brevibus
900 1861 973 1931 apud

386 1947 971 2013 Nicseensesoraclonemabsolvitlltall.

387 2063 422 2074 -
441 2033 591 2089 orationem
613 2032 679 2088 XLI
702 2032 798 2087 babuit
820 2033 848 2087 iu
876 2035 973 2088 senatu

389 2119 598 2188 Apamensinm,
616 2119 713 2173 ceteris
733 2116 908 2187 optimatibus
925 2117 972 2171 ad-

387 2203 477 2258 missis
495 2203 522 2257 ll
541 2207 584 2269 57,
604 2207 643 2258 19.
669 2233 701 2242 -
724 2201 758 2257 de
781 2202 972 2258 Prusaeusium

391 2303 451 2342 cum
470 2286 670 2357 Apamensibus
687 2286 736 2342 lile
752 2286 841 2342 noluit
857 2287 973 2356 impera-

388 2377 474 2428 torem
493 2371 577 2438 adire,
595 2388 648 2428 non
668 2371 738 2442 quod
756 2372 898 2427 molestum
917 2375 976 2426 erat

392 2456 504 2513 Remum
528 2456 673 2526 proficisci,
693 2456 741 2511 sed
753 2461 865 2527 propter
882 2456 974 2510 amici-

392 2541 457 2596 tiam
477 2542 669 2611 Apamensium
692 2541 718 2596 II
738 2546 779 2609 69,
801 2545 839 2596 14.
858 2571 892 2580 -
909 2557 973 2596 con·

392 2625 510 2681 cordiam
524 2640 584 2680 cum
595 2626 793 2694 Apamensibus
805 2625 908 2690 suadet,
920 2642 975 2681 non

392 2705 510 2782 ὄχλησίν
527 2729 590 2766 τινα
609 2703 705 2766 ὀκνῶν
722 2706 880 2782 ἦδαπάνην
890 2709 975 2780 έμαν·

388 2797 442 2851 τοῦ
464 2823 498 2833 -
522 2783 567 2850 ὅτι
591 2789 648 2866 γάρ
671 2813 707 2863 με
731 2787 784 2852 onix
805 2791 975 2867 ἐνοχλήσετε

390 2875 428 2950 μῆ
447 2877 629 2952 βουλόμενον
648 2873 712 2935 olel
734 2875 883 2938 κελεύσετε
901 2874 974 2938 ἀπο·

389 2968 486 3037 δημεῖν
497 2963 621 3031 (Romam
632 2963 710 3018 videl.
725 2964 759 3018 ad
777 2965 976 3034 imperatorem)

391 3079 424 3090 -
442 3047 596 3117 ἐπίσταμαι
614 3047 640 3102 II
660 3053 702 3115 62,
716 3053 758 3104 39.
776 3080 809 3090 -
829 3067 888 3104 cum
906 3052 975 3106 alius

389 3134 449 3201 quis
467 3133 632 3202 rogationem
650 3133 758 3188 tulisset
781 3135 814 3191 ds
832 3137 977 3190 concordia

389 3235 450 3274 cum
483 3217 685 3287 Apamensibus
718 3219 919 3274 reconcilianda
949 3224 977 3274 et

391 3302 975 3372 magistratusdebacrcgatlonerettullsset,

392 3387 445 3444 DIo
455 3387 604 3444 orationem
613 3388 709 3444 babuit
717 3389 776 3456 XL,
788 3395 819 3444 ut
830 3405 890 3444 eam
902 3406 975 3446 com·

393 3472 532 3527 mendaret
544 3472 655 3541 clribus,
674 3489 735 3528 cum
747 3473 801 3529 ism
812 3489 884 3529 anno
897 3489 975 3545 prse-

394 3556 508 3612 cedeute
532 3558 724 3628 ApamensIum
746 3557 920 3627 magistratus
942 3559 976 3614 dc

389 3643 483 3698 eadem
511 3658 541 3698 re
568 3658 629 3697 cum
656 3658 688 3698 eo
717 3643 835 3711 egissent
860 3659 899 3698 or.
925 3643 975 3697 XL

390 3728 408 3794 6
424 3730 531 3782 11-29.
544 3757 576 3768 -
588 3727 716 3784 irascitur
727 3728 844 3797 quodam
856 3728 973 3784 dicente:

392 3807 552 3879 Διάλλαξον
579 3805 629 3883 τὴν
655 3808 741 3869 πόλιν
767 3813 795 3868 II
813 3817 854 3880 89,
873 3819 897 3870 9,
924 3819 974 3880 (οε.

390 3895 507 3952 XLVIII
526 3898 591 3963 58).
618 3927 652 3938 -
675 3897 742 3953 dicit
759 3913 789 3952 se
806 3897 930 3972 σμικράν
949 3921 975 3956 τι

387 3981 478 4051 μέρος
496 3979 638 4052 εὑρηκότα
656 3987 706 4054 τῆς
724 3977 822 4049 οάσίας
834 3984 902 4049 (scil.
914 3999 975 4039 cum

393 4066 506 4121 Prusam
524 4070 587 4135 post
597 4065 706 4121 exilium
718 4068 829 4136 rediret)
840 4072 888 4126 καί
901 4065 977 4140 πρὸς

389 4159 454 4217 ταῖς
477 4146 625 4224 πρότερον
646 4149 770 4227 βλάβαις
797 4150 837 4212 ira
860 4159 909 4214 ναί
926 4161 976 4228 τῆς

390 4227 513 4308 ἀδελφῆς
548 4230 755 4312 ἀποθανούσης
789 4235 975 4314 ὠφεληθέντα

388 4321 442 4390 μὲν
453 4320 546 4394 μηδέν,
564 4315 748 4382 ἀπολέσαντα
760 4325 789 4384 δέ
800 4325 904 4394 πάντα,
918 4319 974 4385 ὃόα

389 4409 448 4462 τῶν
459 4405 538 4475 lado
550 4402 617 4478 εἶχε,
635 4408 843 4479 δανεισάμενόν
855 4431 885 4468 τε
898 4403 973 4470 ὥστε

388 4485 423 4547 τὰ
441 4493 535 4564 χωρία
557 4495 699 4565 πρίασθαι
717 4498 770 4550 etc.
787 4494 918 4564 118619.
937 4527 969 4538 -

903 335 1061 394 INDICES.

1027 521 1088 560 cum
1100 503 1180 562 Ulixe
1197 502 1307 559 domam
1323 508 1476 560 revertente
1494 521 1526 562 se
1544 521 1626 562 com·

1027 597 1108 660 parat
1117 590 1193 658 llll,
1201 594 1241 644 19.
1253 619 1283 628 -
1294 604 1355 643 cum
1365 591 1502 661 διοίκησις
1512 590 1628 647 Prusae

1028 675 1121 741 ficret,
1139 673 1226 731 noluit
1244 673 1316 730 bona
1333 689 1385 728 sna
1403 674 1476 729 exilii
1492 678 1626 745 tempore

1027 760 1063 815 ab
1091 759 1150 815 aliia
1177 763 1313 828 occupata
1343 757 1397 815 sibi
1426 759 1565 815 vlndlcare
1595 761 1627 816 11

1028 849 1071 914 tl,
1085 847 1123 899 tt.
1136 874 1168 882 -
1181 843 1210 898 in
1223 843 1338 913 patriam
1349 858 1474 900 reuersus
1490 847 1519 900 ct
1537 861 1625 900 suum

1029 927 1247 983 etfrattisiilium
1256 931 1347 984 actam
1356 928 1626 986 iamadultaintenit

1029 1014 1056 1069 Il
1066 1019 1108 1078 69,
1118 1018 1142 1068 6.
1155 1044 1185 1054 -
1196 1012 1625 1082 cumpraeIuiesctlagatIonI.

1029 1114 1109 1169 qoam
1143 1100 1291 1167 gratiarum
1329 1098 1494 1167 agendarum
1532 1115 1624 1154 causa

1028 1185 1063 1239 ad
1082 1183 1265 1239 Traianum
1284 1183 1451 1238 Prusaenses
1475 1184 1624 1252 miserunt,

1030 1269 1213 1324 obtrectantes
1232 1267 1278 1322 alii
1296 1267 1435 1323 dixerunt:
1455 1264 1509 1340 οὐχ
1527 1261 1623 1339 ἡδέως

1030 1346 1121 1411 σάτον
1146 1346 1344 1419 ἀποδέξασθαι
1371 1350 1439 1420 τοὺς
1468 1353 1619 1425 πρέσβεις,

1030 1437 1076 1494 alil
1100 1437 1215 1492 allorum
1233 1437 1395 1507 oppidorum
1417 1438 1513 1507 legatis
1537 1439 1622 1508 plura

1031 1525 1066 1578 ab
1084 1523 1246 1593 imperatore
1264 1538 1396 1579 concessa
1413 1524 1565 1592 casellis,
1576 1529 1620 1580 24.

1030 1638 1064 1648 -
1087 1597 1118 1665 rai
1142 1608 1286 1680 πεποίηκα
1309 1603 1363 1678 τὴν
1389 1610 1528 1682 πατρίδα,
1556 1618 1622 1674 ταῖς

1032 1693 1161 1766 πρώταις
1178 1690 1242 1763 iope·
1259 1687 1348 1764 αὐτὴν
1365 1686 1520 1760 ἀποδείξας
1538 1699 1622 1764 τιμης

1032 1774 1131 1842 ἕνεκα,
1155 1775 1190 1834 td
1215 1777 1244 1834 δέ
1268 1774 1380 1850 ποιήσω
1400 1781 1472 1836 θεοῦ
1489 1775 1621 1844 διδόντος

1033 1879 1072 1919 or.
1091 1861 1183 1918 XLIII
1201 1863 1252 1930 61.
1272 1892 1305 1904 -
1324 1878 1385 1918 cum
1403 1863 1552 1920 aTraiano
1570 1865 1619 1918 im-

1032 1949 1176 2017 petrasset,
1187 1953 1219 2001 nl
1230 1946 1429 2003 Prusaeusibus
1442 1947 1462 2001 c
1479 1953 1620 2004 senatores

1033 2033 1129 2102 eligere
1140 2032 1241 2098 liceret,
1251 2031 1515 2088 obtrectatoresaum
1524 2048 1622 2102 parum

1033 2118 1193 2188 impetrasse
1218 2117 1360 2172 iactabant
1382 2117 1407 2172 ll
1432 2123 1478 2188 lt,
1501 2123 1569 2187 leq.
1588 2148 1621 2158 -

1034 2218 1095 2257 cum
1113 2201 1258 2257 aTraiano
1275 2201 1321 2267 (ad
1339 2217 1418 2271 quem
1436 2202 1541 2272 legatus
1553 2202 1622 2257 Pru-

1033 2285 1169 2342 seensium
1182 2286 1279 2340 missus
1297 2290 1365 2353 erat)
1379 2301 1484 2341 summa
1501 2287 1623 2355 benigni·

1032 2375 1090 2427 tate
1107 2371 1286 2440 exciperetur,
1306 2385 1393 2440 neque
1406 2372 1537 2426 remansit
1548 2371 1623 2442 apud

1034 2457 1109 2513 illum
1126 2471 1214 2526 neque
1231 2455 1283 2510 sibi
1300 2455 1460 2526 procidendi
1477 2455 1622 2512 occasione

1034 2558 1101 2598 neus
1120 2547 1170 2611 eat,
1188 2541 1236 2597 sed
1248 2541 1355 2611 patriae
1366 2543 1472 2596 tanturn
1485 2541 1624 2597 consuluit

1035 2627 1062 2682 11
1080 2631 1122 2694 tl,
1141 2629 1184 2682 25.
1201 2656 1236 2665 -
1260 2641 1322 2680 cum
1339 2625 1443 2681 Prusae
1466 2626 1582 2696 prImum
1601 2627 1622 2680 C

1035 2716 1190 2768 senatorum
1209 2711 1306 2766 electio
1323 2710 1415 2778 fieret,
1433 2711 1530 2766 ceterls
1548 2727 1621 2766 com-

1035 2795 1225 2852 mendantibus
1237 2801 1265 2850 el
1275 2795 1475 2861 adiuvantibus.
1489 2811 1559 2864 quos
1568 2795 1621 2851 sibi

1035 2881 1174 2937 adiutores
1188 2880 1246 2936 iore
1258 2885 1409 2950 sperarent,
1422 2881 1475 2936 Dio
1487 2881 1556 2936 nibil
1568 2882 1622 2935 tale

1035 2968 1063 3022 in
1082 2982 1111 3023 se
1123 2966 1239 3031 admIsit,
1255 2965 1336 3023 immo
1349 2981 1383 3020 ne
1395 2966 1551 3036 suffragium
1563 2967 1619 3035 qui·

1036 3053 1095 3107 dem
1114 3053 1176 3107 tulit
1194 3049 1347 3120 or.XLV§
1362 3056 1456 3106 7-10.
1474 3081 1507 3090 —
1525 3047 1619 3122 ἐπειδὴ

1036 3131 1089 3195 οὐκ
1106 3135 1173 3196 είων
1185 3133 1217 3193 έν
1229 3129 1301 3208 αὐτῇ
1313 3139 1349 3208 τῇ
1361 3132 1449 3207 Ριάμρ
1462 3132 1620 3207 γενόμενον

1035 3218 1155 3295 ἡσυχίαν
1166 3218 1254 3294 ἀγειν,
1272 3219 1347 3278 ἴδιον
1357 3221 1411 3291 μέν
1424 3214 1526 3280 οάδὲνα
1539 3219 1620 3279 ἐτόλ-

1034 3327 1098 3377 μων
1116 3306 1296 3378 διαλέγεσθαι
1314 3303 1418 3378 λόγον,
1440 3303 1477 3378 μὴ
1501 3327 1621 3379 καταγε-

1035 3396 1138 3449 λασθῶ
1160 3397 1211 3447 etc.
1229 3395 1316 3454 189,6
1344 3392 1465 3447 Socratis
1488 3393 1619 3448 rationem

1034 3476 1154 3532 imitatus
1173 3476 1310 3532 Romanos
1329 3477 1475 3546 alloquitur
1492 3469 1527 3534 οὗ
1544 3473 1618 3534 κατὰ

1035 3557 1084 3618 δύο
1103 3564 1151 3618 καί
1175 3571 1252 3634 τρεῖς
1276 3554 1494 3635 ἀπολαμβάνων
1517 3559 1549 3617 έν
1565 3581 1618 3618 πα·

1035 3649 1182 3718 λαίστραις
1198 3651 1247 3704 καί
1265 3643 1448 3720 περιπάτοις·
1467 3639 1502 3704 οὗ
1518 3641 1574 3718 γάρ
1585 3637 1619 3718 ἦν

1035 3727 1159 3788 δυνατὸν
1183 3723 1275 3798 οἱῑτως
1297 3729 1329 3788 έν
1352 3729 1447 3802 έκείνη
1474 3735 1510 3802 τῇ
1536 3728 1618 3788 πόλει

1035 3821 1249 3890 σιηχίχνεσθαι·
1262 3821 1382 3883 πολλοῖς
1394 3817 1423 3875 δέ
1434 3819 1483 3874 καί
1496 3810 1619 3887 ἀθρόοις

1035 3903 1076 3968 εἰς
1097 3897 1185 3960 ταάτὸ
1211 3907 1353 3961 συνιοῦσιν
1378 3907 1441 3966 tal,
1461 3905 1502 3958 lo.
1522 3931 1553 3942 ·—
1572 3902 1617 3958 Or.

1034 3987 1173 4043 LXXVII.
1200 3987 1344 4043 LXXVIII
1370 3988 1398 4043 lu
1429 4001 1527 4055 magna
1552 3989 1618 4043 urbe

1035 4072 1158 4138 (Romael
1176 4073 1282 4128 habim:
1307 4071 1340 4129 έν
1361 4068 1444 4129 πόλει
1469 4071 1617 4144 τηλικαάτρ

1035 4155 1070 4216 τὸ
1087 4159 1212 4230 μέγεθος
1229 4157 1257 4212 II
1276 4161 1333 4226 209,
1356 4157 1443 4212 illibi
1465 4156 1618 4227 philosophi

1035 4241 1082 4300 ἐπὶ
1094 4239 1196 4314 θύραις
1207 4244 1398 4313 opulentorum
1415 4241 1619 4312 conspitiuutnr

1034 4328 1061 4384 II
1071 4332 1129 4395 lli,
1140 4333 1164 4383 9,
1175 4358 1209 4369 -
1222 4345 1261 4384 or.
1272 4328 1387 4383 LXXIX
1398 4327 1499 4382 Romae
1512 4324 1617 4379 babila:

1033 4407 1119 4470 meillev
1137 4408 1260 4472 ἀπασῶν
1276 4415 1413 4486 μεγίστην
1429 4417 1478 4470 καί
1495 4417 1617 4470 δυνατω-

1033 4495 1122 4571 τάτην
1132 4499 1160 4554 11
1171 4503 1231 4567 aab,
1242 4503 1266 4552 λ.
1278 4529 1308 4539 —
1323 4501 1541 4570 πεπορευμένος
1550 4495 1618 4559 slei
