3476 5264
761 359 885 418 molus
902 359 954 416 DE
972 359 1087 418 emo

542 721 616 806 (75)
644 717 799 804 ΠΕΡΙ
829 714 950 800 ΤΟΥ
979 715 1317 802 ΔΑΙΜΟΝΟΣ-

259 985 274 1047 1
388 979 481 1040 Φασί
502 979 581 1053 τούς
605 974 820 1064 φιλοσόφους
843 974 951 1060 λέγειν
973 978 1020 1052 ὡς
1043 978 1109 1061 ἄρα
1139 967 1309 1057 εὐδαίμων
1340 975 1391 1062 εἴη
1415 977 1523 1057 μόνος
1545 977 1569 1038 ό

300 1085 418 1168 σοφός.
443 1114 485 1126 -
505 1083 547 1144 Δ.
564 1083 720 1164 Λίγουσι
741 1083 814 1164 γάρ.
838 1061 965 1166 -Ἅρ’
993 1080 1050 1142 ούν
1073 1077 1186 1166 ἀληθῆ
1204 1094 1261 1141 σοι
1277 1077 1415 1142 δοκοῦσι
1433 1075 1660 1162 λέγεινμωί]

298 1216 340 1228 -
362 1173 555 1265 Δ.”Εμοιγε.
579 1214 621 1228 -
640 1184 684 1245 Τί
706 1182 764 1245 ούν
788 1173 862 1263 ούχί
882 1183 986 1264 κάμοί
1000 1182 1156 1268 ἔφρασας
1178 1183 1238 1267 τήν
1261 1178 1417 1244 διάνοιαν
1432 1171 1568 1260 α’τῶυ,·

254 1345 258 1356 ,
298 1319 341 1330 -
356 1287 398 1349 Δ.
417 1274 492 1348 Ἐάν
513 1287 591 1365 ἰμοί
615 1287 655 1346 σύ
678 1292 816 1369 πρῶτον
839 1283 940 1370 εἴπης
962 1287 1026 1363 δ,τι
1049 1279 1198 1365 νομίζεις
1214 1285 1273 1346 τόν
1293 1280 1438 1365 δαίμονα
1461 1282 1564 1346 εἶναι.

301 1419 339 1432 -
360 1380 439 1470 Ἐγὼ
462 1390 523 1468 μὲν
544 1389 584 1451 τό
607 1395 749 1472 κρατοῦν
772 1390 915 1450 ἑκάστου
943 1389 1000 1450 καί
1027 1378 1113 1448 καθ’
1138 1386 1176 1450 δν
1206 1381 1246 1471 ζῇ
1273 1392 1340 1448 τῶν
1364 1387 1565 1472 ἀνθρώπων
1588 1397 1605 1446 υ

301 1493 451 1568 ἕκαστος,
475 1491 603 1571 δμοίως
624 1492 686 1571 μὲν
708 1486 907 1572 ἐλεύθερος,
936 1491 1063 1570 δμοίως
1086 1485 1122 1551 δί
1147 1485 1282 1566 δοῦλος,
1310 1489 1367 1551 καί
1396 1485 1566 1564 πλούσιος

299 1593 357 1654 καί
379 1597 483 1674 πένης
504 1593 561 1654 καί
582 1587 743 1673 βασιλεύς
769 1593 826 1654 καί
849 1587 998 1678 ἰδιώτης,
1020 1593 1077 1655 καί
1099 1593 1244 1675 πράττει
1267 1592 1331 1653 ὅσα
1354 1591 1396 1652 άν
1418 1592 1565 1676 πράττη.

301 1727 343 1738 -
363 1695 405 1756 Δ.
425 1697 533 1756 Τοῦτο
558 1690 594 1756 δὲ
618 1695 654 1757 ἐν
677 1684 768 1775 αὐτῷ
790 1688 939 1774 νομίζεις
962 1691 1122 1776 εἶναιτῷ
1143 1693 1332 1778 ἀνθρώπῳ,
1354 1694 1393 1754 τὸ
1416 1701 1696 1777 mmmmm

301 1799 453 1874 ἑκάστου,
478 1795 497 1858 ύ
520 1792 666 1877 δαίμονα
688 1792 812 1873 καλεῖς,
835 1797 855 1882 ἢ
879 1793 1010 1874 ἔξωθεν
1031 1789 1094 1881 [ὃν]
1109 1797 1212 1881 ἄρχον
1234 1817 1269 1858 τι
1290 1797 1347 1859 καί
1367 1797 1483 1879 κύριον
1505 1803 1572 1858 τοῦ

260 1903 281 1966 2
305 1899 515 1993 άνθρώπου,·
539 1933 582 1944 -
596 1889 728 1982 Ἔγωγε.
751 1931 793 1944 -
814 1900 856 1964 Δ.
874 1879 958 1981 Ἀρά
980 1919 1018 1982 γε
1039 1899 1229 1981 ἄνθρωπον
1252 1901 1384 1983 ῦτερονς
1406 1899 1481 1960 ίστι
1501 1901 1567 1982 γάρ
1592 1908 1623 1962 λυ

302 2020 370 2063 που
387 2001 576 2086 ἅνθρωπος
593 2003 613 2064 δ
627 2005 689 2083 μὲν
704 2005 778 2078 ἑνός
793 2022 886 2078 τινος
900 2009 1041 2086 κρατῶν,
1065 2003 1084 2064 δ
1100 1998 1136 2064 δὲ
1153 1996 1299 2077 πολλῶν,
1321 2002 1379 2063 καί
1393 2002 1484 2083 ἄγων
1499 2002 1570 2086 δπη

302 2125 339 2168 τε
359 2105 417 2168 καί
439 2107 535 2181 ὅπως
563 2097 665 2181 αὐτός
686 2103 847 2187 βούλεται
861 2107 939 2192 ήτοι
955 2105 1120 2190 πειθοῐή
1144 2104 1203 2188 βίᾳ
1225 2091 1246 2188 ἢ
1268 2103 1325 2166 καί
1347 2104 1570 2190 ἀμφοτέροις.

304 2204 388 2290 λέγω
419 2203 455 2271 δί
487 2198 585 2273 οὐδὲν
609 2210 784 2292 ἄγνωστον
791 2258 801 2289 ,
833 2206 919 2271 ἀλλά
947 2211 1027 2284 τούς
1048 2228 1084 2270 τε
1107 2204 1343 2292 δημαγωγούς,
1373 2205 1426 2282 οἷς
1454 2208 1570 2270 πάντα

303 2311 491 2376 πείθονται
514 2313 551 2374 αἰ
573 2307 696 2386 πόλεις
717 2313 774 2375 καί
794 2314 891 2387 δπως
913 2312 955 2375 άν
977 2315 1100 2373 ἐκεῖνοι
1128 2305 1314 2394 ἐξηγῶνται
1341 2311 1399 2372 καί
1422 2309 1569 2390 συμβου-

303 2410 456 2492 λεύωσιν,
481 2415 568 2476 ούτω
593 2416 813 2497 πράττουσιν,
836 2416 895 2476 ἐάν
917 2434 952 2476 τε
968 2410 1132 2494 πολεμεῖν
1149 2408 1424 2493 συμβουλεύωσιν
1446 2413 1505 2474 ἰάν
1527 2432 1565 2476 τε
1592 2421 1622 2472 1⁵

301 2517 436 2602 εἰρήνην
459 2517 552 2599 ἄγειν
575 2518 693 2580 ἐάντε
722 2518 813 2600 τείχη
846 2512 1109 2597 οἰκοδομεῖσθαι
1137 2516 1196 2578 ἐάν
1224 2535 1261 2578 τε
1290 2515 1440 2599 τριήρεις
1465 2535 1569 2577 κατα-

304 2611 530 2693 σκευάζεσθαι
552 2618 611 2680 ἐάν
633 2639 671 2680 τε
694 2609 823 2694 θυσίας
845 2619 945 2680 θύειν
966 2620 1026 2680 ἰάν
1048 2638 1084 2680 τε
1099 2615 1273 2699 ἐκβάλλειν
1295 2617 1392 2692 τινάς
1416 2617 1564 2706 αύτῶνή

299 2720 455 2803 χρήματα
478 2719 713 2804 ἀφαιρεῖσθαι
734 2722 754 2806 ή
777 2721 834 2783 καί
856 2721 1110 2806 ἀποσφάττειν·
1137 2722 1194 2784 καί
1221 2722 1301 2796 τούς
1322 2717 1486 2802 βασιλέας
1507 2723 1565 2786 καί

302 2822 382 2896 τούς
403 2823 602 2906 τυράννους,
634 2823 761 2903 ὁμοίαις
784 2820 820 2886 δὲ
842 2825 900 2886 καί
920 2824 1000 2898 τούς
1023 2819 1194 2899 δεσπότας
1215 2829 1283 2886 τῶν
1306 2824 1461 2901 οἰκετῶν,
1491 2825 1569 2886 ὅσοι

261 2932 282 2994 3
307 2924 465 3008 ἀργύριον
486 2921 734 3007 καταβαλόντες
754 2926 775 3011 ή
799 2922 889 3009 ἄλλῳ
912 2946 959 3009 τῳ
983 2928 1100 3010 τρόπῳ
1130 2925 1307 3012 κέκτηνταί
1331 2937 1426 2988 τινα·
1455 2925 1502 3002 ὡς
1524 2925 1565 2988 ἂν
1589 2930 1621 2984 2⁰

304 3027 335 3090 εἰ
348 3030 547 3112 Λυκοῦργόν
571 3048 607 3091 τε
624 3025 910 3109 Λακεδαιμονίων
927 3024 1071 3108 δαίμονα
1086 3025 1204 3103 καλοῖς
1220 3027 1358 3106 (ἐκείνου
1380 3029 1443 3112 γάρ
1457 3024 1569 3089 κελεύ-

304 3144 427 3204 σαντος
454 3129 507 3191 ἔτι
528 3136 585 3191 νῦν
615 3137 860 3212 μαστιγοῦνται
881 3127 1156 3211 Λακεδαιμόνιοι
1185 3131 1243 3193 καί
1271 3127 1484 3215 θυραυλοῦσι
1511 3131 1570 3193 καί

301 3233 546 3316 γυμνητεύουσι
567 3233 624 3294 καί
646 3228 731 3293 ἄλλα
755 3230 866 3295 πολλά
887 3235 945 3296 καί
963 3229 1098 3312 χαλεπά
1115 3229 1259 3310 δόξαντα
1282 3233 1323 3296 άν
1342 3235 1472 3316 ἑτέροις
1494 3231 1570 3294 ἀνί-

300 3331 432 3414 χονται)
455 3336 512 3396 καί
533 3333 786 3418 Πεισίστρατον
805 3326 1001 3421 Ἀθηναίων
1022 3331 1125 3418 <τῶν>
1147 3337 1323 3419 πρότερον.
1370 3332 1479 3396 οἶσθα
1501 3333 1565 3419 γάρ

306 3433 416 3521 δήπου
440 3437 494 3498 ότι
515 3435 769 3522 Πεισιστράτου
791 3444 1066 3523 προστατοῦντος
1086 3439 1144 3500 καί
1166 3440 1328 3521 ἄρχοντος
1350 3437 1400 3513 εἰς
1420 3438 1482 3518 μὲν
1504 3437 1565 3523 τήν
1588 3445 1621 3497 Ἀ

304 3535 407 3603 πόλιν
430 3540 469 3601 ού
490 3533 659 3626 κατῄεσαν
682 3542 701 3603 δ
724 3537 846 3628 δήμος,
876 3543 912 3603 ἐν
936 3538 971 3603 δὲ
993 3547 1036 3625 τῇ
1054 3541 1149 3625 χόρρ
1173 3537 1405 3624 διατρίβοντες
1425 3539 1570 3624 γεωργοί
1579 3551 1703 3606 (mm

303 3643 491 3724 ἐγίγνοντο·
519 3645 577 3706 καί
599 3646 659 3727 τήν
678 3634 848 3729 Ἀττικήν,
872 3645 1039 3727 πρότερον
1061 3638 1168 3728 ψιλήν
1189 3643 1246 3705 καί
1268 3638 1429 3727 ἄδενδρον
1452 3641 1568 3719 οὖσαν,

389 3855 543 3932 λκριίττει
561 3875 611 3931 pro
629 3855 743 3934 πράττη
761 3860 791 3915 M
862 3859 1052 3932 ύνομίζηςῐ]
1122 3854 1264 3928 ύέξωθεν
1280 3863 1316 3928 (ω
1334 3876 1351 3916 ι
1369 3859 1499 3928 corr.)U

300 3941 341 4004 ύν
357 3945 465 4012 seclusi,
482 3959 546 4000 nam
563 3941 638 4004 εἰναι
656 3945 836 4018 supplendum
854 3949 897 4004 ειλ
913 3961 947 4002 ex
963 3945 1187 4002 antecedentibus
1294 3942 1388 4021 (ἔργον
1410 3966 1438 4004 τι
1456 3943 1568 4016 ιιτίρελ,

303 4027 433 4105 ἄρχοντα
451 4029 527 4097 libri,
545 4028 639 4106 άρχον
658 4051 690 4090 τε
707 4031 835 4090 Βείιλύυι
926 4037 955 4086 1⁰
972 4030 1063 4086 malim
1081 4023 1249 4105 ἀνθρώπων
1353 4037 1382 4088 11
1402 4027 1469 4100 ἑνός
1489 4050 1569 4099 τινος

302 4117 438 4184 Βείείάαε,
456 4136 535 4184 τινος
552 4112 619 4185 ἑνός
636 4117 675 4184 M,
694 4114 760 4186 ἑνός
777 4134 829 4175 om.
847 4117 896 4175 ΠΒ
981 4121 1012 4172 1³
1031 4113 1083 4185 τός
1100 4137 1132 4175 τε
1148 4117 1175 4174 U
1262 4122 1294 4173 λλ
1312 4119 1449 4176 πίθονται
1469 4115 1499 4170 M

303 4201 426 4271 ἐκείνοις
443 4203 556 4271 UBMT,
575 4219 647 4260 corr.
666 4204 731 4260 editi
812 4197 1037 4278 συμβουλεύουσι
1055 4202 1110 4257 BM
1128 4198 1384 4274 σνμβαυιλεύυυυιν
1400 4201 1426 4259 U
1445 4206 1572 4276 συμβου-

303 4287 460 4349 λεύωσινΤ
514 4294 544 4345 15
560 4279 690 4356 ούτωςῐί
743 4293 773 4344 17
791 4282 952 4358 άατιῦνρτο
965 4279 1226 4344 αάτῦνλίολυελιίαι
1281 4293 1311 4344 18
1324 4285 1534 4362 φαιρεῖσθαιλλ

305 4378 338 4428 20
356 4376 590 4447 καταβάλλοντες
609 4374 697 4444 UBM,
715 4372 828 4430 εοπ.Τ
880 4369 975 4438 ἄλλως
991 4371 1022 4426 M
1075 4375 1104 4427 λλ
1126 4373 1152 4430 εί
1168 4389 1221 4430 om.
1236 4372 1267 4429 M
1317 4394 1349 4432 τε
1367 4373 1397 4428 M
1414 4392 1447 4446 γε
1465 4371 1516 4429 UB

306 4463 340 4513 ²4
356 4461 549 4532 πισίστρατον
567 4461 597 4516 M
667 4463 726 4517 τῶν
742 4458 804 4516 add.
817 4457 947 4514 Reiskiuu
1018 4460 1050 4512 λδ
1068 4454 1300 4532 πιαιυτράτουΜ
1368 4459 1571 4533 προστατοῦν·

304 4565 356 4613 τος
373 4543 534 4612 manahim,
553 4541 792 4622 προστάττοντος
809 4544 873 4602 llbri
942 4549 973 4600 27
994 4540 1143 4618 ίγείνοντο
1160 4544 1192 4599 M
