3526 5264
809 353 933 412 motus
949 354 1001 410 DE
1018 349 1120 412 men

702 732 775 815 (58)
801 729 956 816 ΠΕΡΙ
983 725 1222 812 ΝΟΜΟΥ.
1603 753 1726 804 ‹mnu›

292 1027 306 1087 1
410 1013 503 1086 ’Ἐστι
525 1020 562 1087 δέ
591 1025 609 1086 ό
637 1027 741 1105 νόμος
761 1033 823 1087 τοῦ
842 1025 920 1105 βίου
947 1027 1009 1106 μέν
1031 1027 1179 1110 ήγεμών,
1207 1032 1275 1089 τῶν
1297 1019 1432 1091 πόλεων
1455 1024 1490 1090 δέ
1513 1030 1590 1092 όπι-

332 1129 456 1211 στάτης
477 1129 599 1204 κοινός,
622 1134 690 1190 τῶν
714 1124 749 1192 δέ
766 1130 974 1212 πραγμάτων
988 1128 1098 1190 κανὼν
1114 1125 1254 1206 δίκαιος,
1280 1130 1367 1212 πρὸς
1388 1127 1426 1191 δν
1447 1132 1590 1192 ἕκαστον

329 1229 538 1292 ἀπευθύνειν
567 1226 623 1294 δεῖ
646 1231 705 1292 τδν
735 1232 840 1292 αὑτοῦ
867 1233 1012 1314 τρόπον·
1046 1231 1077 1292 εί
1100 1227 1136 1292 δὲ
1158 1231 1227 1316 μή,
1257 1226 1392 1306 σκολιός
1413 1232 1511 1294 ἔσται
1532 1233 1590 1295 καί

331 1335 489 1417 πονηρός.
536 1334 570 1395 ol
590 1335 653 1413 μέν
677 1333 734 1396 οδν
756 1340 876 1396 τοῦτον
900 1331 1126 1420 φυλάττοντες
1155 1334 1290 1412 έχονται
1316 1341 1377 1419 τῆς
1400 1334 1587 1418 σωτηρίας·

331 1437 366 1498 σί
388 1430 424 1498 δέ
448 1436 718 1520 παραβαίνοντες
740 1443 877 1521 πρῶτον
898 1439 960 1517 μὲν
983 1437 1104 1512 αὐτούς
1127 1433 1368 1513 ἀπολλύουσιν,
1391 1437 1511 1498 ἔπειτα
1533 1437 1628 1498 καλε

330 1539 410 1612 τούς
432 1533 565 1614 ἀλλους,
589 1535 806 1621 παράδειγμα
827 1540 884 1601 καί
907 1533 1005 1625 ζῆλον
1022 1539 1138 1615 αὐτοῖς
1153 1539 1298 1620 ἀνομίας
1318 1540 1377 1601 καί
1390 1537 1469 1619 βίας
1485 1543 1587 1621 παρέ·

327 1659 453 1721 χοντες.
492 1641 608 1724 ὥσπερ
633 1637 669 1702 δὲ
685 1647 753 1702 τῶν
768 1637 941 1703 πλεόντων
957 1643 992 1702 σί
1006 1649 1068 1703 τοῦ
1082 1649 1217 1724 πυρσοῦ
1229 1643 1274 1727 μή
1293 1637 1589 1723 διαμαρτάνοντες,

331 1741 427 1805 οὗτοι
448 1739 598 1822 μάλιστα
623 1737 789 1824 σῴζονται
810 1745 868 1806 καί
888 1745 968 1818 τούς
998 1741 1136 1824 λιμένας
1158 1745 1388 1828 εὑρίσκουσιν,
1418 1743 1525 1818 οὕτως
1556 1743 1592 1804 οἱ

329 1846 413 1908 κατά
436 1847 495 1908 τδν
520 1849 623 1926 νόμον
646 1841 767 1922 ζῶντες
782 1843 1026 1932 ἀσφαλέστατα
1042 1848 1249 1930 πορεύονται
1272 1843 1329 1908 διδ
1351 1853 1414 1908 τοῦ
1433 1847 1510 1928 βίου
1532 1847 1590 1908 καί

289 1952 309 2014 2
330 1958 390 2036 τῆς
411 1958 607 2036 καταγωγῆς
627 1957 687 2036 τῆς
710 1946 851 2034 δεούσης
873 1952 1101 2032 τυγχάνουσιν.
1152 1949 1328 2031 ἀνθρώπῳ
1357 1950 1419 2029 μέν
1442 1949 1500 2011 οδν
1522 1946 1585 2034 ήδη
1610 1960 1639 2012 1ο

329 2072 384 2127 τις
407 2049 584 2134 συμβούλῳ
598 2057 810 2138 χρησάμενος
824 2055 1037 2138 μετενόησεν,
1060 2053 1098 2114 ού
1113 2056 1231 2131 μέντοι
1246 2054 1348 2133 νόμῳ.
1436 2053 1588 2133 τοσούτῳ

330 2152 366 2217 δέ
389 2161 457 2216 τῶν
479 2162 598 2234 τειχῶν
620 2161 696 2230 ταῖς
720 2152 844 2219 πόλεσι
862 2156 1117 2240 χρησιμώτερός
1146 2155 1256 2232 έστιν,
1286 2155 1373 2216 ὥστε
1403 2154 1591 2238 ἀτείχιστοι

328 2258 390 2337 μὲν
420 2253 546 2321 πολλαί
575 2265 643 2320 τῶν
672 2255 806 2321 πόλεων
836 2256 1050 2339 διαμένουσι,
1079 2260 1183 2338 νόμου
1214 2254 1250 2320 δέ
1276 2259 1381 2340 χωρίς
1410 2259 1468 2320 ούκ
1496 2259 1591 2321 ἔστιν

331 2358 490 2441 οὐδεμίαν
514 2361 690 2423 οἰκεῖσθαι
712 2358 823 2424 πόλιν.
873 2361 912 2421 οό
940 2363 1044 2441 μόνον
1073 2356 1110 2422 δέ
1139 2364 1306 2444 συμφέρει
1333 2365 1407 2436 τοῖς
1435 2362 1590 2446 θνητοῖς,

328 2460 414 2525 ἀλλὰ
436 2465 492 2525 καί
513 2467 587 2537 τοῖς
602 2463 710 2538 θεοῖς.
749 2465 768 2523 ό
789 2469 868 2544 γοῦν
883 2465 1010 2543 κόσμος
1032 2463 1085 2526 ἀεί
1107 2464 1165 2525 τὸν
1188 2461 1289 2525 αύτδν
1304 2465 1408 2544 νόμον
1430 2464 1587 2549 ἀκίνητον
1610 2476 1640 2528 15

330 2562 493 2652 φυλάττει
514 2567 571 2627 καλ
592 2572 660 2627 τῶν
684 2566 831 2627 αἰωνίων
855 2557 951 2628 οὐδὲν
974 2567 1015 2628 ἀν
1031 2565 1206 2653 παραβαίη
1223 2572 1352 2628 τοῦτον.
1390 2565 1473 2629 ὅθεν
1490 2565 1590 2649 οἶμαι

327 2670 384 2732 καί
405 2664 565 2750 βασιλεύς
587 2669 726 2742 εἰκότως
747 2668 945 2751 ἀνθρώπων
968 2669 1026 2731 καί
1040 2669 1133 2730 θεῶν
1154 2665 1322 2753 κέκληται,
1344 2672 1405 2755 τήν
1426 2672 1487 2749 μέν
1508 2672 1588 2752 βίαν

327 2767 513 2846 καταλύων,
535 2771 596 2856 τήν
620 2766 656 2832 δέ
670 2770 768 2853 ύβριν
782 2770 971 2858 καθαιρῶν,
993 2771 1054 2856 τήν
1078 2767 1113 2834 δὲ
1137 2772 1257 2834 ἀνοιαν
1273 2767 1504 2858 σωφρονίζων,
1526 2775 1588 2858 τήν

328 2871 364 2936 δέ
386 2875 505 2936 κακίαν
526 2867 686 2950 κολάζων,
711 2870 783 2957 λδίφ
807 2869 842 2936 δὲ
863 2875 921 2936 καὶ
942 2881 1038 2958 κοινῇ
1054 2875 1186 2948 πάντας
1200 2875 1279 2950 τούς
1303 2871 1480 2956 δεομένους
1497 2877 1588 2962 ὠφε-

328 2973 411 3055 λῶν,
440 2981 514 3052 τοῖς
541 2979 603 3056 μέν
625 2973 860 3056 ἀδικουμένοις
881 2977 1037 3060 βοηθῶν,
1066 2981 1140 3052 τοῖς
1162 2973 1198 3040 δέ
1229 2977 1480 3061 ἀπορουμένοις
1501 2980 1585 3062 περί
1606 2991 1636 3042 211

288 3083 307 3148 3
329 3099 422 3156 τινος
449 3081 585 3164 μηνύων
614 3080 652 3141 τό
682 3075 768 3140 δέον.
822 3082 902 3142 όταν
923 3081 986 3163 γάρ
1009 3101 1062 3154 τις
1086 3081 1276 3161 συμβάντος
1303 3082 1395 3156 τινός
1417 3079 1509 3164 αύτῷ
1532 3079 1587 3143 δυ-

329 3179 449 3244 σκόλου
466 3184 665 3265 πράγματος
680 3177 761 3268 ζητῇ
776 3185 814 3244 τό
833 3187 1015 3269 συμφέρον,
1039 3180 1136 3246 οὐδέν
1158 3182 1257 3264 οἶμαι
1271 3180 1328 3248 δεῖ
1339 3179 1461 3268 φίλους
1476 3202 1586 3267 παρα·
1602 3199 1653 3248 (ew
1667 3197 1701 3247 11)

327 3281 442 3348 καλεῖν
465 3281 542 3349 οὐδὲ
567 3289 751 3367 συγγενεῖς,
780 3282 865 3348 ἀλλά
894 3283 1042 3348 έλθόντα
1072 3286 1167 3369 παρὰ
1197 3287 1277 3360 τούς
1304 3287 1429 3365 νόμους
1452 3288 1587 3350 πυνθά-

327 3387 462 3450 νεσθαι.
499 3389 557 3450 καί
579 3388 638 3450 οὐκ
659 3389 700 3450 ἀν
722 3390 762 3450 τδ
786 3390 911 3452 οίκεῑον
935 3395 1071 3452 σκοπῶν
1086 3393 1200 3472 χεῖρον
1215 3388 1329 3469 ἐκείνῳ
1346 3394 1586 3473 παραινέσειεν
1596 3403 1722 3455 (mm

328 3487 405 3553 οὐδὲ
428 3491 597 3576 ἀγνοήσας
618 3493 657 3552 τό
680 3488 815 3574 βέλτιον
838 3488 914 3556 οὐδὲ
939 3481 986 3555 δι’
1012 3488 1174 3572 ἀσχολίαν
1189 3490 1265 3555 τινὰ
1287 3492 1361 3575 ήτδ
1384 3493 1428 3577 μή
1448 3492 1584 3576 φροντί-
1607 3501 1637 3554 25

328 3587 395 3669 ζειν
417 3595 497 3669 τούς
514 3599 762 3675 σκεπτομένους
778 3586 1024 3680 παραιτήσαιτ’
1043 3595 1093 3657 ἀν.
1136 3594 1332 3656 τυόναντίον
1346 3593 1408 3676 γὰρ
1425 3594 1587 3656 ἁπάντων

327 3695 455 3776 δμοίως
476 3691 615 3782 κήδεται
635 3698 692 3760 καί
715 3694 836 3784 σχολήν
858 3699 934 3780 ἀγει
956 3699 1044 3781 πρὸς
1058 3697 1100 3759 τά
1116 3703 1183 3759 τῶν
1199 3692 1310 3758 ἀλλων
1333 3698 1516 3779 πράγματα
1530 3696 1588 3758 καλ

284 3803 305 3864 4
328 3789 426 3861 οὐδὲν
448 3794 538 3861 ἴδιον
561 3789 638 3860 οὐδέ
661 3795 833 3884 ἐξαίρετόν
856 3801 950 3862 ἐστιν
965 3791 1067 3882 αὐτῷ.
1154 3802 1211 3862 καί
1225 3801 1290 3885 μήν
1306 3801 1457 3881 τοσούτῳ
1473 3818 1510 3881 γε
1526 3807 1587 3886 τῆς

335 3949 458 3956 -—.-.
464 3951 510 3956 -.-
516 3951 674 3958 ...—-—

410 4026 485 4092 35⁶2
493 4049 543 4104 1110
553 4037 596 4094 δεῖ
606 4033 632 4090 Η
641 4038 694 4100 (δεῖ
704 4051 841 4106 ιυςοιεω.
854 4052 872 4091 ε
885 4042 964 4103 corr.)
977 4031 1022 4096 ἀεὶ
1033 4038 1109 4096 όνῖΡ
1162 4032 1251 4098 αύτυῡ
1263 4039 1316 4098 UH
1384 4038 1539 4098 noim?

324 4111 463 4186 ὅαύεοὺς
481 4119 532 4175 ΜΡ
603 4113 742 4188 δαύτοὺς
760 4121 784 4176 H
803 4119 946 4189 αύτούςΡ
1032 4115 1176 4193 ἀνομοίας
1193 4124 1222 4178 Μ
1292 4123 1514 4199 παρέχονταςΡ

326 4211 357 4260 10
375 4200 585 4279 άνύράπωνΗ
667 4213 695 4262 11
713 4204 872 4280 μετενόησε
889 4208 938 4264 ΡΗ
956 4209 994 4274 (ln
1011 4207 1036 4264 U
1055 4230 1072 4266 ν
1088 4217 1206 4276 erasum)
1276 4205 1427 4282 εὐμένεια
1445 4205 1528 4284 νόμφ
1545 4209 1585 4277 Μ,

325 4307 378 4348 om.
388 4292 472 4350 ceteri
523 4297 648 4350 τοσοῦτο
661 4292 711 4348 ΡΗ
764 4287 990 4364 11άτίχιστυι11
1050 4301 1079 4349 15
1097 4289 1233 4370 ἀκίνητον
1249 4313 1268 4352 ε
1285 4312 1355 4354 υοπ.
1375 4292 1551 4366 supeant-E

325 4381 358 4432 16
375 4374 489 4436 τούτων
506 4379 531 4437 U
548 4395 583 4434 m.
600 4395 642 4449 pr.
662 4379 717 4438 ΒΜ
785 4383 819 4434 22
837 4379 1022 4452 ξυμφέρονΒ
1092 4385 1124 4436 2³
1142 4382 1317 4455 ξυγγενεῖςΒ
1370 4385 1404 4436 24
1420 4383 1470 4438 καί
1489 4371 1587 4442 οδκείν

324 4460 359 4519 κδ
378 4465 414 4528 (ει
430 4471 497 4520 mut
515 4464 544 4518 in
561 4465 626 4529 ε)Ρ
712 4464 897 4539 παραινέσειν
913 4465 967 4522 ΜΡ
1053 4471 1085 4524 25
1104 4460 1170 4526 ου’δλ
1186 4468 1274 4539 Εωφ,
1293 4464 1361 4528 οὔτε
1377 4465 1440 4520 libri
1521 4457 1588 4524 ούδὲ

324 4547 412 4618 Em,
430 4545 497 4606 ωτι
514 4549 577 4604 ωε
646 4555 679 4606 ιε
697 4540 765 4620 τως
782 4554 995 4624 τυπτομένοις
1012 4553 1083 4620 libri,
1101 4569 1173 4610 corr.
1193 4553 1333 4609 moremus
