3520 5270
657 379 795 436 ORATIO
813 381 911 438 va1.
1346 385 1405 444 161

152 553 212 638 τὴν
242 553 351 613 οίκίαν
381 551 530 616 ἀπέδοτο
559 555 615 617 καί
643 555 684 615 τά
710 557 836 637 χωρία,
865 559 920 620 καί
947 559 1031 636 μετά
1061 567 1166 622 ταῦτα
1196 563 1410 645 περιέρχεται

153 660 280 716 πεινῶν
302 656 358 716 καί
382 652 511 740 φαῦλον
526 655 706 739 τριβώνιον
722 658 814 737 ἔχων.
852 655 950 735 ,ἀλλά
972 663 1179 745 κηρύττεται,
1204 663 1318 747 φησίν,
1341 663 1409 724 ὑπὸ

47 769 138 822 (mou)
152 763 219 817 τῶν
248 753 419 819 πολιτῶν]
477 759 593 842 ὥσπερ
623 755 804 834 ἀπολωλὸς
839 757 1065 843 ἀνδράποδον.
1123 763 1240 825 ούκοῦν
1268 766 1449 839 είκδτωςθ

149 865 298 942 χρῶνται
317 862 405 939 πρδς
426 861 488 935 τάς
507 861 719 942 χειροτονίας
740 858 787 942 τῷ
803 869 863 947 της
879 857 996 937 ἐλαίας
1019 859 1138 947 θαλλῷ
1163 861 1220 926 διδ
1243 865 1282 926 τύ
1306 867 1409 949 φύσει

19 951 129 1057 fflffisss
152 964 273 1045 πικρδν
288 962 460 1044 ὑπάρχειν.
548 955 638 1045 [τούς
658 959 866 1039 δοξοκόπους
888 961 1107 1045 ἐκβάλλουσιν
1130 968 1166 1027 ἐκ
1187 972 1255 1027 τῶν
1278 965 1409 1048 ἀγορῶν

153 1063 187 1124 ol
209 1058 311 1148 δῆμοι
333 1071 458 1148 κραυγῇ
480 1064 536 1126 καί
552 1067 669 1150 ψόφῳ,
692 1066 853 1148 καθάπερ
871 1065 967 1146 οἶμαι
983 1070 1062 1144 τούς
1078 1074 1192 1152 ψᾶρας
1208 1069 1241 1130 οί
1256 1069 1406 1152 γεωργοί.

151 1164 299 1226 κάκεῖνοι
331 1167 393 1245 μὲν
424 1166 655 1245 μεθίστανται
684 1169 772 1250 πρὸς
801 1165 933 1249 ὀλίγον·
967 1174 1040 1245 τοῖς
1076 1167 1112 1232 δὲ
1147 1171 1205 1232 ούκ
1233 1171 1326 1232 ἐστιν
1361 1171 1411 1245 είς

153 1263 250 1328 οὐδέν
279 1266 330 1328 ἔτι
358 1274 425 1329 τῶν
456 1264 553 1329 ίδίων
590 1265 774 1344 ἐπάνοδος,
810 1264 895 1330 ἀλλά
929 1272 1086 1354 περιίασι
1117 1273 1237 1354 μικρδν
1270 1272 1410 1354 ὕστερον

153 1369 300 1447 πτωχοί,
330 1370 386 1430 καί
416 1365 526 1444 ούδείς
555 1370 595 1431 ἀν
626 1373 931 1454 προσαγορεύσειεν
961 1369 1044 1436 ίδών
1073 1375 1125 1436 ἐτι
1152 1381 1220 1436 τῶν
1242 1376 1410 1457 πρότερον

107 1478 134 1528 1⁰
156 1463 467 1554 διαρρηγνυμένων]
517 1474 664 1556 τοσαύτη
690 1464 722 1534 δ’
754 1473 886 1558 ίστίνη
916 1481 978 1535 τοῦ
1003 1477 1112 1562 τύφου
1150 1473 1290 1554 δύναμις
1319 1475 1449 1544 ὥστεί

151 1572 245 1654 παρὰ
266 1574 327 1651 μέν
350 1579 417 1634 τῶν
439 1574 579 1657 βαφέων
602 1574 782 1656 ἀγοράσεις
805 1571 900 1636 δυοῖν
921 1582 1013 1655 μνῶν
1036 1565 1056 1662 ἢ
1079 1584 1182 1656 τριῶν
1195 1573 1300 1662 καλήν
1323 1595 1406 1660 πορ-

151 1676 276 1759 φύραν·
301 1669 449 1758 δημοσίᾳ
473 1666 506 1736 δ’
533 1676 564 1737 εί
586 1671 733 1753 ἐθέλοις,
758 1673 894 1739 πολλῶν
910 1680 999 1740 πάνυ
1014 1675 1188 1741 ταλάντων
1203 1679 1313 1753 ῶνιος.
1351 1680 1407 1740 καί

149 1776 211 1851 τάς
238 1777 299 1855 μὲν
329 1778 365 1838 ἐκ
386 1785 445 1862 τῆς
474 1777 600 1861 ἀγοράς
621 1780 755 1854 ταινίας
778 1776 899 1861 ὀλίγων
927 1777 1100 1860 δραχμῶν,
1126 1781 1188 1856 τὰς
1217 1777 1252 1842 δέ
1283 1782 1319 1841 ἐκ
1347 1788 1407 1866 της

150 1874 325 1962 ἐκκλησίας
354 1875 518 1954 πολλάκις
547 1881 685 1966 ἀπάσης
712 1889 772 1966 τῆς
801 1882 929 1956 ούσίας.
979 1885 1036 1946 καί
1063 1885 1143 1958 τούς
1170 1884 1232 1962 μὲν
1260 1883 1320 1944 ἐπὶ
1348 1890 1407 1966 της

104 1987 132 2038 1ο
154 1980 276 2060 ἀγοράς
303 1985 568 2064 κηρυττομένους
594 1977 739 2056 ἀθλίους
762 1985 888 2058 πάντες
915 1978 1106 2063 νομίζουσι,
1135 1985 1215 2057 τούς
1244 1973 1276 2044 δ’
1303 1984 1337 2044 έν
1360 1981 1409 2064 τῷ

150 2082 286 2164 θεάτρῳ
309 2083 511 2164 μακαρίους·
531 2084 597 2145 Ικαλ
619 2085 759 2158 τούτους
780 2085 842 2163 μὲν
862 2085 1092 2168 κηρύττεσθαί
1115 2099 1238 2168 φασιν,
1262 2077 1409 2157 ἐκείνους

152 2180 187 2245 δὲ
212 2184 522 2268 ἀποκηρύττεσθαι,
547 2181 647 2270 δῆλον
670 2187 724 2246 δτι
748 2186 841 2268 παρά
857 2187 938 2265 μίαν
955 2182 1122 2270 συλλαβὴν
1137 2189 1334 2269 γιγνομένης
1349 2193 1408 2270 τῆς

152 2283 328 2369 διαφοράς.
380 2287 467 2346 ούτω
498 2283 533 2347 δὲ
564 2288 653 2347 πάνυ
675 2294 742 2348 τῶν
765 2287 962 2370 ἀνθρώπων
984 2288 1239 2371 κατεφρόνησαν
1263 2287 1297 2347 ol
1319 2290 1403 2369 πρό·
1429 2298 1448 2357 5

151 2406 247 2469 τερον
269 2388 405 2472 κοίτην
428 2386 589 2471 εύηθειαν
612 2387 721 2449 αὐτῶν
745 2385 897 2450 συνεῖδον
921 2385 1008 2451 ὥστε
1030 2389 1115 2470 ὑπὲρ
1143 2385 1210 2449 τῶν
1239 2389 1406 2469 μεγίστων

103 2497 132 2546 20
154 2492 269 2550 πόνων
290 2491 346 2552 καί
369 2485 506 2574 πληγῶν
526 2485 636 2574 φύλλα
660 2491 869 2572 προύθεσαν.
920 2481 996 2552 ἀλλ’
1022 2493 1114 2570 ὅμως
1142 2491 1229 2552 είσίν
1253 2491 1286 2551 ol
1308 2492 1408 2571 χάριν

150 2592 279 2653 τούτων
300 2588 536 2676 ἀποθνῄσκειν
566 2592 770 2676 αἱρούμενοι.
815 2590 882 2653 τῶν
914 2589 949 2654 δὲ
981 2594 1085 2674 αἰγῶν
1114 2593 1173 2653 ούκ
1202 2592 1243 2654 ἀν
1268 2589 1407 2670 ούδεμία

149 2695 445 2778 κατακρημνίσειεν
468 2694 571 2779 αὐτην
591 2695 724 2756 κοτίνου
745 2697 859 2778 χάριν,
883 2696 939 2757 καλ
960 2702 1065 2756 ταῦτα
1090 2696 1266 2778 παρούσης
1288 2695 1407 2777 ἐτέρας

151 2803 263 2880 νομῆς.
306 2797 420 2858 καίτοι
441 2801 517 2871 ταῖς
539 2797 600 2876 μὲν
624 2793 712 2873 αἰξίν
736 2797 794 2857 οάκ
816 2794 922 2882 ἀηδης
945 2798 1133 2872 ύκδτινος,
1157 2795 1346 2879 ἅνθρωπος
1370 2791 1405 2856 δέ

153 2898 211 2958 ούκ
225 2899 266 2959 ἀν
283 2901 396 2982 φάγοι.
427 2901 483 2960 καί
497 2900 557 2984 την
571 2899 632 2978 μὲν
648 2895 685 2974 ἐξ
696 2889 838 2978 Ἰσθμοῦ
852 2900 963 2976 πίτυν,
981 2896 1077 2960 οῦδὲν
1094 2897 1198 2960 ούσαν
1213 2895 1278 2959 τῶν
1295 2894 1406 2959 ἀλλων

5 3043 6 3064 2
101 3005 130 3054 ‘25
149 2996 371 3082 χλωροτέραν,
393 3001 477 3079 μετά
501 2997 632 3063 πολλοῦ
653 3003 759 3062 πδνου
781 3003 838 3062 καὶ
858 2999 966 3063 κακῶν
989 3002 1217 3084 ἀναιροῦνται,
1242 2996 1407 3074 πολλάκις

152 3103 310 3184 ἀργύριον
334 3097 421 3162 πολύ
445 3098 611 3176 διδόντες·
634 3103 817 3164 καὶταῦτα
840 3110 902 3164 τοῦ
923 3110 1032 3188 φυτοῦ
1045 3100 1213 3187 μηδεμίαν
1236 3098 1406 3187 ὠφέλειαν

6 3209 128 3258 (monn)
152 3204 302 3282 ἔχοντος·
326 3203 402 3264 ούτε
424 3204 486 3286 γάρ
511 3203 607 3265 σκιάν
631 3209 744 3266 ποιεῖν
768 3205 844 3266 ούτε
865 3207 996 3286 καρπὸν
1013 3210 1130 3290 φέρειν
1147 3201 1288 3266 δύναται
1309 3207 1349 3265 τό
1371 3224 1408 3265 τε

153 3301 279 3390 φύλλον
295 3301 395 3387 δριμύ
411 3306 467 3366 καί
481 3302 673 3380 καπνῶδες·
697 3314 756 3391 τῆς
773 3298 806 3367 δ’
831 3309 867 3368 ἐκ
883 3309 1053 3391 Μεγάρων
1069 3307 1191 3380 πίτυος
1206 3303 1317 3380 ούδείς
1332 3307 1407 3367 ἐπι-

152 3412 343 3492 στρέφεται.
382 3408 443 3470 κάν
458 3409 519 3487 μέν
534 3410 647 3490 έτερδς
668 3429 721 3482 τις
742 3409 787 3493 με)
810 3410 981 3490 κατεαγὼς
1003 3410 1062 3494 την
1084 3403 1233 3492 κεφαλὴν
1254 3400 1407 3490 <δια>δη·

99 3511 129 3561 30
151 3526 268 3592 σηται,
291 3506 530 3592 καταγελᾶται·
561 3515 634 3585 τοῖς
664 3507 699 3572 δέ
721 3507 900 3591 βασιλεύοι
923 3514 1067 3594 πρέπειν
1091 3505 1187 3570 δοκεῖ
1203 3509 1259 3571 καί
1282 3503 1408 3569 πολλαί

236 3697 250 3745 ³
269 3683 335 3748 ἀλλ’
353 3680 452 3762 ῶσπερ
470 3688 518 3744 UB
588 3696 602 3744 5
621 3685 689 3756 τοὺς
705 3685 762 3762 γὰρ
780 3689 812 3744 U.
831 3685 899 3756 τοῖς
915 3682 1094 3756 δοξοκόπους
1111 3719 1144 3730 -
1162 3687 1409 3761 διαρρηγνυμένων

149 3776 264 3833 secludit
275 3776 365 3846 Ιδωρ,
379 3775 483 3844 Dionis,
501 3775 549 3830 ιεδ
562 3775 625 3830 hinc
637 3775 726 3830 ιΙῖεοε
738 3780 818 3844 ροισι
829 3775 893 3830 Wil.
947 3767 1046 3848 ἀγρῶν
1057 3773 1126 3840 libri,
1139 3769 1257 3846 ἀγορῶν
1269 3788 1335 3842 mrg.
1348 3773 1372 3826 H

149 3867 165 3917 6
182 3867 290 3935 κναυγῇ
309 3862 329 3917 P
348 3879 383 3918 m.
401 3878 441 3930 pr.
459 3865 571 3932 κραυγῇ
587 3860 621 3925 U,
640 3859 688 3916 οῦδ
706 3881 723 3932 ρ
741 3876 758 3915 ο
775 3876 844 3916 corr.
862 3860 891 3915 in
903 3875 1000 3915 rasura
1067 3855 1227 3934 καθώσπερ
1245 3859 1315 3926 libri,
1335 3874 1405 3914 corr.

151 3947 254 4016 Pflugk.
331 3952 362 4002 ¹0
380 3945 601 4019 διαρηγνυμὲνον
614 3946 634 3999 Ρ
647 3941 890 4019 διαρρηγνύμενον
901 3945 930 3998 Μ
987 3950 1014 3999 11
1035 3947 1095 4002 τῶν
1110 3944 1231 4017 βαφέων
1242 3943 1330 4012 Εωρ..
1349 3947 1408 4000 τῶν

148 4029 310 4106 βαρβάρων
326 4033 390 4087 libri
458 4027 618 4105 ἀγοράσεις
636 4031 747 4086 comP
831 4035 861 4085 12
879 4029 1046 4103 δημωσίαΡ
1115 4031 1146 4086 δὲ
1163 4028 1230 4086 είῦ
1299 4029 1329 4086 δὲ
1345 4025 1408 4085 ἐθέ-

149 4117 252 4184 λοιςΗ
304 4117 398 4183 θέλεις
416 4117 444 4170 Μ
498 4122 529 4171 14
547 4119 595 4172 καί
606 4111 675 4182 τοὺς
686 4123 738 4171 etc.
751 4115 786 4172 cf.
800 4116 848 4171 1.2
904 4122 933 4171 15
953 4111 1304 4182 πάντεςΡπάνταςῐλΒΗ
1315 4105 1407 4170 ἀπαυ-

149 4223 201 4269 τας
214 4203 242 4256 Μ
297 4206 328 4258 16
346 4221 434 4274 φασιν
449 4233 476 4242 —
490 4193 741 4274 ἀποκηρύττεσθαι
760 4201 851 4256 σακΗ
869 4202 905 4265 (in
917 4213 986 4269 περ·
998 4201 1087 4270 suppl.
1099 4217 1135 4255 m.
1148 4200 1211 4264 div.)
1282 4203 1311 4252 17
1331 4217 1407 4270 γινο-

148 4287 270 4360 μένηςΗ
343 4277 562 4354 1⁸03chOE
615 4292 648 4341 20
666 4289 782 4359 πληγῶν
799 4285 843 4340 vix
861 4300 970 4354 εαοιιιυς
989 4284 1076 4340 fuitne
1093 4284 1266 4354 <δα>πανῶν
1318 4285 1351 4337 22
1368 4280 1406 4353 μὴ

149 4372 296 4444 παρούσης
312 4371 361 4428 UB
378 4373 451 4437 ίίιεια
470 4387 540 4428 corr.
561 4373 595 4434 Η)
682 4377 714 4426 24
734 4367 815 4429 σι’-δέν
833 4361 924 4428 οὖσαν
942 4364 1025 4428 οὐδέν
1043 4370 1064 4425 Ρ
1134 4374 1166 4424 25
1185 4364 1279 4426 πόνου
1297 4370 1406 4424 πολλοῦ

147 4459 210 4523 (hoe
227 4458 296 4524 ord.)
315 4458 363 4513 PH
432 4462 463 4512 22
482 4461 604 4527 καρπῶν
620 4458 641 4512 Ρ
659 4473 694 4514 m.
713 4474 754 4528 pr.
824 4460 857 4511 28
875 4457 905 4514 δὲ
922 4454 997 4514 έκΗ
1066 4459 1099 4509 22
1117 4452 1347 4524 ἐπιστέφεταιια.
1365 4467 1406 4523 pr.

148 4544 177 4598 iu
195 4542 284 4606 UMH,
303 4543 324 4597 P
392 4539 553 4616 διαδήσηται
572 4543 700 4606 Cobetun,
718 4539 837 4614 δησηται
854 4541 915 4598 libri

200 4635 258 4680 1³10.
272 4635 302 4680 11.
1171 4629 1200 4678 11
