<?xml version="1.0" encoding="UTF-8"?>
<!DOCTYPE html PUBLIC "-//W3C//DTD XHTML 1.0 Transitional//EN"
    "http://www.w3.org/TR/xhtml1/DTD/xhtml1-transitional.dtd">
<html xmlns="http://www.w3.org/1999/xhtml" xml:lang="en" lang="en">
 <head>
  <title>
</title>
<meta http-equiv="Content-Type" content="text/html;charset=utf-8" />
  <meta name='ocr-system' content='tesseract 3.04.00' />
  <meta name='ocr-capabilities' content='ocr_page ocr_carea ocr_par ocr_line ocrx_word'/>
</head>
<body>
  <div class='ocr_page' id='page_1' title='image "./quaeexstantomni01diogoog_0037.png"; bbox 0 0 3452 5264; ppageno 0'>
   <div class='ocr_carea' id='block_1_1' title="bbox 329 339 1193 402">
    <p class='ocr_par' dir='ltr' id='par_1_1' title="bbox 329 339 1193 402">
     <span class='ocr_line' id='line_1_1' title="bbox 329 339 1193 402; baseline -0.009 0"><span class='ocrx_word' id='word_1_1' title='bbox 329 345 369 402; x_wconf 78' lang='lat'><strong><em>14</em></strong></span> <span class='ocrx_word' id='word_1_2' title='bbox 728 339 852 399; x_wconf 84' lang='lat' dir='ltr'>DIONIS</span> <span class='ocrx_word' id='word_1_3' title='bbox 868 339 1193 398; x_wconf 71' lang='lat' dir='ltr'><strong>noanTflmncA</strong></span> 
     </span>
    </p>
   </div>
   <div class='ocr_carea' id='block_1_2' title="bbox 274 510 1712 3784">
    <p class='ocr_par' dir='ltr' id='par_1_2' title="bbox 274 510 1712 3784">
     <span class='ocr_line' id='line_1_2' title="bbox 328 510 1586 604; baseline -0.003 -22"><span class='ocrx_word' id='word_1_4' title='bbox 328 515 490 602; x_wconf 90' lang='grc' dir='ltr'><strong><em>δμόζυγα·</em></strong></span> <span class='ocrx_word' id='word_1_5' title='bbox 507 525 669 602; x_wconf 81' lang='grc' dir='ltr'><strong><em>πειρᾶται</em></strong></span> <span class='ocrx_word' id='word_1_6' title='bbox 679 515 719 604; x_wconf 79' lang='grc' dir='ltr'><strong><em>δη</em></strong></span> <span class='ocrx_word' id='word_1_7' title='bbox 731 525 791 603; x_wconf 80' lang='grc' dir='ltr'><strong><em>τῆς</em></strong></span> <span class='ocrx_word' id='word_1_8' title='bbox 801 516 958 591; x_wconf 76' lang='grc' dir='ltr'><strong><em>ἐναντίας</em></strong></span> <span class='ocrx_word' id='word_1_9' title='bbox 968 522 1010 600; x_wconf 79' lang='grc' dir='ltr'><strong><em>τῃ</em></strong></span> <span class='ocrx_word' id='word_1_10' title='bbox 1022 517 1189 601; x_wconf 88' lang='grc' dir='ltr'><strong><em>πρότερον</em></strong></span> <span class='ocrx_word' id='word_1_11' title='bbox 1206 513 1336 600; x_wconf 76' lang='grc' dir='ltr'><strong><em>φθορᾷ,</em></strong></span> <span class='ocrx_word' id='word_1_12' title='bbox 1352 510 1452 577; x_wconf 78' lang='grc' dir='ltr'><strong><em>ὕδατι</em></strong></span> <span class='ocrx_word' id='word_1_13' title='bbox 1467 511 1586 598; x_wconf 73' lang='grc' dir='ltr'><strong><em>πολλῷ</em></strong></span> 
     </span>
     <span class='ocr_line' id='line_1_3' title="bbox 324 609 1587 704; baseline -0.005 -18"><span class='ocrx_word' id='word_1_14' title='bbox 324 617 576 704; x_wconf 90' lang='grc' dir='ltr'><strong><em>χειμαζόμενος.</em></strong></span> <span class='ocrx_word' id='word_1_15' title='bbox 616 621 673 683; x_wconf 85' lang='grc' dir='ltr'><strong><em>καί</em></strong></span> <span class='ocrx_word' id='word_1_16' title='bbox 694 627 849 682; x_wconf 90' lang='grc' dir='ltr'><strong><em>τοιοῦτον</em></strong></span> <span class='ocrx_word' id='word_1_17' title='bbox 869 621 928 681; x_wconf 75' lang='grc' dir='ltr'><strong><em>ἕνα</em></strong></span> <span class='ocrx_word' id='word_1_18' title='bbox 947 623 1096 698; x_wconf 87' lang='grc' dir='ltr'><strong><em>χειμῶνα</em></strong></span> <span class='ocrx_word' id='word_1_19' title='bbox 1120 614 1319 703; x_wconf 72' lang='grc' dir='ltr'><strong><em>διηγεῖσθαι</em></strong></span> <span class='ocrx_word' id='word_1_20' title='bbox 1340 609 1587 702; x_wconf 82' lang='grc' dir='ltr'><strong><em>τοδςἝλληνας</em></strong></span> 
     </span>
     <span class='ocr_line' id='line_1_4' title="bbox 326 714 1586 810; baseline -0.004 -23"><span class='ocrx_word' id='word_1_21' title='bbox 326 726 396 788; x_wconf 82' lang='grc' dir='ltr'><strong><em>ὑπὸ</em></strong></span> <span class='ocrx_word' id='word_1_22' title='bbox 417 726 575 810; x_wconf 89' lang='grc' dir='ltr'><strong><em>νεότητός</em></strong></span> <span class='ocrx_word' id='word_1_23' title='bbox 597 743 633 786; x_wconf 89' lang='grc' dir='ltr'><strong><em>τε</em></strong></span> <span class='ocrx_word' id='word_1_24' title='bbox 656 723 713 786; x_wconf 85' lang='grc' dir='ltr'><strong><em>καί</em></strong></span> <span class='ocrx_word' id='word_1_25' title='bbox 733 723 866 808; x_wconf 78' lang='grc' dir='ltr'><em>μνήμης</em></span> <span class='ocrx_word' id='word_1_26' title='bbox 887 721 1075 798; x_wconf 75' lang='grc' dir='ltr'><strong><em>ἀσθενοῦς,</em></strong></span> <span class='ocrx_word' id='word_1_27' title='bbox 1102 721 1159 786; x_wconf 80' lang='grc' dir='ltr'><strong><em>καί</em></strong></span> <span class='ocrx_word' id='word_1_28' title='bbox 1183 714 1342 804; x_wconf 81' lang='grc' dir='ltr'><strong><em>[λέγουσι]</em></strong></span> <span class='ocrx_word' id='word_1_29' title='bbox 1365 716 1586 786; x_wconf 85' lang='grc' dir='ltr'><strong><em>Δευκαλίωνα</em></strong></span> 
     </span>
     <span class='ocr_line' id='line_1_5' title="bbox 275 819 1585 912; baseline -0.007 -19"><span class='ocrx_word' id='word_1_30' title='bbox 275 832 316 896; x_wconf 80' lang='grc'><strong><em>50</em></strong></span> <span class='ocrx_word' id='word_1_31' title='bbox 327 823 551 910; x_wconf 76' lang='grc' dir='ltr'><strong><em>βασιλεύοντα</em></strong></span> <span class='ocrx_word' id='word_1_32' title='bbox 566 828 644 888; x_wconf 87' lang='grc' dir='ltr'><strong><em>τότε</em></strong></span> <span class='ocrx_word' id='word_1_33' title='bbox 661 825 781 912; x_wconf 90' lang='grc' dir='ltr'><strong><em>σφίσιν</em></strong></span> <span class='ocrx_word' id='word_1_34' title='bbox 797 825 939 909; x_wconf 75' lang='grc' dir='ltr'><strong><em>ἀρκέσαι</em></strong></span> <span class='ocrx_word' id='word_1_35' title='bbox 954 825 1021 907; x_wconf 88' lang='grc' dir='ltr'><strong><em>πρό</em></strong></span> <span class='ocrx_word' id='word_1_36' title='bbox 1038 831 1098 910; x_wconf 80' lang='grc' dir='ltr'><strong><em>τῆς</em></strong></span> <span class='ocrx_word' id='word_1_37' title='bbox 1109 819 1297 898; x_wconf 76' lang='grc' dir='ltr'><strong><em>παντελοῦς</em></strong></span> <span class='ocrx_word' id='word_1_38' title='bbox 1308 821 1454 909; x_wconf 85' lang='grc' dir='ltr'><strong><em>φθορᾶς.</em></strong></span> <span class='ocrx_word' id='word_1_39' title='bbox 1477 828 1585 886; x_wconf 91' lang='grc' dir='ltr'><strong><em>ταῦτα</em></strong></span> 
     </span>
     <span class='ocr_line' id='line_1_6' title="bbox 327 920 1620 1010; baseline -0.003 -16"><span class='ocrx_word' id='word_1_40' title='bbox 327 925 363 994; x_wconf 81' lang='grc' dir='ltr'><strong><em>δὲ</em></strong></span> <span class='ocrx_word' id='word_1_41' title='bbox 380 930 535 1003; x_wconf 78' lang='grc' dir='ltr'><strong><em>σπανίως</em></strong></span> <span class='ocrx_word' id='word_1_42' title='bbox 550 924 774 1010; x_wconf 76' lang='grc' dir='ltr'><strong><em>ξυμβαίνοντα</em></strong></span> <span class='ocrx_word' id='word_1_43' title='bbox 791 923 901 990; x_wconf 88' lang='grc' dir='ltr'><strong><em>δοκεῖν</em></strong></span> <span class='ocrx_word' id='word_1_44' title='bbox 915 927 978 1008; x_wconf 79' lang='grc' dir='ltr'><strong><em>μὲν</em></strong></span> <span class='ocrx_word' id='word_1_45' title='bbox 992 926 1196 1008; x_wconf 88' lang='grc' dir='ltr'><strong><em>ἀνθρώποις</em></strong></span> <span class='ocrx_word' id='word_1_46' title='bbox 1217 920 1274 987; x_wconf 82' lang='grc' dir='ltr'><strong><em>διδ</em></strong></span> <span class='ocrx_word' id='word_1_47' title='bbox 1296 927 1355 988; x_wconf 88' lang='grc' dir='ltr'><strong><em>τόν</em></strong></span> <span class='ocrx_word' id='word_1_48' title='bbox 1378 927 1488 988; x_wconf 81' lang='grc' dir='ltr'><strong><em>αὐτῶν</em></strong></span> <span class='ocrx_word' id='word_1_49' title='bbox 1510 920 1582 990; x_wconf 88' lang='grc' dir='ltr'><strong><em>όλε·</em></strong></span> <span class='ocrx_word' id='word_1_50' title='bbox 1603 941 1620 990; x_wconf 72' lang='grc' dir='ltr'><strong><em>ε</em></strong></span> 
     </span>
     <span class='ocr_line' id='line_1_7' title="bbox 325 1023 1708 1118; baseline -0.003 -24"><span class='ocrx_word' id='word_1_51' title='bbox 325 1031 415 1118; x_wconf 89' lang='grc' dir='ltr'><strong><em>θρον</em></strong></span> <span class='ocrx_word' id='word_1_52' title='bbox 424 1030 606 1113; x_wconf 88' lang='grc' dir='ltr'><strong><em>γίγνεσθαι</em></strong></span> <span class='ocrx_word' id='word_1_53' title='bbox 619 1031 664 1116; x_wconf 79' lang='grc' dir='ltr'><strong><em>μη</em></strong></span> <span class='ocrx_word' id='word_1_54' title='bbox 676 1029 761 1092; x_wconf 82' lang='grc' dir='ltr'><strong><em>κατὰ</em></strong></span> <span class='ocrx_word' id='word_1_55' title='bbox 778 1025 876 1112; x_wconf 90' lang='grc' dir='ltr'><strong><em>λόγον</em></strong></span> <span class='ocrx_word' id='word_1_56' title='bbox 890 1025 976 1114; x_wconf 76' lang='grc' dir='ltr'><strong><em>μηδὲ</em></strong></span> <span class='ocrx_word' id='word_1_57' title='bbox 990 1032 1141 1109; x_wconf 76' lang='grc' dir='ltr'><strong><em>μετέχειν</em></strong></span> <span class='ocrx_word' id='word_1_58' title='bbox 1156 1035 1216 1113; x_wconf 81' lang='grc' dir='ltr'><strong><em>τῆς</em></strong></span> <span class='ocrx_word' id='word_1_59' title='bbox 1230 1034 1293 1090; x_wconf 90' lang='grc' dir='ltr'><strong><em>τοῦ</em></strong></span> <span class='ocrx_word' id='word_1_60' title='bbox 1303 1027 1433 1102; x_wconf 75' lang='grc' dir='ltr'><strong><em>παντὸς</em></strong></span> <span class='ocrx_word' id='word_1_61' title='bbox 1446 1023 1585 1105; x_wconf 78' lang='grc' dir='ltr'><strong><em>τάξεως,</em></strong></span> <span class='ocrx_word' id='word_1_62' title='bbox 1599 1046 1636 1094; x_wconf 77' lang='grc' dir='ltr'><strong><em>(σε</em></strong></span> <span class='ocrx_word' id='word_1_63' title='bbox 1649 1045 1669 1090; x_wconf 79' lang='lat' dir='ltr'><strong>n</strong></span> <span class='ocrx_word' id='word_1_64' title='bbox 1681 1045 1708 1097; x_wconf 83' lang='lat' dir='ltr'><strong>m</strong></span> 
     </span>
     <span class='ocr_line' id='line_1_8' title="bbox 326 1123 1587 1215; baseline -0.005 -18"><span class='ocrx_word' id='word_1_65' title='bbox 326 1131 509 1198; x_wconf 77' lang='grc' dir='ltr'><strong><em>λανθάνειν</em></strong></span> <span class='ocrx_word' id='word_1_66' title='bbox 522 1129 558 1198; x_wconf 75' lang='grc' dir='ltr'><strong><em>δέ</em></strong></span> <span class='ocrx_word' id='word_1_67' title='bbox 570 1134 692 1208; x_wconf 84' lang='grc' dir='ltr'><strong><em>αότοδς</em></strong></span> <span class='ocrx_word' id='word_1_68' title='bbox 704 1132 821 1214; x_wconf 83' lang='grc' dir='ltr'><strong><em>ὀρθῶς</em></strong></span> <span class='ocrx_word' id='word_1_69' title='bbox 835 1132 1013 1215; x_wconf 89' lang='grc' dir='ltr'><strong><em>γιγνόμενα</em></strong></span> <span class='ocrx_word' id='word_1_70' title='bbox 1028 1129 1181 1193; x_wconf 78' lang='grc' dir='ltr'><strong><em>καὶκατὰ</em></strong></span> <span class='ocrx_word' id='word_1_71' title='bbox 1196 1131 1330 1214; x_wconf 90' lang='grc' dir='ltr'><strong><em>γνώμην</em></strong></span> <span class='ocrx_word' id='word_1_72' title='bbox 1341 1137 1405 1192; x_wconf 90' lang='grc' dir='ltr'><strong><em>τοῦ</em></strong></span> <span class='ocrx_word' id='word_1_73' title='bbox 1417 1123 1587 1214; x_wconf 77' lang='grc' dir='ltr'><strong><em>σῴζοντος</em></strong></span> 
     </span>
     <span class='ocr_line' id='line_1_9' title="bbox 324 1232 1586 1321; baseline -0.006 -21"><span class='ocrx_word' id='word_1_74' title='bbox 324 1237 381 1302; x_wconf 80' lang='grc' dir='ltr'><strong><em>καί</em></strong></span> <span class='ocrx_word' id='word_1_75' title='bbox 401 1237 628 1321; x_wconf 89' lang='grc' dir='ltr'><strong><em>κυβερνῶντας</em></strong></span> <span class='ocrx_word' id='word_1_76' title='bbox 649 1236 689 1298; x_wconf 91' lang='grc' dir='ltr'><strong><em>τδ</em></strong></span> <span class='ocrx_word' id='word_1_77' title='bbox 712 1241 791 1297; x_wconf 80' lang='grc' dir='ltr'><strong><em>πᾶν.</em></strong></span> <span class='ocrx_word' id='word_1_78' title='bbox 837 1232 927 1298; x_wconf 83' lang='grc' dir='ltr'><strong><em>εῖναι</em></strong></span> <span class='ocrx_word' id='word_1_79' title='bbox 953 1232 1017 1318; x_wconf 81' lang='grc' dir='ltr'><strong><em>γάρ</em></strong></span> <span class='ocrx_word' id='word_1_80' title='bbox 1046 1235 1166 1314; x_wconf 90' lang='grc' dir='ltr'><strong><em>δμοιον</em></strong></span> <span class='ocrx_word' id='word_1_81' title='bbox 1189 1234 1306 1317; x_wconf 83' lang='grc' dir='ltr'><strong><em>ὥσπερ</em></strong></span> <span class='ocrx_word' id='word_1_82' title='bbox 1329 1234 1410 1298; x_wconf 89' lang='grc' dir='ltr'><strong><em>όταν</em></strong></span> <span class='ocrx_word' id='word_1_83' title='bbox 1435 1233 1586 1318; x_wconf 81' lang='grc' dir='ltr'><strong><em>ἅρματος</em></strong></span> 
     </span>
     <span class='ocr_line' id='line_1_10' title="bbox 324 1331 1587 1427; baseline -0.006 -25"><span class='ocrx_word' id='word_1_84' title='bbox 324 1340 461 1427; x_wconf 72' lang='grc' dir='ltr'><strong><em>ἡνίοχος</em></strong></span> <span class='ocrx_word' id='word_1_85' title='bbox 482 1345 549 1402; x_wconf 88' lang='grc' dir='ltr'><strong><em>τῶν</em></strong></span> <span class='ocrx_word' id='word_1_86' title='bbox 576 1339 694 1400; x_wconf 89' lang='grc' dir='ltr'><strong><em>ίππων</em></strong></span> <span class='ocrx_word' id='word_1_87' title='bbox 717 1337 793 1400; x_wconf 78' lang='grc' dir='ltr'><strong><em>τινὰ</em></strong></span> <span class='ocrx_word' id='word_1_88' title='bbox 808 1331 929 1421; x_wconf 80' lang='grc' dir='ltr'><strong><em>κολάζῃ</em></strong></span> <span class='ocrx_word' id='word_1_89' title='bbox 949 1333 1078 1419; x_wconf 78' lang='grc' dir='ltr'><strong><em>χαλινῷ</em></strong></span> <span class='ocrx_word' id='word_1_90' title='bbox 1103 1339 1240 1413; x_wconf 80' lang='grc' dir='ltr'><strong><em>σπάσας</em></strong></span> <span class='ocrx_word' id='word_1_91' title='bbox 1262 1335 1281 1422; x_wconf 79' lang='grc' dir='ltr'><em>ἢ</em></span> <span class='ocrx_word' id='word_1_92' title='bbox 1303 1338 1427 1421; x_wconf 85' lang='grc' dir='ltr'><strong><em>κέντρῳ</em></strong></span> <span class='ocrx_word' id='word_1_93' title='bbox 1452 1335 1587 1418; x_wconf 76' lang='grc' dir='ltr'><strong><em>ἁψάμε-</em></strong></span> 
     </span>
     <span class='ocr_line' id='line_1_11' title="bbox 325 1432 1635 1526; baseline -0.002 -21"><span class='ocrx_word' id='word_1_94' title='bbox 325 1456 399 1518; x_wconf 89' lang='grc' dir='ltr'><strong><em>νος·</em></strong></span> <span class='ocrx_word' id='word_1_95' title='bbox 423 1442 444 1503; x_wconf 94' lang='grc' dir='ltr'><strong><em>ό</em></strong></span> <span class='ocrx_word' id='word_1_96' title='bbox 465 1432 498 1504; x_wconf 79' lang='grc' dir='ltr'><strong><em>δ’</em></strong></span> <span class='ocrx_word' id='word_1_97' title='bbox 523 1441 701 1525; x_wconf 74' lang='grc' dir='ltr'><strong><em>ἐσκίρτησε</em></strong></span> <span class='ocrx_word' id='word_1_98' title='bbox 721 1440 779 1503; x_wconf 83' lang='grc' dir='ltr'><strong><em>καί</em></strong></span> <span class='ocrx_word' id='word_1_99' title='bbox 800 1439 986 1525; x_wconf 79' lang='grc' dir='ltr'><strong><em>ἐταράχθη,</em></strong></span> <span class='ocrx_word' id='word_1_100' title='bbox 1010 1447 1215 1526; x_wconf 80' lang='grc' dir='ltr'><strong><em>παραχρῆμα</em></strong></span> <span class='ocrx_word' id='word_1_101' title='bbox 1244 1440 1294 1516; x_wconf 85' lang='grc' dir='ltr'><strong><em>είς</em></strong></span> <span class='ocrx_word' id='word_1_102' title='bbox 1317 1435 1394 1502; x_wconf 87' lang='grc' dir='ltr'><strong><em>δίον</em></strong></span> <span class='ocrx_word' id='word_1_103' title='bbox 1415 1437 1584 1502; x_wconf 87' lang='grc' dir='ltr'><strong><em>καθιστά-</em></strong></span> <span class='ocrx_word' id='word_1_104' title='bbox 1604 1448 1635 1502; x_wconf 81' lang='lat'><strong><em>1⁰</em></strong></span> 
     </span>
     <span class='ocr_line' id='line_1_12' title="bbox 324 1534 1586 1628; baseline -0.006 -20"><span class='ocrx_word' id='word_1_105' title='bbox 324 1563 436 1626; x_wconf 88' lang='grc' dir='ltr'><strong><em>μενος.</em></strong></span> <span class='ocrx_word' id='word_1_106' title='bbox 471 1543 553 1624; x_wconf 90' lang='grc' dir='ltr'><strong><em>μίαν</em></strong></span> <span class='ocrx_word' id='word_1_107' title='bbox 568 1545 629 1623; x_wconf 82' lang='grc' dir='ltr'><strong><em>μὲν</em></strong></span> <span class='ocrx_word' id='word_1_108' title='bbox 652 1542 711 1605; x_wconf 83' lang='grc' dir='ltr'><strong><em>οὖν</em></strong></span> <span class='ocrx_word' id='word_1_109' title='bbox 731 1538 906 1624; x_wconf 88' lang='grc' dir='ltr'><strong><em>&lt;λέγουσι&gt;</em></strong></span> <span class='ocrx_word' id='word_1_110' title='bbox 925 1544 1050 1628; x_wconf 75' lang='grc' dir='ltr'><strong><em>ταύτην</em></strong></span> <span class='ocrx_word' id='word_1_111' title='bbox 1065 1545 1238 1627; x_wconf 73' lang='grc' dir='ltr'><strong><em>ἡνιόχησιν</em></strong></span> <span class='ocrx_word' id='word_1_112' title='bbox 1253 1540 1403 1625; x_wconf 76' lang='grc' dir='ltr'><strong><em>ἰσχυράν,</em></strong></span> <span class='ocrx_word' id='word_1_113' title='bbox 1426 1541 1485 1619; x_wconf 85' lang='grc' dir='ltr'><strong><em>οδχ</em></strong></span> <span class='ocrx_word' id='word_1_114' title='bbox 1506 1534 1586 1602; x_wconf 88' lang='grc' dir='ltr'><strong><em>όλου</em></strong></span> 
     </span>
     <span class='ocr_line' id='line_1_13' title="bbox 276 1640 1587 1733; baseline -0.003 -25"><span class='ocrx_word' id='word_1_115' title='bbox 276 1647 313 1710; x_wconf 81' lang='grc'><strong><em>51</em></strong></span> <span class='ocrx_word' id='word_1_116' title='bbox 331 1646 562 1733; x_wconf 82' lang='grc' dir='ltr'><strong><em>φθειρομένου</em></strong></span> <span class='ocrx_word' id='word_1_117' title='bbox 596 1653 659 1708; x_wconf 89' lang='grc' dir='ltr'><strong><em>τοῦ</em></strong></span> <span class='ocrx_word' id='word_1_118' title='bbox 689 1646 827 1720; x_wconf 88' lang='grc' dir='ltr'><strong><em>παντός.</em></strong></span> <span class='ocrx_word' id='word_1_119' title='bbox 883 1640 989 1708; x_wconf 91' lang='grc' dir='ltr'><strong><em>πάλιν</em></strong></span> <span class='ocrx_word' id='word_1_120' title='bbox 1020 1641 1057 1707; x_wconf 80' lang='grc' dir='ltr'><strong><em>δὲ</em></strong></span> <span class='ocrx_word' id='word_1_121' title='bbox 1086 1648 1202 1729; x_wconf 88' lang='grc' dir='ltr'><strong><em>έτέραν</em></strong></span> <span class='ocrx_word' id='word_1_122' title='bbox 1230 1651 1291 1730; x_wconf 83' lang='grc' dir='ltr'><strong><em>της</em></strong></span> <span class='ocrx_word' id='word_1_123' title='bbox 1317 1648 1385 1706; x_wconf 89' lang='grc' dir='ltr'><strong><em>τῶν</em></strong></span> <span class='ocrx_word' id='word_1_124' title='bbox 1416 1643 1587 1725; x_wconf 85' lang='grc' dir='ltr'><strong><em>τεττάρων</em></strong></span> 
     </span>
     <span class='ocr_line' id='line_1_14' title="bbox 324 1740 1587 1835; baseline -0.004 -24"><span class='ocrx_word' id='word_1_125' title='bbox 324 1749 488 1835; x_wconf 81' lang='grc' dir='ltr'><strong><em>κινησεως</em></strong></span> <span class='ocrx_word' id='word_1_126' title='bbox 508 1749 565 1811; x_wconf 85' lang='grc' dir='ltr'><strong><em>καί</em></strong></span> <span class='ocrx_word' id='word_1_127' title='bbox 586 1743 786 1834; x_wconf 77' lang='grc' dir='ltr'><strong><em>μεταβολῆς,</em></strong></span> <span class='ocrx_word' id='word_1_128' title='bbox 808 1749 844 1810; x_wconf 84' lang='grc' dir='ltr'><strong><em>έν</em></strong></span> <span class='ocrx_word' id='word_1_129' title='bbox 866 1743 1027 1833; x_wconf 80' lang='grc' dir='ltr'><strong><em>ἀλλήλοις</em></strong></span> <span class='ocrx_word' id='word_1_130' title='bbox 1040 1742 1342 1829; x_wconf 84' lang='grc' dir='ltr'><strong><em>μεταβαλλομένων</em></strong></span> <span class='ocrx_word' id='word_1_131' title='bbox 1356 1745 1413 1809; x_wconf 85' lang='grc' dir='ltr'><strong><em>καί</em></strong></span> <span class='ocrx_word' id='word_1_132' title='bbox 1428 1740 1587 1809; x_wconf 84' lang='grc' dir='ltr'><strong><em>δεαλλατ·</em></strong></span> 
     </span>
     <span class='ocr_line' id='line_1_15' title="bbox 325 1845 1585 1935; baseline -0.003 -21"><span class='ocrx_word' id='word_1_133' title='bbox 325 1855 453 1914; x_wconf 91' lang='grc' dir='ltr'><strong><em>τόντων</em></strong></span> <span class='ocrx_word' id='word_1_134' title='bbox 475 1850 517 1912; x_wconf 82' lang='grc' dir='ltr'><strong><em>τό</em></strong></span> <span class='ocrx_word' id='word_1_135' title='bbox 540 1848 626 1935; x_wconf 85' lang='grc' dir='ltr'><strong><em>εἴδη,</em></strong></span> <span class='ocrx_word' id='word_1_136' title='bbox 647 1855 765 1935; x_wconf 85' lang='grc' dir='ltr'><strong><em>μέχρις</em></strong></span> <span class='ocrx_word' id='word_1_137' title='bbox 785 1851 827 1914; x_wconf 86' lang='grc' dir='ltr'><strong><em>ἀν</em></strong></span> <span class='ocrx_word' id='word_1_138' title='bbox 850 1851 901 1926; x_wconf 88' lang='grc' dir='ltr'><strong><em>είς</em></strong></span> <span class='ocrx_word' id='word_1_139' title='bbox 921 1851 1003 1930; x_wconf 84' lang='grc' dir='ltr'><strong><em>μίαν</em></strong></span> <span class='ocrx_word' id='word_1_140' title='bbox 1027 1851 1162 1913; x_wconf 82' lang='grc' dir='ltr'><strong><em>ἅπαντα</em></strong></span> <span class='ocrx_word' id='word_1_141' title='bbox 1187 1845 1333 1933; x_wconf 84' lang='grc' dir='ltr'><strong><em>συνέλθῃ</em></strong></span> <span class='ocrx_word' id='word_1_142' title='bbox 1351 1849 1465 1934; x_wconf 86' lang='grc' dir='ltr'><strong><em>φάσιν,</em></strong></span> <span class='ocrx_word' id='word_1_143' title='bbox 1487 1850 1585 1931; x_wconf 79' lang='grc' dir='ltr'><strong><em>ηττη-</em></strong></span> 
     </span>
     <span class='ocr_line' id='line_1_16' title="bbox 324 1949 1633 2038; baseline -0.002 -22"><span class='ocrx_word' id='word_1_144' title='bbox 324 1954 432 2017; x_wconf 88' lang='grc' dir='ltr'><strong><em>θέντα</em></strong></span> <span class='ocrx_word' id='word_1_145' title='bbox 454 1961 517 2017; x_wconf 90' lang='grc' dir='ltr'><strong><em>τοῦ</em></strong></span> <span class='ocrx_word' id='word_1_146' title='bbox 535 1955 736 2038; x_wconf 91' lang='grc' dir='ltr'><strong><em>κρείττονος.</em></strong></span> <span class='ocrx_word' id='word_1_147' title='bbox 779 1955 872 2034; x_wconf 92' lang='grc' dir='ltr'><strong><em>όμως</em></strong></span> <span class='ocrx_word' id='word_1_148' title='bbox 895 1949 931 2016; x_wconf 75' lang='grc' dir='ltr'><strong><em>δέ</em></strong></span> <span class='ocrx_word' id='word_1_149' title='bbox 952 1954 1010 2016; x_wconf 83' lang='grc' dir='ltr'><strong><em>καί</em></strong></span> <span class='ocrx_word' id='word_1_150' title='bbox 1029 1955 1154 2036; x_wconf 80' lang='grc' dir='ltr'><strong><em>ταύτην</em></strong></span> <span class='ocrx_word' id='word_1_151' title='bbox 1175 1954 1235 2037; x_wconf 82' lang='grc' dir='ltr'><strong><em>την</em></strong></span> <span class='ocrx_word' id='word_1_152' title='bbox 1256 1951 1388 2037; x_wconf 91' lang='grc' dir='ltr'><strong><em>κίνησιν</em></strong></span> <span class='ocrx_word' id='word_1_153' title='bbox 1409 1951 1583 2036; x_wconf 79' lang='grc' dir='ltr'><strong><em>ηνιοχήσει</em></strong></span> <span class='ocrx_word' id='word_1_154' title='bbox 1602 1960 1633 2014; x_wconf 73' lang='lat'><strong><em>1⁸</em></strong></span> 
     </span>
     <span class='ocr_line' id='line_1_17' title="bbox 326 2049 1585 2140; baseline -0.003 -20"><span class='ocrx_word' id='word_1_155' title='bbox 326 2050 562 2140; x_wconf 82' lang='grc' dir='ltr'><strong><em>προσεικάζειν</em></strong></span> <span class='ocrx_word' id='word_1_156' title='bbox 591 2051 764 2136; x_wconf 80' lang='grc' dir='ltr'><strong><em>τολμῶσιν</em></strong></span> <span class='ocrx_word' id='word_1_157' title='bbox 791 2051 908 2119; x_wconf 75' lang='grc' dir='ltr'><strong><em>ἐλάσει</em></strong></span> <span class='ocrx_word' id='word_1_158' title='bbox 929 2075 966 2118; x_wconf 89' lang='grc' dir='ltr'><strong><em>τε</em></strong></span> <span class='ocrx_word' id='word_1_159' title='bbox 988 2055 1155 2138; x_wconf 84' lang='grc' dir='ltr'><strong><em>ἅρματος,</em></strong></span> <span class='ocrx_word' id='word_1_160' title='bbox 1184 2055 1407 2137; x_wconf 80' lang='grc' dir='ltr'><strong><em>ἀτοπωτέρας</em></strong></span> <span class='ocrx_word' id='word_1_161' title='bbox 1430 2049 1585 2133; x_wconf 86' lang='grc' dir='ltr'><strong><em>διόμενοι</em></strong></span> 
     </span>
     <span class='ocr_line' id='line_1_18' title="bbox 325 2152 1583 2244; baseline -0.006 -20"><span class='ocrx_word' id='word_1_162' title='bbox 325 2167 385 2244; x_wconf 79' lang='grc' dir='ltr'><strong><em>τῆς</em></strong></span> <span class='ocrx_word' id='word_1_163' title='bbox 407 2159 552 2234; x_wconf 87' lang='grc' dir='ltr'><strong><em>είκόνος·</em></strong></span> <span class='ocrx_word' id='word_1_164' title='bbox 583 2157 658 2222; x_wconf 82' lang='grc' dir='ltr'><strong><em>οἱον</em></strong></span> <span class='ocrx_word' id='word_1_165' title='bbox 687 2155 722 2222; x_wconf 88' lang='grc' dir='ltr'><strong><em>εί</em></strong></span> <span class='ocrx_word' id='word_1_166' title='bbox 739 2179 793 2234; x_wconf 91' lang='grc' dir='ltr'><strong><em>τις</em></strong></span> <span class='ocrx_word' id='word_1_167' title='bbox 814 2158 1080 2240; x_wconf 88' lang='grc' dir='ltr'><strong><em>θαυματοποιὸς</em></strong></span> <span class='ocrx_word' id='word_1_168' title='bbox 1102 2159 1139 2219; x_wconf 82' lang='grc' dir='ltr'><strong><em>ίκ</em></strong></span> <span class='ocrx_word' id='word_1_169' title='bbox 1158 2164 1263 2242; x_wconf 80' lang='grc' dir='ltr'><strong><em>κηροῦ</em></strong></span> <span class='ocrx_word' id='word_1_170' title='bbox 1283 2152 1421 2231; x_wconf 86' lang='grc' dir='ltr'><strong><em>πλάσας</em></strong></span> <span class='ocrx_word' id='word_1_171' title='bbox 1443 2156 1583 2233; x_wconf 81' lang='grc' dir='ltr'><strong><em>ἱππους,</em></strong></span> 
     </span>
     <span class='ocr_line' id='line_1_19' title="bbox 325 2251 1688 2348; baseline -0.001 -24"><span class='ocrx_word' id='word_1_172' title='bbox 325 2261 446 2324; x_wconf 73' lang='grc' dir='ltr'><strong><em>ἔπειτα</em></strong></span> <span class='ocrx_word' id='word_1_173' title='bbox 476 2262 636 2348; x_wconf 80' lang='grc' dir='ltr'><strong><em>ἀφαιρῶν</em></strong></span> <span class='ocrx_word' id='word_1_174' title='bbox 663 2262 721 2325; x_wconf 83' lang='grc' dir='ltr'><strong><em>καί</em></strong></span> <span class='ocrx_word' id='word_1_175' title='bbox 752 2258 922 2345; x_wconf 77' lang='grc' dir='ltr'><strong><em>περιξύων</em></strong></span> <span class='ocrx_word' id='word_1_176' title='bbox 953 2251 1019 2347; x_wconf 80' lang='grc' dir='ltr'><strong><em>ἀφ’</em></strong></span> <span class='ocrx_word' id='word_1_177' title='bbox 1052 2261 1193 2322; x_wconf 87' lang='grc' dir='ltr'><strong><em>έκάστου</em></strong></span> <span class='ocrx_word' id='word_1_178' title='bbox 1222 2258 1431 2346; x_wconf 90' lang='grc' dir='ltr'><strong><em>προστιθείη</em></strong></span> <span class='ocrx_word' id='word_1_179' title='bbox 1461 2253 1688 2322; x_wconf 70' lang='grc' dir='ltr'><strong><em>άλλοτειωνῶ</em></strong></span> 
     </span>
     <span class='ocr_line' id='line_1_20' title="bbox 326 2358 1585 2446; baseline 0.002 -22"><span class='ocrx_word' id='word_1_180' title='bbox 326 2359 435 2444; x_wconf 78' lang='grc' dir='ltr'><strong><em>ἄλλῳ,</em></strong></span> <span class='ocrx_word' id='word_1_181' title='bbox 462 2360 559 2440; x_wconf 85' lang='grc' dir='ltr'><strong><em>τέλος</em></strong></span> <span class='ocrx_word' id='word_1_182' title='bbox 589 2361 625 2427; x_wconf 81' lang='grc' dir='ltr'><strong><em>δὲ</em></strong></span> <span class='ocrx_word' id='word_1_183' title='bbox 655 2365 810 2439; x_wconf 84' lang='grc' dir='ltr'><strong><em>ἅπαντας</em></strong></span> <span class='ocrx_word' id='word_1_184' title='bbox 838 2365 888 2440; x_wconf 89' lang='grc' dir='ltr'><strong><em>είς</em></strong></span> <span class='ocrx_word' id='word_1_185' title='bbox 915 2365 973 2427; x_wconf 76' lang='grc' dir='ltr'><strong><em>ἕνα</em></strong></span> <span class='ocrx_word' id='word_1_186' title='bbox 1001 2369 1069 2425; x_wconf 89' lang='grc' dir='ltr'><strong><em>τῶν</em></strong></span> <span class='ocrx_word' id='word_1_187' title='bbox 1098 2363 1267 2446; x_wconf 89' lang='grc' dir='ltr'><strong><em>τεττάρων</em></strong></span> <span class='ocrx_word' id='word_1_188' title='bbox 1296 2358 1476 2437; x_wconf 86' lang='grc' dir='ltr'><strong><em>ἀναλώσας</em></strong></span> <span class='ocrx_word' id='word_1_189' title='bbox 1502 2362 1585 2441; x_wconf 87' lang='grc' dir='ltr'><strong><em>μίαν</em></strong></span> 
     </span>
     <span class='ocr_line' id='line_1_21' title="bbox 276 2461 1635 2553; baseline -0.001 -25"><span class='ocrx_word' id='word_1_190' title='bbox 276 2465 317 2528; x_wconf 83' lang='grc'><strong><em>52</em></strong></span> <span class='ocrx_word' id='word_1_191' title='bbox 328 2467 465 2551; x_wconf 78' lang='grc' dir='ltr'><strong><em>μορφὴν</em></strong></span> <span class='ocrx_word' id='word_1_192' title='bbox 486 2463 524 2543; x_wconf 83' lang='grc' dir='ltr'><strong><em>έξ</em></strong></span> <span class='ocrx_word' id='word_1_193' title='bbox 545 2467 684 2551; x_wconf 87' lang='grc' dir='ltr'><strong><em>άπάσης</em></strong></span> <span class='ocrx_word' id='word_1_194' title='bbox 710 2475 771 2553; x_wconf 77' lang='grc' dir='ltr'><strong><em>τῆς</em></strong></span> <span class='ocrx_word' id='word_1_195' title='bbox 798 2463 879 2551; x_wconf 87' lang='grc' dir='ltr'><strong><em>όλης</em></strong></span> <span class='ocrx_word' id='word_1_196' title='bbox 901 2461 1085 2549; x_wconf 76' lang='grc' dir='ltr'><strong><em>ἐργάζοιτο.</em></strong></span> <span class='ocrx_word' id='word_1_197' title='bbox 1130 2463 1219 2528; x_wconf 79' lang='grc' dir='ltr'><strong><em>εἶναί</em></strong></span> <span class='ocrx_word' id='word_1_198' title='bbox 1239 2483 1275 2548; x_wconf 87' lang='grc' dir='ltr'><strong><em>γε</em></strong></span> <span class='ocrx_word' id='word_1_199' title='bbox 1297 2465 1362 2550; x_wconf 78' lang='grc' dir='ltr'><strong><em>μην</em></strong></span> <span class='ocrx_word' id='word_1_200' title='bbox 1383 2465 1424 2526; x_wconf 86' lang='grc' dir='ltr'><strong><em>τό</em></strong></span> <span class='ocrx_word' id='word_1_201' title='bbox 1445 2470 1582 2527; x_wconf 89' lang='grc' dir='ltr'><strong><em>τοιοῦτο</em></strong></span> <span class='ocrx_word' id='word_1_202' title='bbox 1603 2473 1635 2526; x_wconf 76' lang='grc' dir='ltr'><strong><em>νῦ</em></strong></span> 
     </span>
     <span class='ocr_line' id='line_1_22' title="bbox 324 2563 1584 2654; baseline -0.004 -22"><span class='ocrx_word' id='word_1_203' title='bbox 324 2570 368 2654; x_wconf 81' lang='grc' dir='ltr'><strong><em>μη</em></strong></span> <span class='ocrx_word' id='word_1_204' title='bbox 398 2569 559 2651; x_wconf 87' lang='grc' dir='ltr'><strong><em>καθάπερ</em></strong></span> <span class='ocrx_word' id='word_1_205' title='bbox 590 2570 732 2650; x_wconf 79' lang='grc' dir='ltr'><strong><em>ἀφόχων</em></strong></span> <span class='ocrx_word' id='word_1_206' title='bbox 761 2565 972 2648; x_wconf 88' lang='grc' dir='ltr'><strong><em>πλασμάτων</em></strong></span> <span class='ocrx_word' id='word_1_207' title='bbox 1000 2566 1132 2646; x_wconf 80' lang='grc' dir='ltr'><strong><em>ἔξωθεν</em></strong></span> <span class='ocrx_word' id='word_1_208' title='bbox 1160 2574 1223 2630; x_wconf 91' lang='grc' dir='ltr'><strong><em>τοῦ</em></strong></span> <span class='ocrx_word' id='word_1_209' title='bbox 1250 2563 1457 2652; x_wconf 76' lang='grc' dir='ltr'><strong><em>δημιουργοῦ</em></strong></span> <span class='ocrx_word' id='word_1_210' title='bbox 1478 2585 1584 2650; x_wconf 87' lang='grc' dir='ltr'><strong><em>πραγ-</em></strong></span> 
     </span>
     <span class='ocr_line' id='line_1_23' title="bbox 323 2665 1585 2758; baseline -0.002 -26"><span class='ocrx_word' id='word_1_211' title='bbox 323 2675 553 2752; x_wconf 89' lang='grc' dir='ltr'><strong><em>ματευομένου</em></strong></span> <span class='ocrx_word' id='word_1_212' title='bbox 568 2673 625 2734; x_wconf 83' lang='grc' dir='ltr'><strong><em>καί</em></strong></span> <span class='ocrx_word' id='word_1_213' title='bbox 639 2671 870 2751; x_wconf 89' lang='grc' dir='ltr'><strong><em>μεθιστάντος</em></strong></span> <span class='ocrx_word' id='word_1_214' title='bbox 885 2673 945 2758; x_wconf 80' lang='grc' dir='ltr'><strong><em>την</em></strong></span> <span class='ocrx_word' id='word_1_215' title='bbox 960 2668 1051 2756; x_wconf 86' lang='grc' dir='ltr'><strong><em>όλην,</em></strong></span> <span class='ocrx_word' id='word_1_216' title='bbox 1075 2671 1185 2734; x_wconf 78' lang='grc' dir='ltr'><strong><em>αὐτῶν</em></strong></span> <span class='ocrx_word' id='word_1_217' title='bbox 1201 2665 1238 2732; x_wconf 76' lang='grc' dir='ltr'><strong><em>δὲ</em></strong></span> <span class='ocrx_word' id='word_1_218' title='bbox 1253 2669 1389 2732; x_wconf 75' lang='grc' dir='ltr'><strong><em>ἐκείνων</em></strong></span> <span class='ocrx_word' id='word_1_219' title='bbox 1404 2668 1585 2751; x_wconf 88' lang='grc' dir='ltr'><strong><em>γίγνεσθαι</em></strong></span> 
     </span>
     <span class='ocr_line' id='line_1_24' title="bbox 324 2768 1584 2858; baseline -0.002 -24"><span class='ocrx_word' id='word_1_220' title='bbox 324 2775 363 2836; x_wconf 88' lang='grc' dir='ltr'><strong><em>τό</em></strong></span> <span class='ocrx_word' id='word_1_221' title='bbox 388 2773 525 2851; x_wconf 90' lang='grc' dir='ltr'><strong><em>πάθας,</em></strong></span> <span class='ocrx_word' id='word_1_222' title='bbox 554 2773 670 2858; x_wconf 81' lang='grc' dir='ltr'><strong><em>ὥσπερ</em></strong></span> <span class='ocrx_word' id='word_1_223' title='bbox 699 2774 735 2835; x_wconf 82' lang='grc' dir='ltr'><strong><em>έν</em></strong></span> <span class='ocrx_word' id='word_1_224' title='bbox 758 2773 863 2854; x_wconf 92' lang='grc' dir='ltr'><strong><em>ἀγῶνι</em></strong></span> <span class='ocrx_word' id='word_1_225' title='bbox 883 2770 1017 2856; x_wconf 80' lang='grc' dir='ltr'><strong><em>μεγάλῳ</em></strong></span> <span class='ocrx_word' id='word_1_226' title='bbox 1048 2794 1085 2837; x_wconf 88' lang='grc' dir='ltr'><strong><em>τε</em></strong></span> <span class='ocrx_word' id='word_1_227' title='bbox 1112 2773 1169 2836; x_wconf 85' lang='grc' dir='ltr'><strong><em>καί</em></strong></span> <span class='ocrx_word' id='word_1_228' title='bbox 1197 2768 1354 2858; x_wconf 78' lang='grc' dir='ltr'><strong><em>ἀληθινῷ</em></strong></span> <span class='ocrx_word' id='word_1_229' title='bbox 1384 2771 1465 2855; x_wconf 80' lang='grc' dir='ltr'><strong><em>περὶ</em></strong></span> <span class='ocrx_word' id='word_1_230' title='bbox 1492 2770 1584 2855; x_wconf 84' lang='grc' dir='ltr'><strong><em>νίκης</em></strong></span> 
     </span>
     <span class='ocr_line' id='line_1_25' title="bbox 325 2869 1584 2962; baseline -0.004 -23"><span class='ocrx_word' id='word_1_231' title='bbox 325 2870 520 2961; x_wconf 76' lang='grc' dir='ltr'><strong><em>ἐριζόντων·</em></strong></span> <span class='ocrx_word' id='word_1_232' title='bbox 549 2875 729 2958; x_wconf 90' lang='grc' dir='ltr'><strong><em>γίγνεσθαι</em></strong></span> <span class='ocrx_word' id='word_1_233' title='bbox 757 2872 793 2938; x_wconf 82' lang='grc' dir='ltr'><strong><em>δὲ</em></strong></span> <span class='ocrx_word' id='word_1_234' title='bbox 822 2878 881 2962; x_wconf 80' lang='grc' dir='ltr'><strong><em>την</em></strong></span> <span class='ocrx_word' id='word_1_235' title='bbox 904 2877 997 2961; x_wconf 87' lang='grc' dir='ltr'><strong><em>νίκην</em></strong></span> <span class='ocrx_word' id='word_1_236' title='bbox 1024 2878 1082 2940; x_wconf 80' lang='grc' dir='ltr'><strong><em>καί</em></strong></span> <span class='ocrx_word' id='word_1_237' title='bbox 1101 2878 1160 2938; x_wconf 86' lang='grc' dir='ltr'><strong><em>τόν</em></strong></span> <span class='ocrx_word' id='word_1_238' title='bbox 1185 2879 1353 2961; x_wconf 86' lang='grc' dir='ltr'><strong><em>στέφανον</em></strong></span> <span class='ocrx_word' id='word_1_239' title='bbox 1375 2869 1412 2950; x_wconf 84' lang='grc' dir='ltr'><strong><em>έξ</em></strong></span> <span class='ocrx_word' id='word_1_240' title='bbox 1440 2874 1584 2958; x_wconf 76' lang='grc' dir='ltr'><strong><em>ἀνάγκης</em></strong></span> 
     </span>
     <span class='ocr_line' id='line_1_26' title="bbox 323 2973 1632 3065; baseline -0.002 -25"><span class='ocrx_word' id='word_1_241' title='bbox 323 2985 385 3040; x_wconf 85' lang='grc' dir='ltr'><strong><em>τοῦ</em></strong></span> <span class='ocrx_word' id='word_1_242' title='bbox 399 2979 537 3062; x_wconf 88' lang='grc' dir='ltr'><strong><em>πρώτου</em></strong></span> <span class='ocrx_word' id='word_1_243' title='bbox 550 2978 609 3039; x_wconf 82' lang='grc' dir='ltr'><strong><em>καί</em></strong></span> <span class='ocrx_word' id='word_1_244' title='bbox 621 2978 802 3062; x_wconf 87' lang='grc' dir='ltr'><strong><em>κρατίστου</em></strong></span> <span class='ocrx_word' id='word_1_245' title='bbox 817 2980 913 3057; x_wconf 88' lang='grc' dir='ltr'><strong><em>τάχει</em></strong></span> <span class='ocrx_word' id='word_1_246' title='bbox 927 2980 1035 3042; x_wconf 82' lang='grc' dir='ltr'><strong><em>τεκαὶ</em></strong></span> <span class='ocrx_word' id='word_1_247' title='bbox 1050 2975 1134 3065; x_wconf 76' lang='grc' dir='ltr'><strong><em>ἀλκῇ</em></strong></span> <span class='ocrx_word' id='word_1_248' title='bbox 1153 2980 1267 3062; x_wconf 80' lang='grc' dir='ltr'><strong><em>κοίτῃ</em></strong></span> <span class='ocrx_word' id='word_1_249' title='bbox 1283 2973 1442 3060; x_wconf 77' lang='grc' dir='ltr'><strong><em>ξυμπάσῃ</em></strong></span> <span class='ocrx_word' id='word_1_250' title='bbox 1466 2975 1579 3060; x_wconf 81' lang='grc' dir='ltr'><strong><em>ἀρετῃ,</em></strong></span> <span class='ocrx_word' id='word_1_251' title='bbox 1601 2983 1632 3037; x_wconf 71' lang='grc' dir='ltr'><strong><em>νῦ</em></strong></span> 
     </span>
     <span class='ocr_line' id='line_1_27' title="bbox 274 3077 1582 3166; baseline -0.002 -24"><span class='ocrx_word' id='word_1_252' title='bbox 274 3080 314 3144; x_wconf 89' lang='grc'><strong><em>53</em></strong></span> <span class='ocrx_word' id='word_1_253' title='bbox 326 3079 364 3142; x_wconf 90' lang='grc' dir='ltr'><strong><em>δν</em></strong></span> <span class='ocrx_word' id='word_1_254' title='bbox 386 3077 529 3160; x_wconf 82' lang='grc' dir='ltr'><strong><em>εἴπομεν</em></strong></span> <span class='ocrx_word' id='word_1_255' title='bbox 550 3080 586 3142; x_wconf 88' lang='grc' dir='ltr'><strong><em>έν</em></strong></span> <span class='ocrx_word' id='word_1_256' title='bbox 608 3081 694 3166; x_wconf 80' lang='grc' dir='ltr'><strong><em>ἀρχῃ</em></strong></span> <span class='ocrx_word' id='word_1_257' title='bbox 714 3086 782 3142; x_wconf 90' lang='grc' dir='ltr'><strong><em>τῶν</em></strong></span> <span class='ocrx_word' id='word_1_258' title='bbox 805 3077 912 3162; x_wconf 88' lang='grc' dir='ltr'><strong><em>λόγων</em></strong></span> <span class='ocrx_word' id='word_1_259' title='bbox 934 3077 1106 3165; x_wconf 73' lang='grc' dir='ltr'><strong><em>ἐξαίρετον</em></strong></span> <span class='ocrx_word' id='word_1_260' title='bbox 1129 3080 1216 3144; x_wconf 85' lang='grc' dir='ltr'><strong><em>εἶναι</em></strong></span> <span class='ocrx_word' id='word_1_261' title='bbox 1230 3082 1327 3155; x_wconf 90' lang='grc' dir='ltr'><strong><em>Διός.</em></strong></span> <span class='ocrx_word' id='word_1_262' title='bbox 1365 3085 1484 3141; x_wconf 87' lang='grc' dir='ltr'><strong><em>τοῦτον</em></strong></span> <span class='ocrx_word' id='word_1_263' title='bbox 1507 3079 1582 3161; x_wconf 89' lang='grc' dir='ltr'><strong><em>γάρ,</em></strong></span> 
     </span>
     <span class='ocr_line' id='line_1_28' title="bbox 326 3177 1582 3270; baseline -0.001 -28"><span class='ocrx_word' id='word_1_264' title='bbox 326 3183 385 3244; x_wconf 86' lang='grc' dir='ltr'><strong><em>ἅτε</em></strong></span> <span class='ocrx_word' id='word_1_265' title='bbox 407 3183 546 3244; x_wconf 91' lang='grc' dir='ltr'><strong><em>πάντων</em></strong></span> <span class='ocrx_word' id='word_1_266' title='bbox 568 3177 802 3262; x_wconf 85' lang='grc' dir='ltr'><strong><em>ἀλκιμώτατον</em></strong></span> <span class='ocrx_word' id='word_1_267' title='bbox 824 3183 881 3246; x_wconf 83' lang='grc' dir='ltr'><strong><em>καὶ</em></strong></span> <span class='ocrx_word' id='word_1_268' title='bbox 903 3185 1007 3270; x_wconf 85' lang='grc' dir='ltr'><strong><em>φύσει</em></strong></span> <span class='ocrx_word' id='word_1_269' title='bbox 1036 3179 1218 3268; x_wconf 92' lang='grc' dir='ltr'><strong><em>διάπυρον,</em></strong></span> <span class='ocrx_word' id='word_1_270' title='bbox 1247 3184 1329 3263; x_wconf 85' lang='grc' dir='ltr'><strong><em>ταχδ</em></strong></span> <span class='ocrx_word' id='word_1_271' title='bbox 1359 3177 1582 3244; x_wconf 90' lang='grc' dir='ltr'><strong><em>ἀναλώσαντα</em></strong></span> 
     </span>
     <span class='ocr_line' id='line_1_29' title="bbox 324 3278 1583 3370; baseline 0.001 -25"><span class='ocrx_word' id='word_1_272' title='bbox 324 3285 405 3358; x_wconf 86' lang='grc' dir='ltr'><strong><em>τοδς</em></strong></span> <span class='ocrx_word' id='word_1_273' title='bbox 426 3278 560 3361; x_wconf 87' lang='grc' dir='ltr'><strong><em>ἀλλους,</em></strong></span> <span class='ocrx_word' id='word_1_274' title='bbox 581 3283 742 3368; x_wconf 87' lang='grc' dir='ltr'><strong><em>καθάπερ</em></strong></span> <span class='ocrx_word' id='word_1_275' title='bbox 766 3284 864 3365; x_wconf 79' lang='grc' dir='ltr'><strong><em>οἶμαι</em></strong></span> <span class='ocrx_word' id='word_1_276' title='bbox 885 3284 932 3368; x_wconf 81' lang='grc' dir='ltr'><strong><em>τῳ</em></strong></span> <span class='ocrx_word' id='word_1_277' title='bbox 956 3286 1030 3348; x_wconf 92' lang='grc' dir='ltr'><strong><em>όντι</em></strong></span> <span class='ocrx_word' id='word_1_278' title='bbox 1051 3286 1218 3370; x_wconf 89' lang='grc' dir='ltr'><strong><em>κηρίνους,</em></strong></span> <span class='ocrx_word' id='word_1_279' title='bbox 1248 3287 1284 3348; x_wconf 86' lang='grc' dir='ltr'><strong><em>ίν</em></strong></span> <span class='ocrx_word' id='word_1_280' title='bbox 1308 3285 1346 3346; x_wconf 84' lang='grc' dir='ltr'><strong><em>οδ</em></strong></span> <span class='ocrx_word' id='word_1_281' title='bbox 1370 3281 1487 3368; x_wconf 61' lang='grc' dir='ltr'><strong><em>πολλᾷ</em></strong></span> <span class='ocrx_word' id='word_1_282' title='bbox 1514 3303 1583 3346; x_wconf 92' lang='grc' dir='ltr'><strong><em>τινι</em></strong></span> 
     </span>
     <span class='ocr_line' id='line_1_30' title="bbox 322 3381 1582 3473; baseline 0.001 -25"><span class='ocrx_word' id='word_1_283' title='bbox 322 3388 443 3469; x_wconf 90' lang='grc' dir='ltr'><strong><em>χρόνῳ,</em></strong></span> <span class='ocrx_word' id='word_1_284' title='bbox 466 3381 621 3448; x_wconf 88' lang='grc' dir='ltr'><strong><em>δοκοῦντι</em></strong></span> <span class='ocrx_word' id='word_1_285' title='bbox 636 3383 672 3448; x_wconf 86' lang='grc' dir='ltr'><strong><em>δὲ</em></strong></span> <span class='ocrx_word' id='word_1_286' title='bbox 687 3390 767 3471; x_wconf 82' lang='grc' dir='ltr'><strong><em>ημῖν</em></strong></span> <span class='ocrx_word' id='word_1_287' title='bbox 782 3388 914 3473; x_wconf 81' lang='grc' dir='ltr'><strong><em>ἀπείρῳ</em></strong></span> <span class='ocrx_word' id='word_1_288' title='bbox 931 3389 1019 3472; x_wconf 86' lang='grc' dir='ltr'><strong><em>πρὸς</em></strong></span> <span class='ocrx_word' id='word_1_289' title='bbox 1034 3390 1092 3451; x_wconf 89' lang='grc' dir='ltr'><strong><em>τόν</em></strong></span> <span class='ocrx_word' id='word_1_290' title='bbox 1107 3392 1268 3473; x_wconf 77' lang='grc' dir='ltr'><strong><em>ἡμέτερον</em></strong></span> <span class='ocrx_word' id='word_1_291' title='bbox 1284 3389 1395 3452; x_wconf 87' lang='grc' dir='ltr'><strong><em>αότῶυ</em></strong></span> <span class='ocrx_word' id='word_1_292' title='bbox 1410 3385 1582 3469; x_wconf 88' lang='grc' dir='ltr'><strong><em>λογισμόν,</em></strong></span> 
     </span>
     <span class='ocr_line' id='line_1_31' title="bbox 323 3487 1712 3576; baseline 0 -24"><span class='ocrx_word' id='word_1_293' title='bbox 323 3491 381 3552; x_wconf 88' lang='grc' dir='ltr'><strong><em>καί</em></strong></span> <span class='ocrx_word' id='word_1_294' title='bbox 402 3491 462 3576; x_wconf 80' lang='grc' dir='ltr'><strong><em>την</em></strong></span> <span class='ocrx_word' id='word_1_295' title='bbox 485 3489 603 3551; x_wconf 88' lang='grc' dir='ltr'><strong><em>οδσίαν</em></strong></span> <span class='ocrx_word' id='word_1_296' title='bbox 619 3490 757 3553; x_wconf 91' lang='grc' dir='ltr'><strong><em>πάντων</em></strong></span> <span class='ocrx_word' id='word_1_297' title='bbox 772 3495 886 3554; x_wconf 84' lang='grc' dir='ltr'><strong><em>πάσαν</em></strong></span> <span class='ocrx_word' id='word_1_298' title='bbox 901 3492 950 3566; x_wconf 87' lang='grc' dir='ltr'><strong><em>είς</em></strong></span> <span class='ocrx_word' id='word_1_299' title='bbox 965 3493 1067 3555; x_wconf 80' lang='grc' dir='ltr'><strong><em>αὐτόν</em></strong></span> <span class='ocrx_word' id='word_1_300' title='bbox 1088 3487 1312 3572; x_wconf 87' lang='grc' dir='ltr'><strong><em>ἀναλαβόντα,</em></strong></span> <span class='ocrx_word' id='word_1_301' title='bbox 1336 3488 1424 3553; x_wconf 86' lang='grc' dir='ltr'><strong><em>πολδ</em></strong></span> <span class='ocrx_word' id='word_1_302' title='bbox 1439 3490 1580 3574; x_wconf 91' lang='grc' dir='ltr'><strong><em>κρείττω</em></strong></span> <span class='ocrx_word' id='word_1_303' title='bbox 1601 3493 1712 3552; x_wconf 69' lang='lat' dir='ltr'><strong>wtaenl</strong></span> 
     </span>
     <span class='ocr_line' id='line_1_32' title="bbox 323 3584 1585 3680; baseline -0.002 -24"><span class='ocrx_word' id='word_1_304' title='bbox 323 3593 381 3656; x_wconf 87' lang='grc' dir='ltr'><strong><em>καί</em></strong></span> <span class='ocrx_word' id='word_1_305' title='bbox 405 3589 640 3676; x_wconf 89' lang='grc' dir='ltr'><strong><em>λαμπρότερον</em></strong></span> <span class='ocrx_word' id='word_1_306' title='bbox 663 3593 820 3680; x_wconf 77' lang='grc' dir='ltr'><strong><em>ὀφθῆναι</em></strong></span> <span class='ocrx_word' id='word_1_307' title='bbox 840 3601 903 3657; x_wconf 91' lang='grc' dir='ltr'><strong><em>τοῦ</em></strong></span> <span class='ocrx_word' id='word_1_308' title='bbox 926 3597 1104 3678; x_wconf 89' lang='grc' dir='ltr'><strong><em>πρότερον,</em></strong></span> <span class='ocrx_word' id='word_1_309' title='bbox 1126 3584 1188 3656; x_wconf 77' lang='grc' dir='ltr'><strong><em>ὑπ’</em></strong></span> <span class='ocrx_word' id='word_1_310' title='bbox 1215 3591 1350 3669; x_wconf 88' lang='grc' dir='ltr'><strong><em>οδδενδς</em></strong></span> <span class='ocrx_word' id='word_1_311' title='bbox 1372 3589 1476 3655; x_wconf 87' lang='grc' dir='ltr'><strong><em>ἀλλου</em></strong></span> <span class='ocrx_word' id='word_1_312' title='bbox 1498 3591 1585 3674; x_wconf 84' lang='grc' dir='ltr'><strong><em>θνη-</em></strong></span> 
     </span>
     <span class='ocr_line' id='line_1_33' title="bbox 324 3688 1584 3784; baseline -0.002 -26"><span class='ocrx_word' id='word_1_313' title='bbox 324 3702 393 3759; x_wconf 91' lang='grc' dir='ltr'><strong><em>τῶν</em></strong></span> <span class='ocrx_word' id='word_1_314' title='bbox 416 3692 493 3759; x_wconf 86' lang='grc' dir='ltr'><strong><em>οδδὲ</em></strong></span> <span class='ocrx_word' id='word_1_315' title='bbox 516 3695 717 3775; x_wconf 87' lang='grc' dir='ltr'><strong><em>ἀθανάτων,</em></strong></span> <span class='ocrx_word' id='word_1_316' title='bbox 746 3688 824 3759; x_wconf 83' lang='grc' dir='ltr'><strong><em>ἀλλ’</em></strong></span> <span class='ocrx_word' id='word_1_317' title='bbox 850 3697 952 3761; x_wconf 75' lang='grc' dir='ltr'><strong><em>αὐτόν</em></strong></span> <span class='ocrx_word' id='word_1_318' title='bbox 980 3689 1043 3784; x_wconf 80' lang='grc' dir='ltr'><strong><em>ὑφ’</em></strong></span> <span class='ocrx_word' id='word_1_319' title='bbox 1070 3698 1174 3760; x_wconf 84' lang='grc' dir='ltr'><strong><em>αὑτοῦ</em></strong></span> <span class='ocrx_word' id='word_1_320' title='bbox 1200 3699 1384 3782; x_wconf 89' lang='grc' dir='ltr'><strong><em>νικηφόρον</em></strong></span> <span class='ocrx_word' id='word_1_321' title='bbox 1405 3696 1584 3778; x_wconf 89' lang='grc' dir='ltr'><strong><em>γενόμενον</em></strong></span> 
     </span>
    </p>
   </div>
   <div class='ocr_carea' id='block_1_3' title="bbox 320 3925 1587 4596">
    <p class='ocr_par' dir='ltr' id='par_1_3' title="bbox 320 3925 1587 4596">
     <span class='ocr_line' id='line_1_34' title="bbox 414 3925 1584 4012; baseline -0.003 -25"><span class='ocrx_word' id='word_1_322' title='bbox 414 3937 424 3987; x_wconf 83' lang='grc'>1</span> <span class='ocrx_word' id='word_1_323' title='bbox 445 3935 526 4012; x_wconf 75' lang='grc' dir='ltr'><strong><em>φορᾷ</em></strong></span> <span class='ocrx_word' id='word_1_324' title='bbox 542 3931 566 3986; x_wconf 86' lang='grc' dir='ltr'>Β</span> <span class='ocrx_word' id='word_1_325' title='bbox 585 3926 664 4005; x_wconf 84' lang='grc' dir='ltr'><strong><em>φορὰ</em></strong></span> <span class='ocrx_word' id='word_1_326' title='bbox 682 3929 712 3984; x_wconf 79' lang='grc' dir='ltr'><strong>Μ</strong></span> <span class='ocrx_word' id='word_1_327' title='bbox 798 3935 814 3984; x_wconf 83' lang='lat'><em>2</em></span> <span class='ocrx_word' id='word_1_328' title='bbox 831 3933 967 3988; x_wconf 79' lang='grc' dir='ltr'><strong><em>τοιοῦτον</em></strong></span> <span class='ocrx_word' id='word_1_329' title='bbox 984 3930 1073 4000; x_wconf 68' lang='grc' dir='ltr'><strong><em>Εωρ,</em></strong></span> <span class='ocrx_word' id='word_1_330' title='bbox 1091 3933 1198 3988; x_wconf 86' lang='grc' dir='ltr'><strong><em>τοῦτον</em></strong></span> <span class='ocrx_word' id='word_1_331' title='bbox 1215 3928 1279 3986; x_wconf 71' lang='lat' dir='ltr'><strong><em>mm</em></strong></span> <span class='ocrx_word' id='word_1_332' title='bbox 1363 3933 1379 3984; x_wconf 79' lang='lat'>³</span> <span class='ocrx_word' id='word_1_333' title='bbox 1398 3928 1512 4000; x_wconf 82' lang='grc' dir='ltr'><strong><em>λέγουσι</em></strong></span> <span class='ocrx_word' id='word_1_334' title='bbox 1529 3925 1584 3984; x_wconf 80' lang='lat' dir='ltr'><strong>del.</strong></span> 
     </span>
     <span class='ocr_line' id='line_1_35' title="bbox 323 4005 1493 4088; baseline -0.005 -17"><span class='ocrx_word' id='word_1_335' title='bbox 323 4015 405 4088; x_wconf 80' lang='lat' dir='ltr'><strong>Emp.</strong></span> <span class='ocrx_word' id='word_1_336' title='bbox 423 4019 535 4073; x_wconf 69' lang='lat' dir='ltr'><strong>secutus</strong></span> <span class='ocrx_word' id='word_1_337' title='bbox 553 4014 696 4072; x_wconf 70' lang='lat' dir='ltr'><strong>Baianum</strong></span> <span class='ocrx_word' id='word_1_338' title='bbox 800 4021 816 4070; x_wconf 76' lang='grc' dir='ltr'><strong><em>ό</em></strong></span> <span class='ocrx_word' id='word_1_339' title='bbox 835 4019 931 4073; x_wconf 85' lang='grc' dir='ltr'><strong><em>δοκεῖν</em></strong></span> <span class='ocrx_word' id='word_1_340' title='bbox 947 4015 1067 4083; x_wconf 71' lang='grc' dir='ltr'><strong><em>(δειλίαι,</em></strong></span> <span class='ocrx_word' id='word_1_341' title='bbox 1085 4017 1165 4074; x_wconf 82' lang='grc' dir='ltr'><strong><em>δοκεῖ</em></strong></span> <span class='ocrx_word' id='word_1_342' title='bbox 1179 4013 1242 4071; x_wconf 74' lang='lat' dir='ltr'>libri</span> <span class='ocrx_word' id='word_1_343' title='bbox 1315 4005 1411 4072; x_wconf 74' lang='grc' dir='ltr'><strong><em>αὐτῶν</em></strong></span> <span class='ocrx_word' id='word_1_344' title='bbox 1428 4011 1493 4067; x_wconf 79' lang='lat' dir='ltr'><strong>libri</strong></span> 
     </span>
     <span class='ocr_line' id='line_1_36' title="bbox 325 4094 1533 4174; baseline -0.003 -19"><span class='ocrx_word' id='word_1_345' title='bbox 325 4095 563 4174; x_wconf 79' lang='grc' dir='ltr'><strong><em>’ίγιγνώμεναΜ</em></strong></span> <span class='ocrx_word' id='word_1_346' title='bbox 614 4100 869 4168; x_wconf 78' lang='grc' dir='ltr'><strong><em>καίοω.Μια.ρε.</em></strong></span> <span class='ocrx_word' id='word_1_347' title='bbox 927 4103 957 4155; x_wconf 83' lang='lat'><strong><em>1⁰</em></strong></span> <span class='ocrx_word' id='word_1_348' title='bbox 973 4103 1022 4157; x_wconf 79' lang='grc' dir='ltr'><strong><em>καί</em></strong></span> <span class='ocrx_word' id='word_1_349' title='bbox 1034 4098 1131 4156; x_wconf 78' lang='grc' dir='ltr'><strong><em>σακλί</em></strong></span> <span class='ocrx_word' id='word_1_350' title='bbox 1184 4094 1533 4170; x_wconf 70' lang='grc' dir='ltr'><strong><em>11λέγουσιεδδ.Βείεὶο</em></strong></span> 
     </span>
     <span class='ocr_line' id='line_1_37' title="bbox 324 4179 1514 4258; baseline -0.001 -18"><span class='ocrx_word' id='word_1_351' title='bbox 324 4189 356 4240; x_wconf 77' lang='lat'><strong><em>12</em></strong></span> <span class='ocrx_word' id='word_1_352' title='bbox 374 4183 506 4242; x_wconf 70' lang='lat' dir='ltr'>sonmo:</span> <span class='ocrx_word' id='word_1_353' title='bbox 522 4179 606 4258; x_wconf 77' lang='grc' dir='ltr'><strong><em>(διὰ)</em></strong></span> <span class='ocrx_word' id='word_1_354' title='bbox 623 4187 683 4256; x_wconf 76' lang='grc' dir='ltr'><strong><em>τῆς,</em></strong></span> <span class='ocrx_word' id='word_1_355' title='bbox 699 4181 782 4254; x_wconf 75' lang='grc' dir='ltr'><strong><em>(ἐπὶ)</em></strong></span> <span class='ocrx_word' id='word_1_356' title='bbox 799 4187 850 4255; x_wconf 85' lang='grc' dir='ltr'><strong><em>τῆς</em></strong></span> <span class='ocrx_word' id='word_1_357' title='bbox 868 4183 931 4241; x_wconf 85' lang='lat' dir='ltr'><strong><em>wn.</em></strong></span> <span class='ocrx_word' id='word_1_358' title='bbox 1013 4189 1043 4240; x_wconf 80' lang='lat'><strong><em>¹3</em></strong></span> <span class='ocrx_word' id='word_1_359' title='bbox 1061 4182 1094 4243; x_wconf 78' lang='grc' dir='ltr'><strong><em>ἐν</em></strong></span> <span class='ocrx_word' id='word_1_360' title='bbox 1110 4181 1209 4252; x_wconf 73' lang='grc' dir='ltr'><strong><em>ἄλλοις</em></strong></span> <span class='ocrx_word' id='word_1_361' title='bbox 1224 4185 1249 4240; x_wconf 85' lang='grc' dir='ltr'><strong><em>Β</em></strong></span> <span class='ocrx_word' id='word_1_362' title='bbox 1333 4188 1366 4240; x_wconf 77' lang='lat'><strong><em>14</em></strong></span> <span class='ocrx_word' id='word_1_363' title='bbox 1381 4183 1467 4256; x_wconf 84' lang='grc' dir='ltr'><strong><em>μέχρι</em></strong></span> <span class='ocrx_word' id='word_1_364' title='bbox 1484 4179 1514 4238; x_wconf 77' lang='grc' dir='ltr'><strong>Μ</strong></span> 
     </span>
     <span class='ocr_line' id='line_1_38' title="bbox 321 4264 1587 4346; baseline -0.005 -16"><span class='ocrx_word' id='word_1_365' title='bbox 321 4264 400 4344; x_wconf 72' lang='grc' dir='ltr'><strong><em>ἀειόδγ</em></strong></span> <span class='ocrx_word' id='word_1_366' title='bbox 417 4286 468 4341; x_wconf 83' lang='lat' dir='ltr'><strong><em>pro</em></strong></span> <span class='ocrx_word' id='word_1_367' title='bbox 485 4264 521 4329; x_wconf 87' lang='grc' dir='ltr'><strong><em>τδι</em></strong></span> <span class='ocrx_word' id='word_1_368' title='bbox 539 4266 599 4343; x_wconf 84' lang='grc' dir='ltr'><strong><em>είδη</em></strong></span> <span class='ocrx_word' id='word_1_369' title='bbox 609 4271 641 4326; x_wconf 83' lang='grc' dir='ltr'><strong>Μ</strong></span> <span class='ocrx_word' id='word_1_370' title='bbox 696 4274 726 4326; x_wconf 78' lang='grc' dir='ltr'><strong>Π</strong></span> <span class='ocrx_word' id='word_1_371' title='bbox 743 4264 983 4339; x_wconf 80' lang='grc' dir='ltr'><strong><em>θαυμαστοκοιδς</em></strong></span> <span class='ocrx_word' id='word_1_372' title='bbox 1002 4269 1051 4328; x_wconf 85' lang='lat' dir='ltr'><strong><em>UB</em></strong></span> <span class='ocrx_word' id='word_1_373' title='bbox 1106 4276 1138 4327; x_wconf 79' lang='lat'><strong><em>¹8</em></strong></span> <span class='ocrx_word' id='word_1_374' title='bbox 1156 4273 1325 4346; x_wconf 85' lang='grc' dir='ltr'><strong><em>προστιθείη</em></strong></span> <span class='ocrx_word' id='word_1_375' title='bbox 1341 4269 1449 4340; x_wconf 76' lang='grc' dir='ltr'><strong><em>εοτίριί,</em></strong></span> <span class='ocrx_word' id='word_1_376' title='bbox 1465 4285 1587 4342; x_wconf 79' lang='grc' dir='ltr'><strong><em>προστι-</em></strong></span> 
     </span>
     <span class='ocr_line' id='line_1_39' title="bbox 320 4350 1513 4429; baseline -0.003 -17"><span class='ocrx_word' id='word_1_377' title='bbox 320 4357 385 4421; x_wconf 76' lang='grc' dir='ltr'><strong><em>θείς</em></strong></span> <span class='ocrx_word' id='word_1_378' title='bbox 401 4355 466 4410; x_wconf 80' lang='lat' dir='ltr'><strong>libri</strong></span> <span class='ocrx_word' id='word_1_379' title='bbox 550 4359 583 4412; x_wconf 79' lang='lat'><strong><em>20</em></strong></span> <span class='ocrx_word' id='word_1_380' title='bbox 602 4353 757 4429; x_wconf 77' lang='grc' dir='ltr'><strong><em>ἐργάζοιτο</em></strong></span> <span class='ocrx_word' id='word_1_381' title='bbox 776 4354 881 4425; x_wconf 69' lang='lat' dir='ltr'><strong><em>scripti,</em></strong></span> <span class='ocrx_word' id='word_1_382' title='bbox 897 4351 1054 4429; x_wconf 77' lang='grc' dir='ltr'><strong><em>ἐργάσαιτο</em></strong></span> <span class='ocrx_word' id='word_1_383' title='bbox 1072 4355 1134 4413; x_wconf 72' lang='lat' dir='ltr'>libri</span> <span class='ocrx_word' id='word_1_384' title='bbox 1220 4359 1250 4412; x_wconf 76' lang='lat'><strong><em>21</em></strong></span> <span class='ocrx_word' id='word_1_385' title='bbox 1270 4350 1377 4428; x_wconf 80' lang='grc' dir='ltr'><strong><em>ἆωδχω</em></strong></span> <span class='ocrx_word' id='word_1_386' title='bbox 1393 4352 1513 4423; x_wconf 61' lang='lat' dir='ltr'><strong>(nonu</strong></span> 
     </span>
     <span class='ocr_line' id='line_1_40' title="bbox 321 4431 1479 4514; baseline -0.002 -19"><span class='ocrx_word' id='word_1_387' title='bbox 321 4443 354 4495; x_wconf 80' lang='lat'><strong><em>2³</em></strong></span> <span class='ocrx_word' id='word_1_388' title='bbox 371 4443 421 4498; x_wconf 84' lang='grc' dir='ltr'><strong><em>καί</em></strong></span> <span class='ocrx_word' id='word_1_389' title='bbox 438 4441 504 4513; x_wconf 75' lang='grc' dir='ltr'><strong><em>περὶ</em></strong></span> <span class='ocrx_word' id='word_1_390' title='bbox 521 4440 594 4497; x_wconf 83' lang='grc' dir='ltr'><strong><em>ΠΒΤ</em></strong></span> <span class='ocrx_word' id='word_1_391' title='bbox 698 4442 731 4496; x_wconf 79' lang='lat'><strong><em>29</em></strong></span> <span class='ocrx_word' id='word_1_392' title='bbox 749 4431 859 4514; x_wconf 75' lang='grc' dir='ltr'><strong><em>ἀπείρῳ</em></strong></span> <span class='ocrx_word' id='word_1_393' title='bbox 876 4434 943 4513; x_wconf 72' lang='grc' dir='ltr'><strong><em>ἡμῖν</em></strong></span> <span class='ocrx_word' id='word_1_394' title='bbox 959 4441 1023 4508; x_wconf 81' lang='lat' dir='ltr'><strong>(hoc</strong></span> <span class='ocrx_word' id='word_1_395' title='bbox 1041 4441 1151 4510; x_wconf 80' lang='lat' dir='ltr'><strong>ord.)T</strong></span> <span class='ocrx_word' id='word_1_396' title='bbox 1255 4445 1288 4498; x_wconf 74' lang='grc' dir='ltr'><strong><em>δῦ</em></strong></span> <span class='ocrx_word' id='word_1_397' title='bbox 1307 4435 1397 4500; x_wconf 75' lang='grc' dir='ltr'><strong><em>αὐτὸν</em></strong></span> <span class='ocrx_word' id='word_1_398' title='bbox 1414 4437 1479 4496; x_wconf 76' lang='lat' dir='ltr'><strong>libri</strong></span> 
     </span>
     <span class='ocr_line' id='line_1_41' title="bbox 322 4525 531 4596; baseline -0.005 -16"><span class='ocrx_word' id='word_1_399' title='bbox 322 4529 352 4580; x_wconf 81' lang='lat'><strong><em>³1</em></strong></span> <span class='ocrx_word' id='word_1_400' title='bbox 374 4525 484 4596; x_wconf 68' lang='grc' dir='ltr'><strong><em>φθῆναι</em></strong></span> <span class='ocrx_word' id='word_1_401' title='bbox 501 4525 531 4579; x_wconf 82' lang='grc' dir='ltr'><strong>Μ</strong></span> 
     </span>
    </p>
   </div>
   <div class='ocr_carea' id='block_1_4' title="bbox 0 0 1730 5264">
    <p class='ocr_par' dir='ltr' id='par_1_4' title="bbox 0 0 1730 5264">
     <span class='ocr_line' id='line_1_42' title="bbox 0 0 1730 5264; baseline 0 0"><span class='ocrx_word' id='word_1_402' title='bbox 0 0 1730 5264; x_wconf 95' lang='lat' dir='ltr'><strong><em> </em></strong></span> 
     </span>
    </p>
   </div>
  </div>
 </body>
</html>
