3466 5268
666 369 803 427 oRfflo
820 369 894 427 XLI.
1370 375 1409 434 61

150 542 260 623 ἀξίαν.
306 548 429 630 ἀνάγκη
459 546 521 628 γὰρ
545 543 642 624 οἶμαι
664 548 743 622 τούς
766 544 914 624 πολλούς
935 549 1003 610 ὑπό
1034 550 1097 627 μὲν
1120 544 1272 634 ἀλλήλων
1298 547 1408 631 βλάπ-

149 650 295 727 τεσθαι,
331 649 425 733 παρὰ
455 644 491 710 δέ
520 653 594 724 τοῖς
622 645 741 725 ἄλλοις
769 651 1067 736 καταφρονεῖσθαι
1095 652 1151 713 καί
1182 648 1332 731 ἀδοξεῖν,
1362 656 1409 730 ὡς

148 760 251 814 τοῦτο
273 754 335 832 μὲν
355 753 575 835 ὑπαρχόντων
598 740 715 828 αὐτοῖς
729 754 900 830 ἐναντίων,
923 761 1022 815 τοῦτο
1047 749 1082 816 δὲ
1107 745 1230 830 αὐτούς
1253 757 1407 841 ἄφρονας

29 855 208 919 &muzal
232 850 435 940 φιλονίκους.
474 849 593 939 φιλίας
616 850 651 916 δὲ
674 855 730 917 καί
753 855 913 934 ὁμονοίας
936 847 1033 918 οὐδέν
1055 851 1192 918 κάλλιον
1209 848 1287 920 οὐδὲ
1310 857 1405 920 θειό-

114 967 250 1040 ιτερον
276 958 332 1020 καί
357 953 454 1040 ἀνδρί
483 957 570 1039 πρός
598 953 704 1040 ἄνδρα
734 960 790 1020 καί
819 953 920 1020 πόλει
949 958 1037 1041 πρός
1065 954 1177 1021 πόλιν.
1228 960 1318 1035 τίνες
1345 961 1407 1039 μίν

147 1059 211 1143 χύρ
239 1051 509 1142 εὐπρεπέστερον
538 1065 683 1122 κτῶνται
712 1059 849 1142 τάγαθὰ
879 1067 946 1122 τῶν
981 1057 1091 1146 φίλων
1126 1055 1403 1144 συμποριζόντων
1420 1062 1457 1126 13

150 1153 285 1239 αὐτοῖς,·
321 1163 410 1238 τίνες
441 1158 476 1224 δέ
511 1162 747 1248 ἀποφεύγουσι
776 1164 817 1224 τὰ
853 1164 937 1226 κατὰ
972 1160 1056 1249 ῥᾷον
1091 1165 1111 1249 ἢ
1148 1162 1200 1240 οίς
1235 1163 1275 1226 δν
1310 1159 1407 1248 φίλοι

150 1271 368 1346 συμμοχῶσι;
396 1265 498 1328 τίνων
528 1261 564 1328 δὲ
596 1265 697 1351 ἦττον
725 1267 872 1328 ἅπτεται
899 1266 940 1328 τδ
972 1261 1105 1352 λυπηρὰ
1128 1267 1148 1351 ἢ
1172 1273 1240 1328 τῶν
1263 1266 1406 1345 ἐχόντων

148 1369 228 1442 τούς
258 1364 502 1450 συναλγοῦντας
532 1369 589 1430 καί
620 1371 855 1452 συμφέροντας
893 1359 1030 1443 αὐτοῖς,·
1063 1369 1135 1431 τίσι
1169 1365 1205 1431 δὲ
1239 1364 1336 1454 ἥδιον
1366 1368 1404 1428 τό

95 1476 126 1530 10
149 1460 339 1554 εὐτυχεῖνὴ
364 1473 441 1533 όσοι
461 1471 505 1556 μη
529 1472 633 1549 μόνον
656 1471 793 1548 αὐτούς,
824 1466 909 1532 ἀλλά
938 1472 995 1533 καί
1016 1467 1140 1548 ἅλλους
1163 1462 1404 1556 εὐφραίνουσιν

148 1571 188 1633 εδ
209 1572 433 1655 πρόττοντες;
456 1574 503 1647 ὡς
519 1573 622 1654 έχωχε
639 1565 714 1635 οὐδ’
740 1575 781 1652 ᾂν
798 1575 944 1653 εὐτυχεῖν
960 1575 1086 1637 ένιεῖνον
1102 1577 1160 1637 τόν
1176 1570 1282 1658 ἄνδρα
1299 1574 1405 1659 φαίην

147 1673 187 1749 δς
203 1671 322 1736 οὐδένα
338 1675 406 1755 έχει
420 1677 479 1736 τόν
496 1671 729 1760 συνηδόμενον.
768 1668 831 1759 [τίς
847 1672 882 1738 δὲ
901 1670 1078 1761 συνεργός]
1100 1677 1153 1752 τίς
1175 1673 1211 1739 δὲ
1236 1671 1403 1756 σύμβολος
1418 1678 1456 1740 14

147 1778 295 1857 ἀμείνων
322 1782 396 1852 τοῖς
426 1773 557 1840 ίδοῦσιν
586 1779 606 1862 η’
638 1774 738 1864 φίλος
767 1779 929 1857 ἐντυχών,
958 1776 1075 1858 σχεδόν
1103 1779 1165 1863 χδρ
1196 1775 1294 1853 αὐτος
1323 1779 1404 1856 σύμ-

147 1876 250 1960 βολος
274 1880 312 1940 οὐ
334 1883 438 1960 μόνον
460 1881 712 1966 εὐφημότατος,
742 1876 827 1942 ἀλλὰ
849 1881 906 1944 καί
928 1878 1210 1966 ὠφελιμώτατος,
1234 1873 1312 1964 [καί]
1337 1883 1402 1961 ότῳ

98 1990 128 2042 1⁵
150 1983 191 2044 ἂν
220 1983 336 2066 ἐντύχῃ
367 1982 449 2068 ἀνὴρ
479 1983 604 2058 εύνους.
658 1983 698 2044 τδ
729 1979 765 2045 δέ
795 1989 857 2044 τοῦ
882 1984 1004 2062 μίσους
1032 1983 1088 2045 καί
1116 1982 1157 2044 τό
1188 1991 1248 2067 τῆς
1276 1982 1404 2065 ἔχθρας

146 2091 302 2170 πανταχῇ
328 2081 459 2170 λυπηρὰ
481 2087 538 2148 καί
561 2081 711 2170 δυσχερῆ.
754 2081 905 2164 χαλεπόν
933 2087 995 2164 μὲν
1017 2085 1053 2146 έν
1076 2079 1225 2167 σπουδῇ,
1251 2079 1402 2162 χαλεπόν

147 2185 182 2248 δὲ
206 2189 241 2249 έν
264 2187 452 2274 εὐφροσύνῃ
477 2189 596 2272 παρὼν
618 2187 761 2271 ἐχθρός,
791 2183 940 2271 λυπηρόν
962 2187 1024 2267 μὲν
1046 2187 1168 2269 δρῶσι,
1194 2181 1342 2269 λυπηρόν
1366 2181 1402 2247 δὲ

145 2293 402 2375 μνημονεύουσι,
428 2288 515 2354 πολι)
540 2288 576 2354 δὲ
600 2293 739 2352 πάντων
763 2293 990 2372 πειρωμένοις
1011 2283 1278 2370 βλαβερώτατον.

671 2545 873 2554 ——...—-

9 2828 129 2932 ιιίὲοὐδί
336 2832 410 2912 (25)
444 2827 702 2912 ΔΙΑΛΕΞΙΣ
734 2827 811 2910 ΕΝ
842 2827 944 2910 ΤΗΙ
968 2825 1203 2910 ΠΑΤΡΙΔΙ.

723 3004 825 3012 -——·

218 3114 335 3198 Ὅπως
368 3125 430 3202 μὲν
459 3123 554 3202 ὑμεῖς
583 3119 782 3185 διανοεῖσθε
812 3122 892 3206 περί
920 3122 1004 3201 ἐμοῦ
1030 3123 1087 3184 καὶ
1119 3130 1179 3208 τῆς
1211 3124 1293 3207 ἐμῆς
1327 3121 1434 3187 εἴτεί

91 3245 121 3302 2⁰
144 3224 271 3310 σοφίας
293 3223 361 3287 εἴτε
384 3225 540 3305 ἀμαθίας
563 3225 600 3286 οὐ
624 3222 769 3304 δύναμαι
792 3220 987 3306 ξυμβαλεῖν,
1018 3227 1163 3309 πότερον
1193 3226 1299 3300 όντως
1321 3227 1397 3287 έπι·

139 3327 283 3408 θυμεῖτε
305 3333 372 3389 τῶν
396 3324 518 3409 λόγων,
548 3328 595 3402 ὡς
623 3327 847 3408 ἀκουσόμενοί
868 3347 902 3388 τι
931 3325 1133 3406 θαυμαστόν
1163 3329 1219 3390 καί
1241 3335 1396 3391 τοιοῦτον

139 3430 263 3491 δποῖον
286 3429 345 3491 οὐκ
366 3431 407 3492 ἂν
430 3434 544 3515 έτέρου
567 3436 634 3492 τῶν
656 3436 723 3506 νύν,
745 3430 765 3513 ἢ
789 3429 994 3505 τούναντίον,
1017 3430 1063 3504 ὡς
1085 3431 1144 3508 ἐμὲ
1167 3425 1394 3514 ἐξελέγξοντες

137 3532 195 3593 καί
222 3529 462 3609 ἀποδείξοντες
491 3533 595 3594 οὐθέν
622 3536 708 3613 μέγα
738 3527 814 3592 οὐδὲ
845 3526 1034 3592 σπουδαῖον
1063 3531 1299 3610 ἐπιστάμενον.
1360 3533 1433 3596 εί2

138 3634 284 3718 μὲνγὰρ
314 3635 421 3710 οὕτως
442 3636 549 3715 έχετε,
572 3634 714 3718 θαρρῶν
737 3633 814 3712 ύμῖν
838 3635 975 3715 παρέχω
998 3633 1142 3711 ἐμαυτόν
1150 3681 1159 3710 ,
1191 3633 1244 3695 ίνα
1268 3628 1396 3718 ἐμπλη-

90 3765 120 3818 2⁵
143 3751 224 3820 σητε
252 3739 312 3822 την
341 3739 555 3821 προθυμίαν·
589 3739 620 3800 εί
650 3733 686 3799 δὲ
714 3736 778 3820 μη,
809 3734 983 3820 φοβοῦμαι
1011 3736 1070 3819 την
1098 3735 1253 3796 ἐναντίαν
1284 3731 1395 3812 δόξαν,

225 3948 326 4017 ιτούς
343 3949 492 4018 τοιούτους
511 3951 620 4008 Geoliuu
716 3945 898 4010 α’νύπιεσθαι
915 3950 986 4018 libri,
1005 3964 1074 4006 corr.
1092 3949 1172 4020 Emp.
1276 3946 1394 4008 όπόλει

138 4029 215 4108 πρὸς
226 4032 339 4108 ίόιιύτην
350 4034 423 4106 libri,
436 4052 505 4093 corr.
519 4036 619 4092 Βοίιίιε
672 4032 781 4108 ῖιῖοιο.
794 4036 824 4092 Μ
875 4034 1013 4108 φίλοιςΜ
1065 4038 1280 4109 Βουμμαχῶυιν
1289 4036 1343 4090 ΒΜ

137 4114 273 4187 θαύτοῖς
291 4120 316 4178 U
334 4115 433 4188 αὐτοῖς
450 4122 498 4177 ΒΤ
551 4127 579 4177 11
600 4116 640 4188 ὡς
657 4116 749 4194 ἔγωγε
765 4136 790 4178 ο.
809 4139 835 4192 q.
853 4137 876 4177 ι.
893 4120 990 4178 similla
1007 4120 1134 4190 leguntur
1151 4136 1190 4176 or.
1208 4121 1342 4191 1115102

137 4209 170 4260 12
187 4207 234 4263 τίο
251 4237 284 4247 -
303 4203 441 4280 συνεργός
457 4207 521 4264 secl.
539 4207 603 4262 wil.
672 4210 787 4278 διείρεο
805 4207 876 4266 δὲΒ
957 4209 1003 4263 δαί
1020 4221 1071 4276 pro
1089 4207 1118 4264 δὲ
1136 4204 1184 4262 UB
1249 4202 1394 4279 σύμβολος

134 4291 242 4362 scripsi,
260 4287 423 4367 σύμβουλος
434 4292 496 4348 libri
548 4297 579 4347 1³
592 4300 654 4359 τοῖς
665 4291 773 4349 ἰδοῦσιν
789 4291 820 4347 Μ
838 4299 900 4357 τοῖς
916 4285 1031 4364 ᾗόούοιν
1044 4290 1092 4346 BU
1104 4290 1143 4356 (in
1160 4290 1212 4346 hoc
1227 4293 1394 4362 χρηίζουοιν

135 4384 333 4444 ατοιτειιοτε)
410 4371 534 4452 εὐτυχῶν
551 4377 599 4432 ΒΤ
617 4373 743 4450 εὐτυχύν
759 4377 785 4434 U
801 4393 837 4434 m.
855 4392 896 4448 pr.
914 4379 993 4442 (corr.
1011 4371 1147 4448 ἐντυχὼν)
1220 4365 1306 4441 οὗτος
1324 4371 1394 4446 σύμ·

134 4466 226 4534 βολος
238 4463 318 4519 Dind.
337 4451 423 4528 οὗτος
441 4459 602 4536 σύμβουλος
617 4462 648 4517 Μ
665 4453 752 4528 οὗτος
770 4454 786 4518 δ
806 4457 968 4534 σύμβουλος
985 4459 1060 4518 ΠΒΤ
1079 4449 1165 4526 οὗτος
1180 4462 1229 4517 καί
1247 4459 1394 4536 σύμβολος

133 4547 215 4619 Emp.
286 4553 319 4604 14
335 4551 384 4607 καί
400 4549 466 4606 τεεί.
484 4549 563 4620 Emp.
635 4537 696 4605 δτα
716 4535 844 4604 τοιούτω
862 4547 960 4603 τεοῦ
