3454 5272
345 373 408 433 336
555 373 745 430 APPENDIX
761 375 813 430 111.
841 375 1032 432 susumus
1050 377 1102 432 DE
1120 377 1249 432 EXILIO
1267 377 1398 433 DlOlllS.

430 548 1384 634 ssmnmmeffldmmmmmmmmmommst
1442 551 1613 618 mmmm

346 659 447 717 terras
468 649 549 717 obiit
570 659 603 717 et
625 653 773 718 maximis
794 651 974 718 intervallis
990 653 1073 718 iuter
1088 671 1124 719 se
1139 651 1306 720 distantes.
1343 652 1382 719 In
1398 672 1462 736 quc
1480 654 1611 737 gravis·

346 754 435 820 simis
462 752 712 820 adversitatibus
741 751 940 821 conflictatus
969 763 1036 837 est,
1071 773 1188 839 saepe,
1218 774 1282 838 qno
1311 754 1512 838 deverteret,
1542 775 1610 820 nou

347 855 496 938 habehat,
519 877 558 922 ac
580 876 621 922 ne
645 876 724 923 nnus
746 855 877 938 quidem
898 875 1011 924 servus
1033 875 1106 923 eum
1130 857 1342 924 comitabatur
1354 859 1388 936 ¹).
1429 855 1490 920 Rei
1513 857 1609 921 fami-

346 957 436 1023 liaris
459 977 588 1042 quoqne
609 978 761 1040 magnum
783 957 1009 1024 detrimentum
1032 959 1126 1042 cepit.
1171 958 1255 1024 Nam
1276 959 1368 1024 multi
1389 957 1433 1024 ad
1458 958 1609 1024 fraudem

345 1060 437 1126 abusi
452 1067 526 1126 sunt
540 1062 609 1126 eius
633 1061 790 1144 absentia,
814 1079 832 1126 e
855 1059 945 1128 euius
970 1062 1185 1144 perpetuitate
1207 1062 1430 1147 impunitatem
1452 1060 1516 1126 sihi
1537 1062 1610 1126 fore

346 1162 497 1228 rebantur
507 1165 538 1238 ²).
589 1161 731 1229 Erronea
758 1168 865 1229 autem
893 1163 957 1228 iata
984 1163 1054 1229 vita
1081 1170 1245 1247 tamquam
1275 1163 1388 1230 divina
1414 1163 1609 1228 auctoritate

347 1265 556 1347 comprobata
584 1272 643 1331 est.
700 1264 819 1331 Narrat
847 1264 932 1331 enim
961 1264 1057 1332 deum
1085 1265 1281 1350 Delphicum
1311 1286 1332 1332 a
1360 1283 1396 1331 se
1426 1264 1607 1331 consultum

348 1385 537 1450 responsum
560 1366 707 1449 dedisse,
735 1375 900 1450 pergeret,
933 1387 1017 1450 quae
1040 1368 1214 1452 incepisset
1235 1368 1360 1451 faeere,
1389 1375 1422 1433 et
1445 1375 1608 1432 extremas

347 1469 434 1534 orbis
456 1476 611 1535 terrarum
633 1476 742 1553 partes
765 1469 870 1536 adiret
880 1472 914 1548 ³).
963 1468 1129 1538 Proiectus
1159 1477 1208 1537 est
1236 1490 1314 1537 vero
1336 1474 1459 1536 aestate
1481 1468 1607 1550 relega·

348 1570 428 1636 tioni
455 1571 604 1653 proxima
633 1568 884 1654 Borysthenem,
919 1571 1006 1637 uude
1034 1569 1227 1656 Scytharum
1258 1571 1477 1654 Getarumque
1505 1577 1608 1635 terras

348 1673 491 1738 obiturus
514 1679 591 1738 erat
643 1671 738 1750 Quod
760 1674 929 1739 eonsilium
958 1682 1064 1740 utrum
1094 1682 1169 1740 tune
1198 1683 1368 1741 exsecutus
1396 1675 1440 1739 sit
1468 1691 1528 1738 neo
1554 1692 1606 1752 ue,

348 1773 552 1854 ignoramus;
566 1771 703 1857 posthac
718 1771 842 1856 effecit;
857 1773 966 1841 adhuc
980 1776 1159 1858 imperante
1177 1775 1375 1857 Domitiano,
1390 1775 1607 1841 Romanorum

348 1884 463 1958 castra,
487 1874 607 1941 hellum
629 1875 728 1943 Dacis
750 1875 964 1961 inferentium,
987 1885 1115 1944 secutus
1137 1879 1276 1945 inermis.
1321 1877 1479 1945 Novimus
1502 1897 1542 1942 ea
1565 1897 1607 1943 ex

350 1976 437 2044 Orat.
453 1977 713 2062 Borysthenitica
728 1986 761 2046 et
776 1978 978 2062 Olympiaca.
1008 1979 1120 2046 Altera
1135 1980 1248 2047 harum
1265 1979 1377 2046 hahita
1390 1999 1462 2047 esse
1477 1979 1608 2062 tingitur

351 2079 569 2164 Borysthene,
600 2081 659 2148 sed
680 2081 817 2148 recitata
838 2089 887 2148 ost
907 2102 929 2147 a
950 2081 1056 2148 Dione
1078 2089 1153 2165 post
1173 2081 1312 2149 reditum
1335 2084 1369 2148 in
1390 2083 1496 2166 patria
1518 2083 1609 2162 urbe,

353 2183 475 2249 Prusae
496 2182 539 2249 ad
562 2181 747 2266 Olympum.
790 2184 828 2249 In
850 2183 1109 2268 Borysthenitica
1129 2184 1171 2249 ll.
1195 2205 1226 2268 p.
1244 2187 1294 2250 74.
1339 2184 1421 2251 haec
1443 2184 1608 2268 leguntur:

348 2289 527 2368 ἐτύγχανον
554 2289 615 2367 μὲν
644 2285 821 2373 ἐπιδημῶν
849 2289 884 2350 έν
914 2289 1127 2371 Βορυσθένει
1154 2290 1193 2350 τὸ
1224 2289 1346 2372 θέρος,
1384 2286 1492 2350 ὁπότε
1521 2292 1609 2351 εἰσέ-

351 2386 481 2451 πλευσα
511 2391 596 2468 μετὰ
624 2393 684 2476 τὴν
715 2395 838 2476 φυγήν,
866 2387 1072 2471 βουλόμενος
1101 2387 1233 2468 ἐλθεῖν,
1262 2392 1321 2453 ἐὰν
1351 2388 1521 2470 δύνωμαι,
1551 2388 1610 2453 διὰ

348 2491 491 2553 Σκυθῶν
514 2493 563 2565 εἰς
584 2494 701 2569 Γέτας,
725 2495 821 2566 ὅπως
842 2489 1029 2571 θεάσωμαι
1049 2493 1148 2555 τάκεῖ
1167 2490 1350 2576 πράγματα
1374 2490 1480 2555 ὁποῖά
1503 2496 1609 2555 ἐστιν.

351 2590 386 2652 V.
407 2593 466 2653 ἐὰν
490 2589 642 2671 insopor
664 2592 691 2657 si
720 2611 783 2657 uon
812 2599 932 2658 temere
955 2591 1069 2659 addita
1090 2599 1182 2676 sunt,
1212 2593 1356 2660 indicare
1378 2593 1528 2660 videntur
1551 2595 1609 2660 illo

351 2691 483 2775 quidem
505 2693 680 2775 tempore⁴i
703 2693 840 2759 Dionem
862 2692 906 2758 ad
928 2692 1028 2760 Getas
1050 2715 1114 2762 non
1138 2714 1210 2762 esse
1232 2696 1420 2779 profectum.
1457 2696 1502 2761 At
1522 2707 1610 2763 recte

349 2805 457 2859 tamen
472 2792 622 2860 Philostr.
646 2795 680 2860 in
695 2793 757 2859 vit.
773 2791 889 2862 Dionis
904 2799 960 2860 καὶ
982 2799 1044 2882 γὰρ
1069 2796 1107 2884 δὴ
1132 2801 1188 2862 καὶ
1209 2802 1244 2874 ές
1258 2803 1366 2875 Γέτας
1380 2796 1487 2883 ἦλθεν
1503 2797 1609 2863 ὁπότε

350 2895 453 2982 ἠλᾶτο
476 2897 497 2962 i.
513 2915 541 2962 e.
565 2903 709 2978 tempore
739 2896 839 2962 exilii.
893 2897 978 2963 Nam
1001 2897 1226 2983 Olympiacam
1250 2897 1336 2966 Orat
1360 2901 1410 2978 (Τ.
1425 2902 1452 2982 Ι,
1475 2921 1507 2985 p.
1524 2902 1609 2978 379.)

351 2998 464 3066 habuit
485 3018 503 3065 e
525 3006 611 3064 terra
633 2997 786 3064 Getarum
809 2999 904 3066 modo
926 3019 1094 3082 reversus,
1125 3009 1159 3066 ut
1180 3003 1251 3086 ipse
1273 3003 1307 3067 iu
1329 3002 1399 3068 eius
1422 3003 1513 3070 initio
1535 3023 1609 3086 pro·

349 3100 465 3168 fitetur.
502 3100 635 3166 Constat
656 3109 764 3166 autem
779 3100 874 3167 istam
890 3105 1067 3169 orationem
1082 3111 1158 3170 aute
1172 3124 1290 3169 anuum
1307 3105 1359 3168 86.
1381 3125 1445 3171 nou
1465 3105 1609 3188 potuisse

350 3202 471 3285 haberi,
495 3202 553 3268 sed
575 3209 682 3266 tamen
706 3201 842 3268 eandem
864 3203 907 3269 ad
931 3203 1108 3271 Domitiani
1130 3216 1277 3290 tempora
1298 3206 1501 3273 referendam
1524 3227 1607 3274 esse.

435 3302 521 3381 Quid
544 3323 620 3370 vero
643 3304 685 3370 ad
709 3303 863 3371 Getarum
885 3306 965 3373 fines
989 3327 1063 3373 eum
1086 3307 1245 3374 deduxit?
1268 3307 1402 3376 Scilicet
1423 3309 1457 3374 id
1480 3309 1610 3391 agebat,

351 3405 1606 3493 mrmGfflmsmmmmmt(mmomsffimmmnmhmmsm

352 3508 1607 3596 QOmffmewmwmmemmmn

352 3611 474 3678 uandes
490 3613 561 3678 sive
575 3612 731 3697 Iordanis,
755 3615 810 3696 qui
826 3613 928 3698 Getis,
950 3615 977 3681 si
995 3613 1066 3680 Diis
1087 3617 1204 3699 placet,
1228 3637 1299 3683 enm
1317 3614 1432 3682 Gothis
1455 3615 1607 3697 confusis,

353 3714 1031 3800 effimmeMswmmmemmmd

439 3887 463 3948 tt
480 3881 515 3935 11.
538 3885 594 3946 159,
613 3885 654 3936 οἳ.
680 3880 717 3946 ll,
735 3885 795 3948 201,
813 3887 839 3948 o,
873 3883 936 3938 Suis
955 3884 1022 3938 haec
1040 3885 1211 3951 exaggeravit
1228 3885 1386 3940 commentis
1403 3884 1562 3940 Philostrat.
1582 3885 1610 3938 in

351 3967 416 4020 Vita
433 3965 513 4021 Dion.
548 3965 611 4036 lpse
629 3965 768 4035 aliquanto
785 3967 1084 4037 moissacensem.
1113 3965 1212 4040 ἐπῄειν
1229 3974 1300 4042 γοῦν
1317 3964 1357 4037 ὡς
1373 3965 1514 4042 ἐδυνάμην
1531 3973 1610 4026 utal-

352 4069 422 4122 στην
438 4053 491 4122 γῆν
514 4047 547 4106 ἐν
569 4044 697 4124 α’γὺρτου
720 4046 843 4124 σχήματι
863 4055 913 4108 καὶ
935 4057 1026 4126 στολῇ
1046 4057 1134 4110 τοῦτο
1156 4054 1210 4124 μὲν
1232 4046 1452 4127 παρ’Ἕλληνας
1473 4055 1612 4112 τοῦτοδὲ

352 4135 431 4209 παρὰ
450 4128 621 4209 βαρβάρους

643 4221 761 4292 αἰτίζων
777 4215 903 4289 α’κόλονς
921 4215 974 4281 οὖν
991 4219 1085 4296 ἄορας
1103 4218 1169 4282 οὐδὲ
1186 4225 1315 4298 λέβητας.

437 4311 463 4372 ν)
480 4307 516 4374 11,
535 4311 593 4372 uos,
616 4313 655 4364 ιι.

437 4391 640 4461 mimam

438 4483 463 4534 rt
481 4476 502 4530 I.
521 4494 545 4534 e.
564 4494 589 4534 a.
603 4483 645 4534 83.
674 4495 701 4547 p.
715 4477 763 4532 Ch.
799 4477 868 4532 Nam
886 4493 947 4533 eum
964 4479 1113 4545 relegatum
1136 4495 1196 4536 esse
1213 4494 1240 4537 a.
1259 4485 1300 4538 82.
1330 4495 1413 4550 snpra
1430 4480 1613 4540 ostendimus.
