3476 5264
799 371 923 432 motus
939 371 1195 431 umooms

459 697 531 780 (78)
559 694 1019 778 ΜΕΛΑΓΚΟΜΑΣ
1049 699 1088 779 Α
1117 695 1234 777 ΤΗΙ
1260 692 1456 779 ΤΑΞΕΙ
1484 696 1531 778 R
1648 705 1718 804 ἕξ,

324 987 337 1048 1
448 962 541 1035 Ἀλλ’
566 974 653 1054 ἐμοὶ,
676 971 702 1034 ὤ
727 968 862 1056 ἄνδρες,
894 965 967 1036 οὐδ’
992 978 1045 1038 δτι
1067 970 1156 1037 εἴπω
1180 975 1315 1037 έπεισιν
1337 975 1405 1036 ῦπδ
1423 969 1533 1059 λδπης
1556 977 1630 1056 ἅμα

361 1075 420 1137 καί
435 1071 628 1160 ἐκπλήξεως
649 1081 712 1137 τοῦ
725 1070 901 1159 αἰφνιδίου
926 1076 1074 1152 πάθους.
1113 1077 1151 1138 οδ
1166 1076 1229 1159 γδρ
1244 1077 1349 1155 μόνον
1372 1071 1506 1163 δαίτην
1521 1077 1631 1163 ἀρχῆν

363 1176 404 1261 ἢν
427 1177 492 1256 έχω
520 1172 649 1258 μᾶλλον
677 1180 792 1261 έτέρου
822 1197 884 1258 μοι
911 1184 978 1241 τῶν
1008 1175 1160 1241 πολιτῶν
1193 1177 1318 1240 οἰκεῖον
1340 1179 1379 1239 τδ
1404 1179 1629 1264 συμβεβηκός,

363 1276 449 1341 ἀλλὰ
477 1280 535 1341 καί
557 1275 630 1362 ἰδίη
658 1297 719 1359 μοι
742 1275 844 1365 φίλος
872 1275 913 1364 ῆν
936 1277 1164 1363 Μελαγκόμας
1191 1279 1278 1363 ὑπὲρ
1302 1280 1474 1358 ἅπαντας,
1506 1282 1629 1366 ὥσπερ

361 1381 419 1443 καί
440 1381 533 1461 ὑμῶν
555 1381 759 1444 ἐπίστανται
782 1383 817 1443 σί
839 1378 988 1459 πλείους.
1028 1383 1085 1445 καί
1107 1383 1222 1464 έμοιγε
1243 1382 1376 1443 ἄτοπον
1400 1381 1562 1466 φαίνεται
1584 1385 1627 1444 τδ
1649 1383 1664 1432 ⁵

364 1483 425 1545 ίπλ
446 1487 520 1557 τοῖς
541 1483 729 1546 τεθνεῶσιν
752 1483 837 1558 ἔθος
844 1531 854 1562 ,
884 1487 938 1546 ὅτι
959 1487 1033 1559 τοῖς
1056 1479 1201 1547 πλεῖστα
1224 1480 1451 1564 λυπουμένοις
1471 1481 1629 1565 μάλιστα

364 1586 550 1670 προσήκειν
574 1579 670 1646 δοκεῖ
686 1586 725 1646 τδ
747 1573 805 1645 ἐπ’
833 1585 949 1660 αὐτοῖς
972 1581 1089 1668 λέγειν.
1135 1587 1171 1647 σί
1190 1585 1253 1667 γὰρ
1279 1581 1498 1671 σφοδρότατα
1521 1587 1629 1649 ἀνιώ-

319 1702 339 1763 2
362 1703 462 1764 μενοι
484 1681 646 1748 ἀδύνατοι
669 1682 776 1768 λέγειν
797 1678 860 1748 ὑπ’
887 1687 992 1750 αὐτοῦ
1011 1690 1133 1750 τούτου
1156 1686 1253 1750 είσίν.
1291 1687 1344 1749 ἔτι
1359 1685 1395 1750 δὲ
1409 1688 1469 1750 καί
1488 1685 1629 1774 ῆλικίας

361 1787 397 1848 έν
412 1789 520 1868 τούτῳ
538 1788 619 1868 είμί,
642 1789 677 1851 έν
694 1778 832 1870 ᾤῆμὲν
846 1797 910 1850 τοῦ
924 1786 1023 1871 λόγου
1040 1787 1182 1871 δύναμις
1203 1788 1305 1874 ῆττον
1320 1791 1451 1852 ἅπασιν
1465 1792 1627 1874 ὑπάρχει,

360 1889 400 1950 τδ
418 1885 454 1951 δὲ
466 1889 599 1972 χαίρειν
620 1890 678 1951 καί
693 1890 732 1951 τδ
749 1887 938 1954 λυπεῖσθαι
962 1892 1183 1977 ἰσχυρότατον
1204 1892 1362 1974 γίγνεται.
1400 1882 1477 1954 ἀλλ’
1499 1890 1625 1979 έπειδῆ
1653 1895 1682 1946 ¹⁰

362 1992 565 2076 τιμιώτερος
586 1993 648 2072 μὲν
666 2001 854 2077 στρατηγοῦ
874 1995 1018 2071 έπαινος
1038 1995 1099 2058 έπλ
1115 1995 1305 2078 στρατιώτῃ
1329 1991 1452 2076 ἀγαθῷ
1467 1991 1626 2080 τελευτῆ-

362 2107 477 2170 σαντι,
506 2096 709 2179 τιμιώτερος
732 2090 768 2156 δέ
791 2098 921 2172 παντὸς
949 2097 1151 2183 ἅρχοντοςῆ
1176 2091 1332 2173 ίδιώτου,
1361 2097 1464 2176 κάμοί
1486 2092 1624 2160 λεκτέον
1643 2101 1719 2153 (m

360 2203 421 2281 τῆς
444 2196 546 2283 ἀρχῆς
569 2199 676 2259 ἕνεκεν
699 2197 746 2271 ώς
767 2198 809 2260 δν
833 2195 994 2279 δδνωμαι.
1039 2202 1171 2282 πρέποι
1194 2189 1227 2258 δ’
1253 2198 1294 2262 δν
1309 2205 1351 2282 τῆ
1366 2199 1493 2262 ἐκείνου
1517 2201 1628 2285 ἀρετῇ

359 2299 417 2361 καλ
439 2307 481 2384 τῆ
506 2301 571 2384 ἐμῆ
593 2303 726 2384 νεότητι
747 2296 852 2384 μηδὲν
873 2303 1001 2385 μακρὸν
1023 2301 1185 2361 ἀπαιτεῖν
1206 2295 1291 2383 μηδὲ
1314 2300 1435 2386 δνριβῆ
1457 2297 1625 2386 μῦλλονῆ

360 2405 513 2481 γενναῖον
535 2403 593 2464 τδν
617 2402 769 2464 ἔπαινον.
834 2400 980 2487 Πρῶτον
994 2403 1056 2482 μὲν
1073 2400 1130 2464 οδν
1145 2401 1313 2483 εὐγενείας
1328 2397 1482 2487 ἀληθοῦς
1496 2403 1624 2482 ἔτυχεν.
1650 2405 1679 2456 15

361 2502 399 2562 οδ
415 2502 478 2586 γὰρ
495 2501 530 2563 εί
540 2522 586 2583 τῳ
601 2498 776 2564 πλουσίων
789 2504 909 2588 συνέβη
923 2507 1033 2583 τυχεῖν
1055 2506 1243 2588 προγόνων,
1260 2504 1298 2565 οδ
1309 2504 1376 2589 μῆν
1388 2495 1462 2566 οὐδ’
1481 2505 1513 2566 εί
1522 2505 1626 2586 βασι-

317 2620 337 2683 3
362 2597 456 2678 λέων,
471 2601 513 2664 τὰ
530 2598 566 2664 δὲ
583 2599 668 2664 ἄλλα
685 2598 835 2688 φαώλων,
852 2600 909 2666 δδε
924 2605 965 2666 δν
980 2602 1032 2689 εἴη
1048 2600 1158 2678 καλῶς
1172 2607 1326 2687 γεγονώς,
1349 2597 1426 2667 ἀλλ’
1446 2607 1480 2669 οί
1497 2608 1625 2692 φύντες

360 2699 398 2779 ἐξ
419 2702 571 2785 ἀγαθῶν,
595 2705 711 2789 ὥσπερ
734 2701 800 2767 δδε.
843 2708 862 2766 δ
883 2706 946 2790 γὰρ
969 2709 1081 2792 πατὴρ
1107 2707 1212 2768 αὐτοῦ
1231 2713 1299 2770 τῶν
1320 2698 1397 2770 κατ’
1423 2709 1524 2771 αδτδν
1547 2705 1623 2795 διῆ·

359 2824 452 2886 νεγνε
469 2810 543 2881 τοῖς
556 2803 761 2884 καλλίστοις,
785 2809 931 2891 εὐψυχίᾳ
951 2809 1008 2871 καί
1029 2811 1136 2893 ῥώμη.
1182 2805 1323 2895 δηλοῦσι
1346 2806 1382 2872 δὲ
1406 2812 1443 2871 αί
1464 2814 1556 2873 νῖκαι
1580 2813 1623 2886 ἃς

360 2907 492 2992 ἐνίκησε
518 2911 575 2972 καί
604 2903 662 2994 [ἐν]
680 2901 888 2990 Ὀλυμπίασι
915 2911 973 2973 καλ
994 2912 1030 2974 έν
1051 2915 1125 2986 τοῖς
1151 2907 1269 2986 ἄλλοις
1292 2907 1427 2994 ἀγῶσιν.
1517 2913 1623 2988 αὐτὸς
1646 2915 1675 2967 λθ

359 3004 396 3071 δὲ
420 3010 486 3096 ἔφυ
507 3009 688 3088 κάλλιστος
710 3013 919 3097 ἀνθρώπων,
943 3005 981 3075 οὐ
1004 3011 1070 3076 τῶν
1093 3019 1149 3076 νῦν
1170 3016 1286 3094 μόνον,
1309 3005 1400 3092 ἀλλ’,
1424 3015 1471 3089 ώς
1488 3015 1622 3077 ἔνεστιν

358 3107 502 3186 εἰκάζειν
528 3115 565 3175 ἐκ
586 3121 646 3200 τῆς
668 3111 875 3200 ὑπερβολῆς,
903 3116 961 3178 καί
983 3116 1144 3178 ἁπάντων
1173 3112 1272 3176 ἁπλαῖ
1274 3137 1292 3191 ς
1316 3113 1364 3177 τιῖ
1366 3136 1384 3177 ν
1405 3111 1443 3193 έξ
1465 3117 1622 3190 ἅπαντος

313 3220 419 3293 ητοῦ
445 3217 567 3299 χρόνον
597 3217 845 3297 ὠνομασμένων
874 3217 934 3279 έπλ
960 3213 1092 3296 κάλλει,
1121 3219 1199 3280 ὅσοι
1226 3217 1351 3302 θνητοί
1376 3218 1538 3299 έγένοντο.
1586 3219 1720 3280 olm]

356 3317 419 3395 μέν
441 3316 503 3398 γὰρ
527 3313 652 3381 πολλοὶ
673 3317 739 3381 τῶν
761 3323 1010 3400 νενομισμένων
1031 3317 1150 3399 καλεῖν,
1172 3323 1256 3405 μέρη
1280 3320 1357 3382 τινὰ
1379 3326 1441 3382 τοῦ
1459 3320 1621 3400 σώματος

359 3408 513 3504 εὐπρεπῆ
537 3419 679 3499 ἔχοντες,
702 3421 822 3484 ἔπειτα
840 3418 875 3484 δὲ
892 3418 1013 3500 έδοξαν
1026 3417 1134 3499 καλοί,
1157 3429 1216 3506 τῆς
1232 3424 1348 3505 ὄψεως
1368 3421 1422 3484 δελ
1437 3420 1479 3483 τὰ
1493 3417 1621 3506 ῆδιστα
1644 3429 1674 3479 25

357 3517 565 3605 βουλομένης
588 3523 684 3606 δρῦν,
713 3521 779 3585 τῶν
803 3519 838 3585 δέ
862 3527 1011 3605 ῆττδνων
1033 3520 1232 3608 ἀμελούσης.
1279 3524 1314 3586 ol
1337 3519 1376 3585 δέ
1396 3542 1485 3599 τινες
1513 3525 1622 3608 φύσει

356 3623 419 3704 μὲν
441 3615 593 3700 εὐειδοῦς
617 3626 774 3706 σώματος
797 3617 857 3687 οὐκ
879 3626 1005 3706 έτυχον,
1029 3625 1100 3710 ὥρα
1124 3621 1160 3687 δὲ
1181 3613 1298 3700 αὐτοῖς
1319 3621 1488 3711 ἐπῆλθεν·
1510 3627 1622 3711 ῆττώ-

442 3870 565 3928 Τὶίοίοσε
585 3872 624 3927 ita
641 3870 734 3940 UBII3
753 3873 875 3929 ordinem
892 3872 1193 3944 tradItumjontIonum
1203 3873 1330 3930 XXVIII.
1347 3875 1441 3931 XXIX
1457 3875 1566 3932 reatini

357 3953 455 4026 ίέμοί
471 3957 567 4026 μλνίί
636 3953 746 4029 θέχυν
762 3957 792 4010 II
861 3963 943 4018 ίκαί
961 3957 1033 4034 ὑπὲρ
1050 3959 1080 4013 Μ
1148 3961 1316 4032 Ιέφαίνεται
1334 3956 1369 4018 τὸ
1387 3959 1477 4032 Εωμ,
1493 3963 1618 4031 φαίνετο

354 4041 384 4097 Μ
403 4039 540 4114 ἐφαίνετο
559 4037 594 4100 τὸ
613 4042 661 4098 UB
731 4047 888 4103 θαλεῑστα
906 4045 995 4115 Ειαρ,
1012 4036 1114 4118 ἥκιστα
1129 4045 1194 4101 libri
1275 4051 1303 4102 11
1325 4042 1501 4120 στρατιώτης
1517 4045 1548 4100 II

357 4129 388 4182 12
407 4120 437 4184 δ’
451 4121 569 4196 ἔπαινος
585 4143 635 4198 pro
654 4127 684 4186 δὲ
701 4124 811 4195 παντὸς
823 4129 952 4186 Reiskius
1019 4132 1071 4187 καί
1082 4149 1134 4200 μοι
1144 4130 1176 4185 Μ
1233 4136 1266 4187 14
1276 4125 1383 4203 μικρὸν
1393 4130 1484 4199 Ussu,
1499 4129 1620 4202 μακρδν

353 4210 378 4266 Τ
436 4218 466 4269 16
483 4222 579 4286 τυχεῖν
596 4213 701 4287 συνέβη
718 4213 743 4270 U
760 4214 823 4279 (hoo
841 4214 910 4281 ord.)
965 4207 1055 4281 υδδείς
1071 4231 1123 4285 pro
1142 4207 1204 4274 οὔδ’
1222 4215 1250 4274 εί
1264 4216 1295 4272 Μ
1361 4220 1394 4272 20
1411 4213 1445 4273 έν
1461 4209 1620 4285 δίυμπίασι

353 4295 417 4364 ΒΜ,
435 4297 463 4352 in
480 4297 505 4354 U
523 4296 556 4356 ἐν
572 4313 680 4355 eruum
743 4291 854 4371 α’γαῖσιν
871 4303 899 4365 (ν
916 4313 934 4354 a
952 4299 1074 4366 cornu]
1162 4305 1192 4356 21
1212 4297 1353 4372 μδνοινΒ
1432 4297 1463 4358 ἓν
1480 4297 1559 4358 ἔστιν
1576 4298 1620 4368 (ἐν

353 4384 572 4452 expunctum
625 4389 657 4440 23
674 4379 791 4450 κάλλεος
808 4382 837 4441 οἳ
850 4384 880 4439 II
932 4389 965 4440 24
983 4380 1066 4443 ἄλλοι
1082 4402 1133 4456 pro
1151 4387 1291 4444 πσλλυίῦ
1344 4389 1377 4442 25
1395 4381 1494 4444 ἔπειτα
1510 4383 1620 4454 δέρειν

352 4468 451 4537 parfia
465 4471 500 4525 σί.
513 4485 553 4526 or.
565 4468 644 4526 XVII
655 4470 672 4538 5
685 4471 717 4523 20
770 4473 803 4524 26
820 4465 939 4541 ἐπήνθει
951 4468 1088 4539 Roianus,
1105 4470 1153 4528 εοδ
1165 4471 1270 4541 imperf.
1283 4471 1329 4527 hle
1341 4473 1431 4528 Iocum
1443 4485 1499 4527 non
1515 4468 1620 4525 habere

352 4555 448 4608 monet
466 4555 543 4625 Emp.
568 4570 656 4625 neque
678 4551 801 4612 ἐπανθεῖ
821 4554 926 4626 placet,
950 4556 1013 4627 quin
1035 4555 1157 4626 nequitur
1180 4549 1326 4629 ἀνθούσης
1412 4551 1567 4629 ἦττόμενοι
1587 4554 1620 4609 II
