3526 5264
687 362 824 420 omlo
841 363 941 420 ml.
1381 365 1441 426 183

182 532 328 619 ἐξευρεῖν
352 557 441 621 φημι
463 533 560 622 τήνδε
582 539 643 623 τὴν
665 539 830 623 μηχανήν·
854 539 892 602 οδ
914 539 976 623 γάρ
1004 535 1127 602 δυνατά
1143 539 1340 624 ἐμηχανᾶτο,
1363 547 1442 604 πτέ-

182 656 285 720 ρυγας
300 639 475 721 ἀνθρώπῳ
493 640 708 718 προστιθείς.
746 641 864 704 αδκοῖν
880 637 1061 727 διέφθειρε
1082 643 1141 704 τὸν
1162 643 1246 705 υίόν.
1290 643 1379 706 ἐοικε
1402 640 1481 707 δεῖ

183 742 240 803 καί
254 733 401 826 ’Όμηρος
424 738 592 824 λοιδορεῖν
613 763 691 805 τινα
714 747 852 806 τέκτονα
868 751 937 806 τῶν
955 746 1090 827 Τρώων,
1115 745 1153 806 οδ
1175 741 1286 818 καλῶς
1301 745 1442 828 ἐργασά-

183 862 284 923 μενον
305 844 367 919 τδς
383 851 463 920 ναῦς
477 841 525 927 τῷ
538 839 757 929 Ἀλεξάνδρῳ,
781 845 837 921 αίς
850 843 1014 908 έπλευσεν
1030 847 1079 922 είς
1094 849 1154 932 τήν
1172 838 1322 920 Ἑλλάδα,
1346 842 1442 908 οδδέν

151 953 165 1000 ι
187 945 271 1024 έχων
295 946 525 1008 αἰτιάσασθαι
546 947 631 1008 κατὰ
653 950 713 1033 την
736 951 863 1032 τέχνην.
908 950 994 1033 φησί
1015 950 1088 1032 γάρ,

386 1047 424 1122 δς
446 1049 503 1110 καί
522 1039 730 1135 Ἀλεξάνδρῳ
753 1051 934 1134 τεκτήνατο
957 1057 1039 1134 νῆας
1061 1051 1173 1127 ἐΐσας,

388 1149 605 1234 ἀρχεκάκους,

53 1254 173 1310 (σωκῶ)
186 1249 244 1310 οὐκ
265 1246 479 1332 ἐγκωμιάζων
503 1253 603 1315 αδτδν
626 1253 685 1315 ἐπὶ
707 1260 748 1337 τῇ
765 1254 905 1338 ποιήσει
919 1259 986 1316 τῶν
1002 1259 1095 1332 νεῶν,
1119 1251 1204 1316 ἀλλὰ
1221 1258 1336 1337 ψέγων
1353 1250 1441 1315 πολι)

183 1347 311 1430 μᾶλλον
332 1353 351 1436 ἢ
376 1353 408 1415 εί
429 1349 534 1435 λέγων
555 1343 658 1416 αὐτὸν
681 1363 827 1440 ποιησαι
848 1355 910 1430 τδς
928 1361 1008 1430 ναῦς
1029 1355 1049 1440 ἢ
1072 1352 1234 1440 βραδείας
1255 1358 1275 1442 ἢ
1300 1352 1383 1417 ἄλλο
1405 1377 1440 1418 τι

137 1459 165 1510 10
187 1452 368 1538 ἁμάρτημα
390 1456 533 1534 ἐχούσας
553 1445 672 1540 ᾐτιᾶτο
696 1458 776 1539 περὶ
796 1457 856 1542 τὴν
878 1457 1077 1541 ναυπηγίαν.
1130 1461 1230 1539 ψέγει
1254 1454 1290 1520 δέ
1313 1459 1441 1537 δμοίως

181 1555 238 1616 καλ
258 1560 436 1642 κυνηγέτην
459 1558 536 1620 τινά
559 1559 616 1620 καί
637 1555 804 1640 καταγελᾷ
820 1566 880 1643 τῆς
894 1557 1085 1642 ἐμπειρίας,
1108 1561 1162 1621 δτι
1177 1562 1227 1635 είς
1243 1551 1341 1622 οὐδὲν
1365 1556 1441 1622 δέον

181 1655 335 1740 ἐκέκτητο
359 1649 477 1744 αὐτήν,
507 1656 593 1721 άλλδ
615 1659 658 1721 τά
679 1661 741 1740 μέν
763 1661 872 1745 θηρία
896 1661 1065 1745 ηπίστατο
1088 1658 1242 1741 βάλλειν,
1273 1663 1309 1724 έν
1332 1659 1368 1724 δέ
1392 1659 1441 1745 τῷ

182 1754 320 1841 πολέμῳ
345 1752 404 1823 οὐκ
425 1762 600 1844 έτίγχανεν
624 1753 775 1840 οὐδενός,
807 1753 883 1824 ἀλλ’
915 1763 1048 1848 ἀχρεῖος
1070 1757 1110 1848 ην
1138 1760 1195 1826 διδ
1218 1765 1278 1850 την
1301 1760 1440 1842 δειλίαν,

180 1861 237 1924 καί
257 1860 299 1922 οδ
321 1880 427 1947 φησιν
450 1855 539 1947 αὐτῷ
563 1867 639 1926 τότε
661 1865 839 1950 βοηθῆσαι
867 1866 927 1951 την
943 1857 1110 1949 Ἄρτεμιν.
1164 1855 1281 1929 οδκοῦν
1304 1868 1340 1928 ἐκ
1360 1868 1437 1928 τού·
1463 1865 1482 1930 8

135 1973 163 2025 15
184 1985 252 2027 των
275 1962 375 2052 δῆλον
404 1969 457 2029 ὅτι
480 1962 537 2030 δεῖ
554 1970 752 2053 φρονήσεως
779 1969 836 2031 καί
864 1969 985 2053 ἀρετῆς
1005 1969 1062 2030 καί
1085 1969 1172 2051 πρὸς
1195 1970 1216 2030 ά
1238 1970 1443 2031 ἐπίστανται

9 2075 16 2104 ¹
79 2070 218 2132 (wool
239 2069 424 2153 ἅνθρωποι
446 2070 502 2131 καί
524 2071 611 2154 πρὸς
634 2071 655 2131 δ
679 2061 737 2132 οδκ
765 2064 983 2132 ἐπίστανται·
1012 2071 1069 2132 καλ
1099 2071 1206 2146 οὕτως
1237 2071 1278 2132 δν
1305 2072 1441 2132 ἅπαντα

183 2167 345 2256 διαφέροι
367 2173 505 2233 πάντων
528 2172 547 2232 δ
570 2173 734 2257 σώφρων,
764 2171 838 2234 οἱον
864 2174 925 2256 χρη
950 2169 1039 2235 εἶναι
1060 2173 1119 2233 τδν
1143 2169 1353 2257 φιλόσοφον,
1385 2173 1442 2235 καί

182 2279 295 2336 ποιῶν
322 2294 358 2336 τι
385 2275 514 2335 τούτων
541 2275 598 2336 καὶ
625 2276 670 2360 μη
701 2281 832 2351 ποιῶν,
867 2273 929 2336 κδν
966 2275 1125 2336 ὁπωσοῦν
1154 2281 1240 2359 ποιῇ
1267 2273 1352 2335 κατά
1381 2276 1441 2359 την

183 2379 309 2460 τέχνην.
367 2377 414 2451 ὡς
443 2372 479 2438 δέ
507 2381 574 2438 τῶν
603 2370 790 2462 ζωγράφων
817 2377 945 2460 γράψει
972 2379 1123 2458 κρεῖττον
1152 2367 1210 2437 οὖκ
1240 2377 1287 2438 ὠν
1316 2369 1440 2460 ζωγρά·

133 2481 166 2535 ²)
186 2496 263 2562 φας,
285 2465 306 2562 ἢ
329 2483 396 2540 τῶν
420 2479 545 2562 ἐατρῶν
574 2479 713 2558 άμεινον
743 2478 954 2561 θεραπεύσει
982 2470 1078 2559 [κατά
1107 2478 1166 2563 την
1196 2470 1360 2564 ίατρικην]
1383 2471 1441 2540 οὐκ

183 2581 230 2642 ών
253 2581 379 2663 ίατρός,
401 2568 422 2666 ἢ
445 2587 512 2642 τῶν
533 2587 704 2661 μουσικῶν
725 2581 975 2663 μουσικώτερον
997 2570 1120 2663 ᾄσεται
1142 2571 1201 2642 οὐκ
1215 2581 1262 2642 ών
1278 2580 1441 2664 ἐμπειρος

181 2691 345 2770 μουσικῆς
366 2671 387 2768 ἢ
409 2683 555 2767 μετρίως
577 2683 741 2768 έμπειρος
765 2685 926 2765 γεγονώς,
954 2671 975 2768 ἢ
1004 2689 1072 2744 τῶν
1100 2683 1336 2768 ἀριθμητικῶν
1359 2683 1441 2765 περί

181 2787 260 2861 τοδς
283 2786 455 2869 ἀριθμοδς
476 2773 497 2871 ἢ
519 2781 583 2848 τών
605 2781 801 2870 γεωμετρῶν
817 2786 1060 2869 ἐμπειρότερος
1083 2789 1243 2868 φανεῖται
1258 2783 1338 2867 περί
1358 2799 1439 2866 γεω-

180 2889 321 2974 μετρίαν
342 2875 460 2972 ἢπερλ
476 2888 617 2973 φυτείαν
639 2885 706 2950 τῶν
727 2884 881 2971 γεωργῶν
903 2875 924 2972 ἢ
948 2888 1027 2971 περί
1041 2886 1276 2971 κυβερνητικήν
1298 2883 1364 2948 τών
1385 2905 1440 2948 κυ-

7 3021 10 3042 ι
135 2995 164 3046 25
184 2985 370 3074 βερνητιῦν,
398 2978 419 3074 ἢ
443 2985 569 3074 σφάξει
593 2990 721 3051 θάττον
751 2995 818 3050 τῶν
849 2989 1018 3072 μαγείρων
1046 2976 1066 3073 ἢ
1090 2984 1200 3051 διελεῖ
1217 2985 1294 3050 δέον
1316 2984 1440 3049 διελεῖν

53 3099 251 3154 (Μῶτῶν
274 3089 355 3152 αδτδ
378 3097 477 3152 τοῦτο
501 3091 597 3175 ἔργον
620 3096 877 3176 πεποιημένων,
908 3081 947 3152 οὗ
965 3091 1027 3176 χρη
1053 3086 1281 3153 διανοεῖσθαι.
1325 3089 1437 3151 καίτοι
1459 3090 1480 3153 9

181 3199 249 3256 τῶν
271 3201 328 3256 νῦν
350 3190 519 3273 βασιλέων
541 3213 594 3268 τις
616 3193 786 3273 ἐπεθύμει
809 3195 918 3279 σοφδς
940 3191 1029 3255 εἶναι
1050 3194 1110 3279 την
1125 3195 1285 3277 τοιαύτην
1301 3193 1438 3277 σοφίαν,

183 3297 230 3370 ώς
253 3291 397 3357 πλεῖστα
420 3295 663 3374 ἐπιστάμενος·
688 3284 726 3356 οὗ
748 3298 865 3374 μέντοι
887 3295 930 3357 τά
951 3301 1103 3372 τοιαῦτα,
1127 3296 1207 3382 άμη
1225 3289 1438 3374 θαυμάζεται

183 3397 277 3482 παρά
299 3401 373 3472 τοῖς
395 3397 613 3482 ἀνθρώποις,
643 3393 728 3458 άλλδ
751 3387 810 3482 ἐφ’
837 3395 889 3472 οίς
914 3397 1180 3483 στεφανωθῆναι
1202 3398 1292 3475 ἐστι,
1321 3397 1438 3481 κηρδτ·

268 3678 403 3752 ιτῆάεδί
454 3673 536 3748 τήνδε
547 3677 612 3733 nihi
623 3683 780 3748 ιυτροεαιια
838 3678 1017 3735 3καίοια.ΰ
1070 3676 1194 3736 τέκτονα
1207 3677 1267 3734 τελλ.
1277 3677 1439 3734 Phereclum

181 3766 311 3822 Teutoni·
327 3764 347 3821 f.
369 3765 402 3820 Il.
420 3763 445 3818 V
464 3766 542 3834 δίκη.
632 3769 651 3819 4
673 3759 812 3821 ἔπλευσεν
828 3761 942 3830 Reium,
963 3759 1145 3821 είσέπλευσεν
1167 3762 1243 3832 ἐλεεῖς
1265 3760 1439 3820 ἐπέκλωσεν

182 3851 274 3908 (huda
341 3848 518 3916 θέείοαςλί
586 3845 919 3918 8ἐπίκσλριί,ἐνλλδεί
997 3842 1441 3920 ἐεῖηρωῆεἰῆίυΰῆεί

180 3942 367 3993 scortatore
452 3929 1281 4008 οδγάρρεοῆραειναῠςῶ,ἰδαωτίδεέυιλαΰῖιίιεε
1365 3937 1438 4006 βρι-

180 4026 243 4091 δέας
258 4023 288 4078 λλ
359 4027 388 4077 11
407 4020 560 4095 κυνηγέτην
576 4021 637 4078 scil.
655 4019 860 4077 Sumandrium
877 4019 1000 4090 Strophii
1016 4018 1233 4076 λΙΗλθ-ῡέ
1304 4022 1336 4073 14
1352 4037 1440 4090 φησιν

179 4115 206 4183 (η
223 4125 241 4166 ε
258 4107 379 4175 corr.)U
449 4103 595 4165 ταδταυΒ
666 4109 698 4160 w
715 4096 801 4172 οὗτος
819 4104 848 4159 Μ
903 4109 933 4160 18
950 4107 1000 4162 καί
1018 4095 1093 4177 ὅπερ
1109 4095 1162 4162 οδν
1178 4103 1209 4158 Μ
1277 4103 1395 4161 uocet?

180 4199 214 4250 κθ
230 4190 306 4252 κατὰ
323 4187 376 4266 τὴν
392 4187 522 4265 ἰατρικὴν
537 4191 689 4247 ἰαδαιεαδε
740 4195 771 4246 21
790 4188 892 4265 άγεται
909 4189 994 4257 BMP,
1011 4189 1041 4245 ln
1057 4188 1083 4245 U
1100 4185 1140 4268 ᾄο
1156 4204 1175 4245 ε
1190 4205 1260 4246 οοιτ.
1320 4191 1353 4242 ²³
1371 4183 1439 4254 τοὺς

180 4273 385 4352 α’ριθμηιικοίις
401 4277 423 4332 Ρ
502 4279 536 4332 24
553 4279 767 4351 κυβερνητικῶν
783 4275 832 4333 UB
919 4279 952 4331 25
970 4265 1089 4347 σφάξειν
1105 4273 1132 4329 Η
1149 4269 1254 4346 σφάζων
1270 4273 1300 4327 Μ
1318 4267 1439 4344 σφάζειν

180 4363 259 4421 Um.
277 4381 317 4435 pr.
336 4363 391 4430 BP,
409 4379 479 4419 corr.
497 4361 580 4419 Dind.
648 4366 751 4421 διελεῖν
766 4360 837 4428 δοιά,
854 4360 1018 4417 commun.
1070 4354 1111 4426 ὥς
1128 4357 1228 4416 άέονΡ
1298 4363 1331 4414 26
1349 4362 1437 4417 τοῦτο

181 4444 216 4506 τὸ
235 4445 322 4523 ἔργον
338 4447 386 4502 ΗΡ
467 4446 699 4520 ιιεποιημένονΡ
784 4451 816 4502 21
833 4445 970 4517 ἐπιθυμεῖ
984 4445 1082 4503 UBPH
1098 4441 1235 4516 ἐπεθύμει
1252 4444 1283 4500 Μ
1351 4443 1437 4500 Nero·

182 4549 243 4588 nem
259 4534 326 4589 dicit
392 4537 426 4588 28
443 4529 623 4605 θαυμάζηται
640 4531 671 4588 Μ
