3452 5264
609 355 746 414 ORATIO
762 355 890 414 XXXVI.
1355 355 1375 422 5

121 536 177 596 καί
196 524 350 612 Ἀχιλλέα
373 537 515 594 τοιαῦτα
538 533 706 607 εἰπόντος.
752 534 771 595 ό
792 533 938 616 μὲνγὰρ
961 531 1046 607 θεός
1066 536 1161 616 ημῶν
1190 533 1299 608 ἐστιν,
1329 531 1376 606 ὡς

122 634 214 719 όρᾷς,
237 637 255 697 ό
278 632 314 698 δέ
337 634 394 695 καί
410 628 528 712 σχεδόν
543 655 577 696 τι
591 635 676 713 μετὰ
698 635 778 709 τούς
799 635 905 708 θεούς
927 639 1076 712 τιμᾶται.
1112 635 1202 718 κάγὼ
1226 627 1376 717 πραῧναι

120 733 325 818 βουλόμενος
348 735 466 812 αὐτόν,
490 735 559 814 άμα
582 732 618 799 δέ
642 737 704 798 ἐπί
724 757 759 800 τι
777 737 944 821 χρήσιμον
966 735 1112 816 ἀγαγεῖν,
1135 736 1376 817 Παραιτοῦμαί

124 855 177 912 σε,
206 837 324 916 εἷπον,
352 827 438 900 καθ’
462 829 609 922 ’Όμηρον
634 839 827 922 συγγνώμην
849 838 936 917 ἐχειν
957 856 1036 916 μοι,
1066 835 1124 910 ,εἴ
1140 857 1176 900 τι
1196 839 1296 900 κακόν
1319 845 1375 900 νῦν

86 939 287 1026 οεῖρηταιῆ
327 939 433 1016 αὖθις
452 941 515 1023 γάρ
538 958 624 1004 ποτε
646 938 903 1019 ἐπαινεσόμεθα
922 930 1077 1018 Ἀχιλλέα
1099 959 1136 1002 τε
1156 940 1213 1002 καί
1227 931 1432 1026 Ὅμηρον
1421 955 1432 978 ε

119 1046 184 1105 όσα
213 1038 311 1104 δοκεῖ
325 1044 407 1123 ημῖν
434 1041 551 1122 όρθῶς
573 1039 689 1125 λέγειν.
734 1043 773 1102 τό
803 1038 839 1103 δέ
863 1043 974 1125 παρόν
998 1044 1160 1114 σκεπτέον
1189 1042 1230 1104 δν
1259 1039 1310 1126 εῖη
1334 1044 1372 1104 τό
1388 1043 1428 1104 15

120 1151 183 1206 τοῦ
211 1139 428 1206 Φωκυλίδου·
464 1144 511 1218 ὡς
538 1145 615 1222 ἐμοί
643 1139 739 1206 δοκεῖ
765 1140 900 1228 σφόδρα
927 1139 1039 1218 καλῶς
1069 1139 1175 1225 λέγειν
1202 1145 1288 1225 ύπέρ
1318 1151 1377 1230 της

2 1265 10 1302 ι
31 1259 55 1302 τε
71 1257 104 1308 11)
122 1240 266 1319 πόλεως.
310 1247 448 1318 Σκόπει1
469 1245 547 1330 ἐφη,
570 1244 647 1306 ἐπεί
666 1245 724 1309 καί
738 1241 860 1307 τούσδε
876 1241 958 1328 όρᾷς
973 1247 1106 1319 πάντας
1121 1245 1378 1324 ἐπιθυμοῦντας

123 1346 268 1408 ἀκοῦσαί
283 1363 343 1409 σου
359 1347 416 1410 καί
430 1343 487 1410 διά
503 1353 603 1408 τοῦτο
620 1349 883 1432 συνερρυηκότας
906 1343 1004 1433 δεῦρο
1027 1348 1115 1432 πρός
1136 1347 1194 1409 τόν
1210 1349 1377 1427 ποταμόν,

71 1459 102 1512 10
122 1449 236 1513 καίτοι
259 1449 297 1510 ού
321 1446 456 1534 σφόδρα
478 1449 662 1535 ἀθορύβως
683 1449 831 1529 έχοντας.
868 1447 976 1511 οίσθα
999 1449 1062 1533 γάρ
1086 1446 1195 1534 δήπου
1219 1451 1272 1512 ότι
1290 1449 1378 1530 χθές

122 1553 156 1612 ol
177 1552 311 1614 Σκύθαι
333 1548 607 1636 προσελάσαντες
627 1551 840 1636 μεσημβρίας
862 1551 942 1625 τούς
962 1554 1024 1631 μέν
1054 1570 1149 1625 τινας
1175 1551 1377 1616 ἀπέκτειναν

121 1659 188 1714 τῶν
213 1659 349 1716 σκοπῶν
373 1653 411 1715 ού
435 1659 681 1736 προσέχοντας,
711 1655 790 1727 τούς
814 1649 850 1714 δέ
873 1646 1098 1738 ἐζωγρήκασιν
1122 1650 1222 1729 ἴσως·
1253 1655 1291 1716 οδ
1313 1656 1377 1738 γάρ

123 1775 178 1816 πω
207 1756 427 1836 ἐπιστάμεθα
458 1752 516 1818 διά
544 1757 583 1818 τό
611 1759 821 1839 μακροτέραν
844 1755 960 1831 αύτοῖς
982 1756 1145 1838 γενέσθαι
1174 1757 1235 1841 τὴν
1259 1753 1377 1839 φυγήν,

122 1859 185 1919 άτε
200 1858 238 1918 ού
255 1859 342 1941 πρός
356 1859 416 1943 την
433 1853 534 1930 πόλιν
551 1860 742 1942 φεύγουσιν.
838 1853 878 1940 ἦν
903 1852 938 1919 δέ
961 1856 1009 1941 τῷ
1033 1860 1105 1921 όντι
1127 1865 1232 1921 ταῦτα
1257 1857 1375 1937 οὕτως,
1391 1857 1429 1923 16

74 1970 102 2021 15
124 1959 181 2023 καί
203 1960 244 2022 αί
260 1978 297 2021 τε
320 1956 427 2022 πύλαι
450 1957 677 2042 συγκέκλειντο
699 1961 755 2022 καί
769 1961 808 2020 τό
826 1962 966 2043 σημεῖον
979 1955 1061 2044 ἦρτο
1084 1961 1144 2023 ἐπί
1165 1965 1228 2022 τοῦ
1246 1958 1378 2038 τείχους

125 2062 163 2121 τό
187 2057 381 2139 πολεμικόν.
432 2051 508 2122 ἀλλ’
539 2063 631 2141 όμως
660 2063 767 2135 οῦυως
794 2056 881 2145 ἦσαν
911 2058 1072 2146 φιλήκοοι
1099 2062 1156 2122 καί
1184 2057 1231 2143 τῷ
1260 2060 1377 2143 τρόπῳ

1 2179 63 2232 μιν
78 2153 280 2244 ΜνἛλληνες,
305 2161 392 2224 ὥστε
414 2169 535 2245 μικροῦ
557 2159 628 2225 δεῖν
650 2163 800 2236 ἅπαντας
822 2169 980 2247 παρῆσαν
1001 2163 1037 2224 ἐν
1059 2167 1133 2236 τοῖς
1148 2157 1279 2237 όπλοις,
1301 2160 1379 2241 βου·

127 2259 262 2342 λόμενοι
284 2263 427 2325 ἀκούειν.
464 2263 554 2346 κάγώ
578 2263 744 2346 ἀγάμενος
759 2264 869 2325 αὐτῶν
883 2266 943 2349 την
959 2263 1168 2346 προθυμίαν,
1191 2258 1380 2337 Βούλεσθε,

126 2367 223 2451 ἔφην,
237 2358 466 2444 καθιζώμεθα
483 2365 591 2439 ἰόντες
608 2384 670 2427 ποι
684 2374 746 2451 τῆς
760 2362 894 2440 πόλεως
899 2387 912 2443 ,·
933 2366 1032 2445 τυχόν
1048 2365 1110 2449 γὰρ
1126 2371 1183 2426 νῦν
1200 2365 1238 2426 ού
1254 2365 1380 2436 πάντες

72 2477 105 2529 2⁰
128 2469 255 2548 δμοίως
271 2467 452 2528 ἀκούουσιν
466 2468 502 2527 ἐν
517 2464 564 2550 τῷ
579 2462 740 2549 βαδίζειν,
756 2458 834 2531 ἀλλ’
853 2469 888 2530 οί
902 2467 1051 2531 όπισθεν
1067 2469 1249 2550 πράγματα
1266 2465 1380 2544 έχουσι

124 2570 181 2632 καί
202 2573 390 2652 παρέχουσι
412 2573 486 2644 τοῖς
509 2571 576 2654 πρό
600 2570 720 2645 αὐτῶν,
744 2555 948 2646 σπεύδοντες
970 2571 1134 2654 ἐγγυτέρω
1159 2561 1378 2651 προσελθεῖν.

124 2673 171 2747 ὡς
200 2669 236 2734 δέ
264 2677 363 2732 τοῦτο
393 2670 509 2749 εἶπον,
543 2672 649 2748 εὐθύς
678 2673 837 2757 ὥρμησαν
866 2675 1015 2748 ἅπαντες
1050 2672 1100 2747 είς
1133 2672 1172 2734 τό
1202 2677 1264 2732 τοῦ
1290 2671 1377 2744 Διὸς
1390 2673 1430 2735 17

126 2775 232 2855 ίερόν,
260 2770 366 2858 οόπερ
393 2773 543 2836 εἰώθασι
571 2771 809 2855 βουλεύεσθαι.
853 2776 910 2838 καί
932 2775 1049 2855 οἱμὲν
1072 2773 1381 2858 πρεσβύτατοικαί

125 2877 159 2937 οί
173 2877 430 2960 γνωριμώτατοι
440 2877 497 2938 καί
512 2877 546 2938 οἱ
560 2878 597 2939 ἐν
611 2881 687 2952 ταῖς
702 2878 821 2960 ἀρχαῖς
831 2873 937 2959 κύκλῳ
953 2871 1137 2953 καθίζοντο
1149 2877 1209 2938 ἐπί
1219 2873 1379 2957 βάθρων·

71 2989 104 3042 25
127 2980 165 3041 τό
189 2975 225 3041 δέ
250 2974 372 3041 λοιπόν
396 2975 533 3064 πλῆθος
547 2980 784 3065 ἐφεστήκεσαν.
821 2975 862 3062 ἦν
883 2979 946 3062 γάρ
970 2978 1154 3062 εὐρυχωρία
1178 2973 1286 3060 πολλη
1311 2976 1379 3057 πρό

124 3089 187 3143 τοῦ
213 3083 288 3142 νεώ.
338 3083 427 3142 πάνυ
458 3080 515 3143 οόν
544 3083 586 3145 όν
614 3101 667 3156 τις
694 3081 787 3166 ἥσθη
810 3089 852 3165 τῇ
875 3082 958 3162 όφει
982 3075 1176 3165 φιλόσοφος
1198 3079 1297 3164 ἀνήρ,
1326 3079 1380 3138 ότι

126 3185 275 3266 άπαντες
288 3179 376 3266 ἦσαν
390 3185 449 3246 τόν
464 3184 603 3266 ἀρχαῖον
618 3186 757 3266 τρόπον,
781 3183 828 3256 ὥς
844 3197 949 3267 φησιν
958 3173 1106 3267 Ὅμηρος
1120 3182 1200 3256 τούς
1207 3173 1380 3266 Ἕλληνας,

124 3291 294 3363 κομῶντες
314 3285 371 3347 καί
392 3285 434 3347 τά
457 3289 567 3367 γένεια
591 3286 786 3369 ἀφεικότες,
808 3284 858 3359 εἷς
881 3281 917 3346 δέ
941 3286 977 3347 ἐν
1000 3286 1116 3360 αὐτοῖς
1137 3287 1242 3363 μόνος
1264 3279 1380 3368 ἐξυρη-

124 3389 235 3466 μένος,
256 3387 313 3449 καί
335 3393 454 3448 τοῦτον
476 3382 670 3470 ἐλοιδόρουν
692 3405 728 3448 τε
749 3387 806 3447 καί
828 3386 967 3466 ἐμίσουν
991 3388 1147 3461 ἅπαντες.
1185 3382 1317 3468 ἐλέγετο
1341 3382 1379 3447 ἀί

5 3503 104 3558 nuso
128 3488 186 3549 οὐκ
208 3485 319 3564 άλλως
345 3494 446 3550 τοῦτο
468 3483 697 3572 ἐπιτηδεύειν,
725 3482 810 3548 ἀλλὰ
831 3484 1020 3550 κολακεύων
1037 3479 1221 3567 Ῥωμαίους
1241 3489 1298 3550 καί
1319 3489 1379 3572 την

126 3593 214 3673 πρός
237 3591 359 3666 αύτούς
382 3586 501 3675 φιλίαν
516 3586 804 3669 ἐπιδεικνύμενος·
829 3589 915 3653 ὥστε
931 3585 1018 3651 είάεν
1042 3589 1083 3650 ἀν
1098 3610 1151 3664 τις
1165 3580 1225 3652 ἐπ’
1250 3589 1378 3652 ἐκείνου

125 3695 164 3754 τό
180 3694 319 3775 αἰσχρόν
334 3699 396 3754 τοῦ
410 3693 609 3775 πράγματος
623 3692 680 3754 καί
696 3687 826 3774 οὐδαμῇ
842 3693 976 3773 πρέπον
992 3686 1164 3774 ἀνδράσιν.
1247 3692 1324 3754 ἐπεί
1340 3687 1376 3768 δέ
1391 3693 1433 3759 18

124 3795 246 3880 ησυχία
258 3795 399 3875 ἐγένετο,
415 3793 515 3857 είπον
530 3795 583 3857 δτι
599 3791 737 3856 δοκοῦσί
750 3813 810 3873 μοι
825 3790 942 3875 ὀρθῶς
957 3797 1081 3869 ποιεῖν,
1098 3789 1198 3856 πόλιν
1212 3795 1379 3868 οἰκοῦντες

817 3969 1124 3978 -μ--ς
1134 3971 1155 3976 --
1170 3971 1364 3978 ——-.—-—

213 4097 408 4168 ἀπαρακαλῦ
424 4093 499 4152 αεΤ
567 4091 633 4154 ἀεί’
644 4116 671 4153 τι
689 4099 740 4152 otc.
759 4097 824 4150 nunt
841 4090 925 4148 verbo
941 4089 1021 4147 Hom.
1038 4090 1071 4146 11.
1090 4095 1114 4148 Δ
1131 4095 1182 4148 361
1259 4096 1379 4150 ἐσκεπ-

124 4190 211 4240 ταῖον
227 4180 258 4237 M
346 4183 378 4235 12
400 4179 584 4238 σκοτιτῶνδδ
671 4185 702 4234 15
724 4175 810 4252 ἤρετο
829 4177 859 4232 Μ
947 4179 978 4232 16
1001 4177 1128 4248 φιλίκοοι
1146 4175 1177 4231 Μ
1266 4181 1309 4253 τῷ
1325 4193 1381 4235 om.

124 4268 201 4326 UBT
273 4271 304 4323 19
322 4261 369 4324 ίόν
385 4265 417 4325 τί
434 4265 527 4324 ποιΤ
613 4270 646 4322 10
664 4258 801 4324 ἀκούουσι
818 4262 873 4318 ΒΜ
959 4266 989 4318 ²1
1010 4253 1222 4332 σπουδάζοντες
1238 4261 1312 4319 UBT

125 4359 159 4410 25
177 4348 255 4424 πρὸς
270 4352 365 4412 τοῦΰ
434 4356 468 4409 16
486 4346 523 4411 ἀν
539 4366 590 4409 σαι
608 4350 639 4406 M
696 4355 727 4406 ιτ
746 4347 890 4424 ἤγυνρια
908 4339 981 4421 ἦσαν
998 4347 1027 4402 Μ
1079 4353 1139 4406 ιῦν
1156 4341 1329 4421 ἀρχαίωνΤ

124 4445 158 4496 20
177 4433 324 4512 ἀφηκόιες
341 4437 365 4495 U
381 4454 416 4494 m.
434 4454 476 4508 pr.
495 4435 557 4508 BT3
573 4433 746 4504 καθεικότες
763 4435 882 4493 cobetu·
956 4439 990 4490 ³0
1009 4427 1043 4494 ού
1060 4439 1156 4502 καλῶς
1173 4431 1204 4488 Μ
1289 4439 1383 4493 κωλα-

122 4517 218 4584 κιδειν
236 4525 258 4581 U
328 4531 360 4580 ³2
378 4521 413 4582 τό
432 4518 555 4598 αἰσχρὸν
570 4538 622 4579 om.
639 4523 689 4580 UT
758 4525 790 4578 ³³
809 4520 837 4580 οί
853 4519 939 4579 πόλιν
955 4519 1028 4577 UBT
