3452 5264
361 338 428 395 VIII
883 333 1104 390 PRAEFATIO.

362 510 544 579 vindicavit
565 509 735 594 imperium
758 516 791 575 et
811 528 895 593 pene
919 527 1045 574 omnem
1067 506 1221 573 mundum
1244 525 1322 574 suae
1351 505 1471 574 dicioni
1494 509 1625 592 subegit

363 613 534 695 omniaque
564 630 665 694 regna
691 610 891 695 perdomuit,
921 609 1003 676 adeo
1032 617 1068 675 ut
1096 615 1189 675 extra
1216 615 1326 675 nostro
1354 608 1432 676 orbe
1455 611 1487 676 in
1510 613 1625 676 oceani

364 717 435 782 sinu
458 713 616 798 repositas
639 714 761 780 insulas
784 721 971 796 occuparet,
996 719 1029 778 et
1048 730 1110 777 nec
1130 730 1248 778 nomen
1270 711 1487 777 Romanorum
1510 712 1625 778 auditu

363 817 418 900 qui
440 821 608 898 noverant,
631 835 688 882 eos
704 816 858 882 Romanis
881 815 1065 881 tributarios
1086 815 1216 895 iaceret,
1240 811 1364 880 Gothos
1379 819 1488 880 tamen
1510 815 1625 880 crebro

362 924 583 1003 pertemptans
605 917 751 1001 nequivit
774 917 930 983 subicere.
978 915 1079 983 Gaius
1101 915 1251 982 Tiberius
1282 916 1347 980 iam
1375 917 1487 982 tertius
1510 925 1626 999 regnat

364 1022 527 1088 Romanis.
573 1019 672 1086 Gothi
702 1026 811 1085 tamen
840 1039 898 1086 suo
925 1038 1025 1102 regno
1054 1019 1214 1085 incolume
1242 1025 1461 1102 perseverant.
1506 1019 1625 1102 quihus

363 1122 425 1190 hoc
447 1130 517 1190 erat
538 1121 678 1203 salubre,
702 1121 764 1188 hoc
787 1121 1044 1202 adcommodum,
1067 1119 1129 1186 hoc
1151 1121 1306 1202 votivum,
1329 1125 1364 1184 ut
1386 1119 1544 1203 quidquid
1567 1121 1624 1186 Di·

362 1226 472 1291 cineus
495 1244 605 1291 eorum
627 1225 830 1291 consiliarius
852 1224 1061 1308 precepisset,
1089 1221 1151 1288 hoo
1172 1222 1278 1289 modis
1301 1223 1448 1289 omnibus
1470 1229 1624 1306 expeten-

363 1327 449 1409 dum,
473 1325 534 1392 hoo
556 1327 635 1392 utile
657 1325 836 1393 iudicantes
860 1325 988 1391 effectui
1004 1325 1233 1409 manciparent
1277 1325 1332 1407 qni
1355 1343 1489 1391 cernens
1511 1343 1624 1391 eorum

363 1431 488 1496 animos
511 1428 572 1495 sibi
595 1428 629 1493 in
652 1427 799 1494 omnibus
822 1426 976 1493 oboedire
992 1432 1025 1493 et
1045 1427 1224 1493 naturalem
1240 1445 1296 1492 eos
1311 1424 1433 1492 habere
1447 1427 1624 1512 ingenium,

363 1551 491 1598 omnem
520 1549 603 1615 pene
632 1527 883 1614 phylosophiam
915 1548 971 1595 cos
999 1528 1159 1595 instruxit.
1204 1535 1273 1594 erat
1294 1547 1433 1612 namque
1459 1527 1553 1596 huius
1576 1532 1625 1596 rei

364 1635 518 1715 magister
538 1632 671 1717 peritus.
707 1652 782 1697 nam
806 1630 945 1699 ethicam
968 1651 1024 1698 eos
1047 1630 1199 1698 erudiens
1214 1630 1399 1697 barbaricos
1415 1650 1520 1697 mores
1539 1651 1625 1698 com·

363 1735 504 1816 pescuit3
534 1733 671 1816 lysicam
699 1732 830 1800 tradens
858 1735 1047 1799 naturaliter
1073 1733 1214 1817 propriis
1242 1733 1369 1816 legibus
1398 1734 1510 1800 vivere
1535 1734 1626 1814 fecit,

363 1831 456 1924 [quas
471 1856 572 1920 usque
584 1856 669 1903 nunc
684 1837 881 1920 conscriptas
897 1837 1063 1920 belagines
1078 1829 1291 1920 nuncupant];
1309 1835 1449 1918 logicam
1464 1835 1625 1902 instruens

362 1940 494 2006 rationis
517 1959 573 2006 eos
595 1957 692 2022 supra
707 1945 830 2006 ceteras
853 1945 965 2020 gentes
982 1939 1059 2005 lecit
1074 1944 1240 2022 expertos3
1263 1936 1428 2020 practicen
1450 1936 1626 2005 ostendens

363 2041 396 2105 in
412 2041 505 2108 bonis
521 2041 645 2108 actibus
661 2059 853 2107 conversare
868 2042 987 2124 suasit;
1009 2039 1207 2106 theoreticen
1223 2037 1445 2105 demonstrans
1461 2039 1625 2122 signorum

364 2142 544 2210 duodecem
572 2150 605 2209 et
631 2163 691 2227 per
720 2162 760 2209 ea
789 2144 991 2226 planetarum
1020 2162 1131 2208 cursus
1166 2159 1359 2224 omnemque
1396 2143 1626 2208 astronomiam

364 2246 575 2330 contemplari
599 2245 743 2330 edocuit,
766 2251 799 2311 et
822 2244 984 2330 quomodo
1007 2245 1128 2310 lunaris
1151 2245 1238 2310 orbis
1261 2248 1467 2326 augmentum
1489 2245 1628 2311 sustinet

363 2355 419 2414 aut
440 2349 561 2432 patitur
583 2348 825 2429 detrimentum,
850 2347 969 2428 edixit,
998 2348 1139 2429 solisque
1161 2345 1294 2430 globum
1316 2346 1448 2428 igneum
1470 2355 1627 2430 quantum

363 2459 489 2517 terreno
512 2450 589 2516 orbe
614 2451 646 2516 in
672 2469 822 2516 mensura
844 2449 999 2532 excedat,
1029 2448 1183 2530 ostendit,
1213 2456 1270 2514 aut
1298 2448 1415 2531 quibus
1442 2450 1627 2518 nominibus

362 2551 417 2618 vel
445 2551 561 2634 quibus
591 2551 691 2633 signis
720 2551 753 2616 in
782 2552 858 2635 polo
889 2552 972 2617 caeli
1001 2557 1155 2634 vergente
1184 2557 1216 2616 et
1244 2557 1435 2633 revergente
1463 2557 1627 2620 trecentae

364 2653 580 2736 quadraginta
601 2660 634 2719 et
655 2672 713 2719 sex
739 2652 854 2720 stellae
882 2654 924 2719 ab
946 2659 1016 2720 ortu
1040 2655 1072 2720 ln
1095 2673 1211 2721 occasu
1234 2654 1408 2737 precipites
1430 2662 1543 2740 ruant,
1569 2676 1627 2722 ex-

362 2756 480 2840 posuit.
531 2755 637 2838 qualis
660 2761 744 2837 erat,
767 2775 862 2839 rogo,
885 2758 1052 2841 voluptas,
1075 2764 1110 2822 ut
1132 2757 1192 2821 viri
1215 2756 1401 2838 fortissimi,
1431 2755 1560 2840 quando
1583 2759 1626 2822 ab

363 2859 462 2925 armis
492 2859 817 2942 quantulumcumque
844 2866 1032 2943 vacassent,
1062 2860 1216 2926 doctrinis
1241 2858 1477 2943 philosophicis
1504 2858 1627 2924 imbue·

364 2959 505 3027 bantur?
527 2959 650 3027 videris
672 2981 770 3028 unum
786 2963 869 3028 caeli
884 2963 1088 3046 positionem,
1111 2963 1211 3028 alium
1226 2960 1397 3026 herbarum
1413 2961 1627 3044 fruticumque

363 3063 535 3145 explorare
556 3069 696 3147 naturas,
719 3064 815 3131 istum
839 3063 935 3130 lunae
952 3065 1121 3130 commoda
1137 3063 1417 3147 incommodaque,
1441 3065 1532 3129 illum
1547 3063 1627 3130 solis

363 3165 490 3232 labores
512 3165 690 3232 adtendere
712 3174 746 3232 et
768 3167 931 3249 quomodo
962 3173 1066 3233 rotatu
1097 3167 1179 3232 caeli
1203 3173 1312 3249 raptos
1342 3173 1426 3232 retro
1449 3165 1560 3232 reduci
1582 3165 1627 3231 ad

363 3275 488 3350 partem
511 3266 695 3352 occiduam,
724 3270 780 3352 qui
802 3269 846 3336 ad
868 3270 1057 3336 orientalem
1078 3269 1210 3353 plagam
1233 3269 1280 3334 ire
1302 3269 1472 3350 festinant,
1501 3267 1627 3334 ratione

364 3376 499 3453 accepta
529 3369 706 3454 quiescere.
729 3404 772 3416 —
795 3370 877 3439 baec
906 3380 938 3439 et
966 3372 1032 3438 alia
1061 3372 1216 3437 nonnulla
1240 3370 1392 3436 Dicineus
1422 3369 1539 3437 Gothis
1567 3391 1628 3438 sua

362 3472 481 3556 peritia
496 3470 625 3539 tradens
640 3471 797 3540 mirabilis
813 3473 900 3558 apud
917 3493 973 3542 οοι
989 3474 1112 3556 enituit,
1136 3479 1170 3539 ut
1192 3492 1256 3539 non
1278 3473 1382 3539 solum
1397 3471 1628 3554 mediocribus,

363 3578 461 3643 immo
485 3583 517 3642 et
538 3577 669 3659 regibus
692 3577 873 3662 imperaret.
912 3577 1012 3662 clegit
1033 3595 1172 3660 namque
1195 3595 1238 3642 ex
1253 3577 1301 3642 eis
1317 3581 1392 3640 tunc
1406 3575 1627 3644 nobilissimos

363 3679 651 3764 prudentioresque
675 3680 773 3764 viros,
796 3700 878 3765 quos
900 3679 1098 3763 theologiam
1121 3679 1289 3760 instruens,
1311 3678 1445 3744 numina
1465 3677 1629 3761 quaedam

363 3790 396 3849 et
417 3782 539 3850 sacella
567 3801 723 3849 venerare
752 3783 853 3850 suasit
880 3783 1022 3865 fecitque
1044 3779 1247 3864 sacerdotes,
1276 3798 1394 3845 nomen
1423 3779 1488 3846 illis
1510 3781 1628 3863 pillea·

363 3893 466 3950 torum
491 3885 691 3968 contradens,
715 3891 750 3950 ut
763 3904 846 3967 reor,
869 3885 946 3967 qnia
962 3885 1082 3968 opertis
1098 3884 1258 3967 capitibus
1279 3882 1389 3966 tyaris,
1413 3901 1494 3965 quos
1509 3884 1630 3966 pilleus

363 3987 429 4053 alio
450 3987 580 4053 nomine
601 4006 834 4071 nuncupamus,
857 3986 1005 4051 litabant.
1042 3986 1200 4070 reliquam
1216 4005 1294 4052 vero
1310 3991 1439 4068 gentem
1454 3986 1629 4069 capillatos

363 4089 472 4155 dicere
501 4089 609 4173 iussit,
645 4083 742 4173 [quod
770 4109 887 4155 nomen
917 4087 1016 4155 Gothi
1046 4109 1105 4174 pro
1133 4109 1250 4173 magno
1278 4088 1490 4171 suscipientes
1518 4087 1630 4154 adhuc

364 4191 439 4258 odie
461 4191 527 4258 suis
550 4190 752 4257 cantionibus
780 4186 1006 4277 reminiscent]¹
1057 4191 1244 4259 Decedente
1274 4211 1353 4258 vero
1377 4190 1513 4257 Dicineo
1542 4211 1629 4275 pene

362 4295 436 4378 pari
457 4293 666 4361 veneratione
688 4291 870 4359 habuerunt
884 4293 1100 4379 (inmusicum,
1123 4296 1199 4380 quia
1220 4315 1281 4362 nec
1303 4295 1408 4378 impar
1422 4299 1492 4360 erat
1513 4294 1629 4361 soller-

363 4397 438 4461 tiae.
490 4394 543 4461 hic
573 4394 691 4461 etenim
721 4400 753 4460 et
780 4415 839 4462 rex
860 4396 927 4464 illis
950 4405 983 4464 et
1003 4398 1151 4481 pontifex
1174 4398 1215 4464 oh
1237 4418 1327 4464 suam
1354 4396 1504 4480 peritiam
1528 4395 1629 4463 habe·

364 4498 458 4565 batur
480 4505 512 4565 et
534 4500 566 4563 in
589 4516 715 4564 summa
737 4497 859 4565 iustitia
881 4502 1019 4584 populos
1041 4501 1216 4569 iudicabat
1268 4507 1301 4567 et
1329 4499 1392 4567 hoc
1414 4501 1509 4568 rebus
1532 4521 1631 4569 exee-
