3526 5264
352 347 415 407 186
806 350 931 410 Dloms
947 352 999 408 DE
1017 349 1155 408 HABITU

351 531 504 600 νοοῦσιν,
532 525 579 599 ὡς
600 534 897 610 καταφρονοῦντας
918 527 1028 590 αύτῶν
1049 529 1105 590 καί
1125 528 1458 608 καταγιγνώσκοντας
1480 523 1611 613 πολλήν

351 629 509 708 ἀμαθίαν
531 629 588 691 καί
611 623 800 706 δυστυχίαν,
821 630 878 691 καί
900 631 953 692 δτι
969 637 1125 714 φανερῶς
1144 632 1205 710 μὲν
1221 630 1259 690 ού
1274 625 1514 710 καταγελῶσιν,
1537 626 1612 712 ίδίρ

352 727 390 792 δὲ
420 720 507 813 παρ’
539 731 655 804 αὐτοῖς
677 731 784 806 ούιως
813 732 962 810 έχουσιν,
994 733 1040 807 ὡς
1067 735 1199 807 πάντας
1227 728 1373 806 ἀθλίους
1402 733 1502 806 ὄντας
1531 733 1612 805 τοῦς

352 830 597 910 ἀπαιδεύτους,
632 830 840 918 ἀρξαμένους
868 835 938 897 ἀπὸ
967 842 1034 897 τῶν
1063 832 1238 897 πλουσίων
1273 831 1311 919 δή
1346 835 1403 896 καί
1434 835 1610 917 μακαρίων

351 931 557 1013 δοκούντων,
587 937 645 1012 οῦς
668 936 765 998 αύτολ
787 931 925 1022 ζηλοῦσι
945 939 1001 1000 καί
1024 940 1164 1021 σμικρὸν
1187 935 1364 1022 διαφέρειν
1386 935 1519 998 οἴονται
1540 942 1608 997 τῶν
1630 948 1645 998 υ

352 1037 446 1099 θεῶν
469 1034 686 1117 εὐδαιμονίας
714 1040 838 1100 ἕνεκεν·
866 1040 924 1102 καί
949 1041 1003 1102 δτι
1025 1035 1227 1119 ἀτιμάζουσι
1248 1039 1306 1101 καί
1328 1035 1511 1119 διαγελῶσι
1532 1039 1612 1110 τούς

355 1136 550 1215 πολυτελῶς
571 1141 756 1216 ἐσθίοντάς
777 1161 814 1204 τε
835 1144 892 1204 καί
908 1143 1069 1218 πίνοντας
1083 1145 1140 1205 καί
1154 1138 1336 1205 καθεύδειν
1352 1138 1512 1220 μαλακῶς
1533 1140 1611 1222 βου-

354 1239 514 1321 λομένους
541 1244 598 1305 καί
625 1245 710 1324 μετά
737 1252 902 1326 γυναικῶν
930 1247 1090 1308 έκάστοτε
1118 1246 1253 1328 ῶραίων
1282 1245 1339 1307 καί
1367 1240 1503 1306 παίδων
1532 1243 1612 1304 ἀνα-

354 1346 533 1408 παύεσθαι
560 1347 617 1408 καί
646 1343 758 1409 πολλὰ
784 1349 938 1433 χρήματα
968 1348 1055 1426 ἔχειν
1082 1350 1139 1410 καί
1172 1341 1420 1427 θαυμάζεσθαι
1453 1347 1521 1408 ύπιί
1551 1352 1614 1407 τοῦ

354 1444 486 1510 πολλοῦ
505 1445 604 1528 ὄχλου
627 1450 683 1511 καί
706 1447 998 1530 περιβλέπεσθαι·
1021 1450 1068 1513 ῶν
1092 1447 1188 1512 οὐδὲν
1209 1454 1370 1535 ήγοῦνται
1391 1443 1506 1528 μεῖζον
1529 1445 1607 1510 ούδὲ
1633 1458 1659 1508 1ο

311 1547 330 1610 8
352 1544 497 1611 κάλλιον.
539 1547 596 1612 διά
620 1547 658 1636 δή
682 1553 806 1636 ταύτην
828 1553 887 1637 τήν
902 1553 1059 1636 ὑποψίαν
1075 1550 1332 1636 δυσχεραίνουσι
1347 1553 1427 1626 τούς
1441 1552 1485 1637 μή
1502 1551 1734 1615 ταύτάωοσεῑῐι

353 1651 458 1734 σφίσι
478 1647 720 1731 θαυμάζοντας
741 1650 826 1738 μηδὲ
849 1661 1018 1734 τιμῶντας
1039 1651 1124 1738 μηδὲ
1147 1657 1207 1740 τήν
1230 1654 1332 1739 αύτήν
1362 1654 1442 1735 περί
1464 1660 1531 1714 τῶν
1552 1673 1611 1732 με·

352 1753 478 1834 γίστων
501 1755 638 1832 ἔχοντας
661 1751 825 1818 διάνοιαν.
872 1757 988 1818 οὐκοῦν
1012 1753 1398 1840 προκαταλαμβάνουσιν
1420 1756 1519 1818 αύτοί
1541 1751 1611 1818 λοι·

353 1851 530 1938 δορσῦντες
551 1859 607 1919 καί
628 1852 858 1934 τωθάζοντες,
881 1859 928 1933 ὡς
950 1854 1096 1933 ἀθλίους
1117 1859 1174 1920 καί
1195 1858 1374 1942 ἀνοήτους,
1405 1854 1535 1933 είδότες
1557 1860 1611 1920 δτι

351 1959 382 2020 εί
404 1959 465 2037 μὲν
487 1961 628 2035 τούτους
656 1961 896 2047 ἀποφανοῦσιν
925 1963 1079 2047 ἄφρονας
1106 1963 1163 2024 καί
1190 1965 1431 2040 μαινομένους,
1460 1961 1530 2040 ἅμα
1551 1961 1609 2022 καί
1629 1967 1659 2019 1ο

352 2063 474 2136 αὐτούς
495 2059 720 2139 ἀποδείξουσι
744 2071 1004 2149 σωφρονοῦντας
1025 2066 1082 2127 καί
1103 2070 1181 2126 νοῦν
1202 2065 1356 2143 έχοντας·
1385 2064 1416 2126 εί
1437 2060 1476 2126 δὲ
1499 2082 1611 2146 παρα-

347 2165 576 2249 χωρήσουσιν,
607 2167 654 2240 ὡς
681 2169 810 2229 τούτων
833 2168 854 2228 ά
880 2169 941 2252 χρή
971 2168 1222 2249 γιγνωσκόντων
1249 2167 1307 2228 καί
1335 2161 1466 2227 πολλοῦ
1493 2162 1608 2243 ἀξίων,

349 2268 420 2346 ἅμα
442 2269 499 2330 καί
520 2269 643 2343 αύτούς
665 2265 912 2354 ὁμολογήσουσι
936 2266 1108 2348 δυστυχεῖς
1122 2270 1180 2330 καί
1193 2268 1427 2352 ἀναισθήτους
1440 2269 1498 2330 καί
1513 2265 1610 2333 οῦδὲν

310 2368 330 2431 9
352 2367 489 2445 είδύτας
503 2368 623 2445 ἁπλῶς
638 2369 685 2433 ὥν
708 2372 872 2457 προσήκει
895 2372 1104 2456 ἀνθρώπους
1118 2368 1320 2451 ἐλευθέρους
1335 2368 1471 2433 είδέναι
1558 2373 1610 2435 έτι
1623 2381 1714 2432 <mlo

351 2469 387 2534 δὲ
410 2473 469 2534 έάν
490 2477 552 2552 μέν
574 2494 650 2536 τινα
673 2471 793 2536 ίδωσιν
817 2475 864 2549 ὡς
879 2476 1001 2559 ναύτην
1016 2470 1230 2554 ἐσταλμένον,
1252 2472 1351 2536 ἴσασι
1371 2481 1491 2536 τοῦτον
1506 2471 1607 2536 πλευ·
1628 2481 1660 2532 ²⁰

353 2577 527 2654 σούμενον,
549 2575 611 2638 κάν
633 2577 680 2650 ὡς
702 2578 848 2660 γεωργὸν
870 2579 1001 2660 ἕτερον,
1023 2578 1275 2661 γεωργήσοντα·
1304 2578 1363 2638 τόν
1384 2596 1422 2658 γε
1442 2577 1508 2661 μήν
1532 2595 1610 2639 ποι·

351 2681 452 2754 μένος
474 2677 593 2756 έχοντα
617 2674 738 2765 στολήν
762 2676 859 2740 ίσασι
880 2681 937 2741 καί
958 2685 1078 2741 τοῦτον
1095 2682 1149 2741 δτι
1163 2681 1304 2741 ἄπεισιν
1318 2680 1379 2742 ἐπὶ
1393 2680 1436 2741 τά
1452 2680 1609 2764 πρόβατα

350 2779 408 2840 καί
430 2780 511 2862 περί
531 2781 642 2842 έκεῖνα
666 2777 858 2865 διατρίψει,
889 2783 976 2843 ὥστε
998 2772 1059 2844 ὑπ’
1092 2777 1228 2857 ούδενὸς
1252 2777 1459 2861 λυπούμενοι
1480 2783 1610 2843 τούτων

351 2881 454 2944 έῶσιν
477 2871 616 2956 αὐτούς·
645 2885 725 2945 ὅταν
748 2879 786 2946 δέ
807 2903 883 2945 τινα
907 2881 1008 2946 ἴδωσι
1030 2885 1069 2945 τὸ
1094 2891 1203 2969 σχῆμα
1225 2884 1343 2962 έχοντα
1365 2885 1489 2945 τὸτοῦ
1510 2880 1610 2969 φιλο-

352 2987 473 3070 σόφου,
498 2979 688 3067 λογίζονται
709 2990 763 3049 δτι
786 2985 884 3061 ούτος
907 2987 983 3050 ούτε
1005 2989 1093 3071 πρὸς
1114 2988 1153 3048 τὸ
1176 2984 1275 3049 πλεῖν
1292 2979 1408 3069 [ἐστιν]
1422 2986 1500 3048 ούτε
1519 2989 1607 3068 πρὸς
1628 2993 1660 3044 ²⁶

350 3090 515 3172 γεωργίαν
538 3089 614 3150 ούτε
636 3090 819 3173 προβάτων
841 3093 948 3153 ένεκεν
972 3091 1079 3165 οὕτως
1100 3086 1271 3166 ἔσταλται,
1294 3078 1370 3150 ἀλλ’
1396 3079 1455 3150 ἐπ’
1473 3089 1610 3170 ἀνθρώ-

352 3211 439 3266 πους
463 3192 751 3275 παρεσκεύασται,
781 3194 827 3267 ὡς
850 3194 1068 3278 νουθετήσων
1089 3212 1126 3254 τε
1147 3193 1204 3255 καί
1225 3188 1404 3274 ἐξελέγξων
1432 3191 1489 3254 καί
1512 3181 1609 3252 σιἰδέν

350 3314 386 3356 τι
407 3295 602 3357 θωπεύσων
625 3286 746 3358 οὐδένα
770 3284 879 3359 αὐτῶν
902 3287 979 3358 οὐδὲ
1003 3298 1207 3382 φεισόμενος
1229 3286 1383 3373 οὐδενός,
1413 3285 1608 3356 τούναντίον

352 3393 389 3459 δὲ
411 3394 565 3460 κολάσων
587 3399 635 3473 ὡς
657 3399 698 3460 ἀν
721 3395 861 3484 δύνηται
876 3391 998 3474 αὐτούς
1012 3395 1160 3479 μάλιστα
1176 3397 1224 3481 τῷ
1241 3396 1325 3481 λόγῳ
1349 3399 1406 3461 καί
1425 3390 1609 3472 ἐπιδείξων

442 3599 748 3671 λκαταφρονοῦαινΒ
816 3593 1088 3670 καταγινώσκοντας
1106 3596 1180 3652 UHB
1232 3600 1462 3669 λκαταγελῶαιν
1477 3594 1505 3650 Η
1521 3615 1608 3654 ιιιιτιι·

350 3689 454 3758 γελῶσι
472 3681 494 3738 Ρ
511 3687 694 3760 καταγελῷεν
712 3684 790 3740 UBM
860 3683 1040 3757 ῦμικρόνΰ
1093 3679 1212 3741 ῦὲνειια
1230 3681 1253 3734 Β
1270 3677 1367 3740 ἕνεκεν
1384 3695 1418 3736 ex
1434 3675 1559 3739 ἓνεκαΡ

351 3764 522 3841 ἀτιμάζουσι
538 3773 588 3827 καί
604 3773 755 3843 διαγελῶσι
772 3768 913 3830 animun
937 3763 1105 3838 ἀτιμάζοιεν
1125 3771 1174 3825 καί
1199 3771 1353 3842 ίιαγελῷεν
1376 3765 1438 3822 libn'
1540 3761 1609 3834 τοὺς

350 3857 457 3926 scripsi,
476 3855 516 3923 ῶς
526 3855 590 3911 libri
641 3860 656 3909 ’ί
675 3859 839 3922 πολυτελῶς
851 3885 882 3894 -
895 3874 928 3912 τε
942 3858 991 3912 καί
1008 3869 1061 3910 om.
1073 3853 1153 3909 PHM
1204 3853 1401 3925 βουλομένους
1411 3866 1464 3907 om.
1478 3848 1556 3905 UBH

352 3936 632 4013 Θάναπάβεαθαιί)
702 3944 830 3999 ῦπατοῦ
847 3944 910 4009 post
926 3938 984 3998 ύτιδ
1003 3943 1056 3997 τοῦ
1073 3937 1134 3994 εδδ.
1149 3938 1180 3993 Μ
1234 3943 1261 3993 Η
1283 3931 1373 3996 ταδτίι
1391 3939 1459 4009 φησί
1476 3936 1499 3991 Β
1517 3929 1607 3995 ταύτὰ

353 4028 434 4099 σφίσι
453 4030 501 4093 (aa
518 4029 547 4082 εί
564 4028 576 4081 ί
592 4041 610 4080 ε
629 4041 716 4092 eorm
733 4026 785 4081 hoc
804 4025 858 4080 fuit
875 4031 901 4098 η)
919 4023 941 4080 U
960 4017 1050 4082 ταύτὰ
1069 4025 1150 4096 φίοιν
1168 4025 1207 4088 (εί
1222 4021 1252 4077 in
1268 4022 1362 4086 litura)
1379 4023 1409 4077 Μ
1485 4027 1516 4076 15
1534 4015 1608 4079 αἰτο-

351 4115 494 4184 φανεῖσιν
506 4126 577 4167 corr.
592 4109 715 4179 ussmp„
727 4105 940 4184 ἀποφαίνουσιν
951 4108 1015 4165 libri
1063 4112 1091 4162 17
1105 4105 1309 4179 γινωσκόντων
1320 4105 1369 4159 ΗΡ
1415 4099 1513 4174 ἀξίους
1525 4105 1574 4163 ΠΒ

353 4203 385 4253 18
404 4190 547 4263 αύτούςΡ
614 4199 647 4250 20
665 4192 862 4266 πλευσόμενον
877 4210 913 4250 ει
930 4188 1182 4263 πλευσούμενονΡ
1251 4195 1283 4246 21
1302 4194 1351 4248 καί
1368 4206 1418 4260 pro
1434 4185 1491 4249 κάν
1508 4190 1556 4245 PE

354 4278 555 4340 ῦίῖσταοινΜ
605 4285 639 4336 23
652 4282 797 4353 διατρίψω
808 4281 878 4346 libri,
890 4278 1072 4335 oernnoiuke
1123 4279 1230 4334 τοῦτον
1241 4274 1290 4332 UB
1343 4279 1376 4330 21
1388 4269 1538 4332 αδτυῦῐίΒ

351 4368 387 4426 τὸ
404 4383 457 4423 om.
475 4367 525 4424 ΡΗ
594 4370 626 4421 25
644 4363 721 4440 πρὸς
737 4371 781 4441 τῷ
796 4370 880 4422 πλεῖν
897 4363 926 4418 H
1011 4361 1090 4420 ἐστιν
1107 4360 1215 4430 seduci,
1233 4363 1324 4429 potent
1340 4359 1450 4428 servari,
1467 4361 1492 4416 εἰ
1507 4357 1606 4418 ἐσταλ-

350 4453 438 4522 μένος
454 4453 592 4508 scribatur
642 4450 718 4522 πρὸς
735 4452 861 4529 γεωργίᾳ
877 4451 908 4506 Μ
965 4453 996 4504 2¹1
1015 4443 1290 4521 παρασκεύασταιΡ
1343 4463 1389 4504 ται
1407 4461 1457 4516 pro
1475 4466 1507 4505 τε
1524 4447 1554 4501 Μ

350 4535 476 4611 ἐλέγχων
493 4551 567 4608 (mg.
585 4557 630 4610 γρ.
649 4533 813 4609 ἐξελέγχων)
830 4535 857 4590 Η
