3520 5270
353 365 415 424 112
786 363 910 423 moms
928 364 979 424 lm
999 367 1156 425 flonssno

352 561 433 625 ρους
455 543 564 616 όντας,
587 541 672 624 ὑπὲρ
696 539 742 602 ὥν
765 543 784 603 ό
807 539 914 623 λόγος,
938 541 1023 606 ἀλλὰ
1047 545 1193 623 ἀτεχνῶς
1214 544 1375 628 καθάπερ
1400 543 1498 625 οἶμαι
1520 548 1610 630 πρὸς

351 644 500 727 κιθάραν
527 640 771 728 κηλουμένους,·
797 649 943 731 ηγοόμαι
973 645 1009 710 δέ
1038 649 1142 729 ἔγωγε
1172 642 1320 721 πολλοὺς
1348 647 1405 708 καί
1426 652 1494 709 τῶν
1521 649 1609 728 ἀμα-
1623 661 1740 714 (mm

351 745 527 828 θεστέρων
553 745 604 806 ἔτι
634 745 814 831 βαρβάρων
843 751 882 809 τό
903 768 941 830 γε
963 751 1070 830 όνομα
1093 751 1274 834 ἀκηκοέναι
1295 749 1333 810 τό
1353 739 1516 835 Ὁμήρου,
1545 752 1610 826 δ,τι

355 844 391 910 δὲ
426 844 539 932 δηλοῖ,
568 855 667 910 τοῦτο
695 845 741 934 μὴ
772 847 901 913 εἰδέναι
929 858 1067 938 σαφῶς,
1097 850 1165 914 εἴτε
1196 846 1281 934 ζῴον
1310 849 1379 914 εἴτε
1410 852 1518 935 φυτδν
1540 849 1609 914 εἴτε

353 956 492 1034 πρᾶγμα
515 953 638 1035 έτερον.
1633 965 1649 1014 5

312 1052 332 1116 9
442 1043 480 1116 οὗ
501 1048 567 1139 μὴν
589 1050 674 1116 άλλδ
696 1056 753 1118 καί
773 1058 832 1118 τδν
854 1055 930 1136 βίον
952 1058 1134 1119 ἐπαινέσαι
1156 1077 1209 1131 τις
1230 1056 1271 1118 δν
1293 1061 1356 1116 τοῦ
1376 1052 1499 1139 ἀνδρὸς
1521 1053 1610 1118 πολι)

353 1151 482 1235 μάλλον
503 1164 564 1242 τῆς
579 1158 761 1242 ποιήσεως.
798 1160 837 1220 τδ
859 1159 922 1243 γάρ
939 1160 975 1221 έν
998 1159 1100 1242 πενίη
1123 1156 1345 1239 διαγενέσθαι
1358 1159 1416 1219 καί
1437 1154 1610 1237 ἀλώμενον

352 1261 409 1321 καί
438 1267 601 1322 τοσοῦτον
629 1261 699 1322 ἀπό
721 1267 789 1323 τῶν
818 1263 1020 1346 ποιημάτων
1051 1256 1235 1347 πορίζοντα
1266 1262 1346 1322 ὅσον
1370 1253 1500 1344 ἀποζῆν
1522 1260 1610 1321 θαυ-

352 1370 484 1447 μαστῆς
505 1359 662 1446 ἀνδρείας
683 1365 740 1426 καί
765 1361 1083 1450 μεγαλοφροσύνης·
1113 1365 1165 1427 ἔτι
1194 1359 1231 1424 δὲ
1253 1365 1292 1424 τὸ
1314 1358 1475 1446 μηδαμοῦ
1493 1379 1610 1445 γεγρα-

354 1468 456 1548 φέναι
477 1466 516 1526 τό
539 1467 644 1527 αὑτοῦ
664 1466 780 1546 όνομα,
803 1463 888 1528 άλλδ
910 1463 996 1551 μηδέ
1018 1467 1054 1529 ίν
1068 1474 1111 1551 τῇ
1127 1467 1267 1551 ποιησει
1283 1465 1387 1526 αὐτοῦ
1399 1463 1606 1548 μνησθῆναι,
1630 1473 1659 1526 1⁰

353 1566 465 1628 καίτοι
477 1573 544 1629 τῶν
560 1563 671 1630 ἀλλων
686 1569 857 1647 ἁπάντων,
873 1570 1001 1631 ὁπόσοι
1011 1570 1087 1632 τινά
1100 1565 1221 1646 ἔδοξαν
1236 1567 1323 1646 ἔχειν
1342 1562 1514 1650 δδναμινῆ
1531 1567 1611 1650 περί

354 1668 536 1754 ποίησινῆ
562 1667 795 1755 καταλογάδην
819 1673 1077 1758 συγγράφοντες,
1099 1671 1156 1732 καί
1179 1676 1315 1754 πρῶτον
1336 1670 1394 1730 καί
1418 1665 1610 1731 τελευταῖον

353 1772 391 1832 τδ
415 1773 543 1833 ἑαυτῶν
566 1774 672 1852 όνομα
694 1777 904 1858 γραφόντων,
928 1770 1065 1837 πολλῶν
1089 1770 1125 1836 δέ
1146 1775 1203 1836 καί
1224 1774 1259 1835 έν
1275 1763 1393 1846 αὐτοῖς
1408 1775 1482 1846 τοῖς
1498 1767 1611 1852 λόγους

304 1871 344 1935 10
355 1892 392 1935 τε
412 1874 469 1936 καί
491 1876 698 1959 ποιήμασιν,
728 1877 844 1962 ὥσπερ
863 1868 1035 1952 Ἑκαταῖός
1061 1897 1099 1940 τε
1125 1878 1182 1939 καί
1199 1864 1382 1960 Ἡρόδοτος
1403 1875 1460 1936 καὶ
1485 1873 1611 1936 Θουκυ-

354 1972 460 2060 δίδης,
484 1973 583 2054 οὗτος
603 1981 665 2058 μίν
687 1971 768 2064 [οὖν]
793 1971 852 2059 οὐχ
867 1977 962 2058 ἅπαξ
975 1983 1079 2060 μόνον
1101 1981 1136 2042 έν
1159 1980 1244 2063 ἀρχῇ
1257 1985 1318 2063 τῆς
1335 1978 1497 2059 ἱστορίας,
1521 1973 1606 2039 ἀλλὰ
1630 1987 1658 2039 15

355 2074 520 2154 πολλάκις
543 2077 852 2166 διαμαρτυρόμενος
878 2073 964 2144 καθ’
996 2085 1136 2145 ἕκαστον
1166 2086 1316 2162 χειμῶνα
1344 2079 1401 2141 καί
1430 2077 1536 2162 θέρος
1558 2082 1612 2142 ότι

355 2190 460 2244 ταῦτα
484 2179 672 2268 ξυνέγραψε
696 2182 913 2270 Θουκυδίδης
952 2187 971 2247 δ
994 2183 1030 2248 δὲ
1054 2187 1162 2260 οὕτως
1183 2186 1250 2266 ἀρα
1273 2179 1470 2265 ἐλευθέριος
1491 2177 1532 2267 ἦν
1553 2184 1611 2245 καί
1626 2193 1718 2244 (⁶56¹)

358 2283 583 2372 μεγαλόφρων
600 2288 687 2350 ὥστε
704 2279 857 2368 οὐδαμοῦ
871 2289 1060 2374 φανήσεται
1082 2295 1142 2374 τῆς
1164 2288 1338 2372 ποιήσεως
1361 2285 1466 2346 αὑτοῦ
1486 2305 1610 2369 μεμνη-

356 2391 468 2467 μένος,
491 2385 576 2450 ἀλλά
598 2387 646 2472 τῷ
670 2391 744 2452 όντι
759 2391 875 2475 ὥσπερ
892 2390 926 2451 οἱ
941 2397 1119 2474 προφῆται
1141 2395 1208 2450 τῶν
1224 2389 1317 2450 θεῶν
1333 2383 1370 2464 έξ
1387 2387 1541 2473 ἀφανοῦς
1555 2388 1613 2449 καὶ

356 2485 480 2552 ἀδύτου
503 2491 617 2553 ποθὲν
641 2492 883 2576 φθεγγόμενος.
1635 2495 1667 2547 ²)

304 2586 341 2648 ll
441 2593 495 2654 δτι
517 2588 631 2654 δὲκαὶ
653 2589 810 2678 ὠφέλιμα
834 2596 945 2655 πάντα
968 2595 1025 2655 καί
1042 2594 1192 2678 χρήσιμα
1215 2592 1354 2675 ἔγραψε,
1377 2592 1419 2652 τά
1441 2592 1503 2670 μέν
1525 2587 1611 2652 ἀλλα

355 2693 387 2754 εί
409 2688 531 2769 διεξίοι
553 2714 621 2770 τις,
646 2691 734 2756 πολι)
756 2696 798 2758 άν
819 2696 916 2780 έργον
938 2694 1008 2780 εἴη,
1033 2698 1096 2758 όσα
1120 2695 1288 2779 πεποίηκε
1312 2695 1392 2778 περὶ
1414 2695 1535 2780 ἀρετῆς
1555 2695 1612 2755 καί

354 2795 491 2870 κακίας·
515 2798 594 2878 περί
616 2793 653 2858 δέ
675 2804 742 2860 τῶν
763 2795 934 2878 βασιλέων
955 2800 991 2861 ίν
1013 2793 1164 2882 βραχεῖ*
1187 2797 1281 2871 οίους
1310 2798 1396 2882 φησί
1419 2793 1489 2860 δεῖν
1512 2794 1609 2859 εἶναι.

356 2897 395 2961 δν
416 2899 479 2982 γδρ
502 2899 543 2961 ἀν
565 2900 691 2985 ἐπαινῇ
705 2907 772 2963 τῶν
786 2898 966 2982 βασιλέων,
988 2902 1050 2964 Διί
1063 2909 1164 2986 μῆτιν
1188 2893 1377 2961 ἀτάλαντόν
1395 2916 1500 2985 φησιν
1522 2897 1611 2962 εἶναι

353 3003 410 3066 καί
438 2999 640 3088 διοτρεφέας
669 3004 824 3079 ἅπαντας
852 3006 932 3079 τοὺς
960 3004 1114 3086 ἀγαθοὺς
1139 2999 1295 3084 βασιλεῖς
1321 3003 1378 3064 καί
1406 3004 1464 3064 τόν
1492 3003 1605 3078 Μίνω,
1629 3011 1662 3063 2⁵

354 3106 514 3190 μεγίστην
536 3105 596 3167 ίπί
617 3103 813 3192 δικαιοσύνη
830 3103 931 3184 δόξαν
947 3107 1065 3187 ἔχοντα
1088 3107 1183 3190 παρά
1199 3109 1273 3181 τοῖς
1280 3096 1426 3190 Ἕλλησι,
1450 3111 1512 3167 τοῦ
1525 3106 1612 3180 Διός

356 3203 518 3292 ὁμιλητήν
540 3227 576 3269 τε
597 3209 654 3269 καί
674 3204 834 3294 μαθητὴν
856 3207 946 3271 εἷναί
961 3225 1076 3294 φησιν,
1100 3211 1147 3284 ὡς
1162 3215 1300 3294 πρῶτον
1324 3202 1364 3293 δὴ
1379 3209 1436 3270 καί
1452 3213 1611 3289 μέγιστον

410 3518 583 3584 ΔἰάίλῚί
677 3523 747 3585 θτό
764 3547 798 3600 γε
817 3523 911 3599 ὄνομα
930 3527 1009 3584 UBM
1027 3523 1062 3586 τὸ
1080 3529 1134 3599 μὲν
1151 3525 1247 3597 ὄνομα
1266 3524 1315 3581 ΡΗ
1418 3521 1612 3594 τοῠίρσοτὸ)

356 3608 467 3689 ὅμηρον
481 3610 525 3674 Ρ,
602 3607 694 3670 ἰείτε
712 3617 831 3687 πρᾶγμα
849 3611 950 3689 ἕτερον
968 3611 1025 3674 εἴτε
1049 3609 1142 3686 φυτὸν
1166 3616 1229 3680 (hoe
1252 3612 1319 3678 ord.)
1340 3609 1418 3678 libri,
1440 3609 1611 3678 λσασεροεσίἰ

353 3700 434 3771 Εισρ.
453 3703 625 3763 dubitans
675 3703 752 3767 ὅτις
769 3695 806 3757 ἄν
822 3700 911 3769 Emp„
929 3721 1009 3767 τινας
1025 3701 1087 3756 libri
1169 3691 1409 3766 ἸάλλαίμενονΡ
1478 3696 1611 3762 έθαῦμα

353 3791 404 3858 τῆς
421 3786 470 3844 UB
546 3784 740 3861 9ἆυόρίαςΒ
826 3783 988 3885 γεγράφθαι
978 3785 1085 3842 ιίἰΒίἰ
1101 3782 1301 3857 γεγραφένεΡ
1383 3785 1415 3834 10
1434 3771 1523 3836 αὐτοῦ
1539 3776 1611 3840 libri,

354 3886 425 3926 corr.
443 3872 523 3976 Ετρρ.
641 3878 711 3951 μηδὲ
697 3867 814 3943 ὲὲντῇ
831 3864 919 3928 αὐτοῦ
936 3867 1048 3971 παυὶρει
1037 3871 1229 3940 ιμνηαθῆναι
1251 3865 1313 3921 libri
1330 3861 1431 3932 (αὑτοῦ
1448 3862 1494 3929 Ρ)
1520 3865 1610 3914 mm·

355 3956 438 4026 posui
456 3953 545 4018 αἰετοῦ
562 3967 626 4032 pont
644 3961 768 4038 ποιήσει·
762 3956 918 4012 f02rtuse
936 3948 1021 4013 ἐν’
984 3959 1057 4028 αυτῇ
1074 3957 1110 4026 τῇ
1128 3948 1240 4026 ποιήσει
1231 3945 1349 4009 ιαῦτοιί
1364 3968 1413 4019 μν.
1468 3950 1500 4002 12
1517 3948 1610 4003 τελευ-

356 4043 466 4101 τὲονλί
521 4050 551 4101 1³
570 4045 675 4109 ἑαυτὸν
692 4050 715 4105 Ρ
732 4068 767 4108 m
785 4058 828 4122 pr..
885 4036 1107 4113 ξυγγραψάντων
1123 4038 1194 4104 libri,
1212 4053 1282 4092 corr.
1296 4036 1385 4101 Dina„
1403 4029 1612 4107 ἐγγραφόντων

357 4129 438 4199 Emp.
507 4126 918 4239 ,τὲαυωῑςρωέγαυτψςλί
1007 4131 1036 4181 1⁵
1055 4144 1107 4182 ουν
1124 4123 1337 4193 οσσλίισρτ
1356 4120 1404 4175 ΗΡ
1487 4123 1515 4174 17
1535 4119 1612 4176 συνέ

354 4233 452 4288 γραιγε
469 4217 549 4272 ΡΗΜ
619 4241 705 4288 ουτος
721 4221 777 4277 ΗΜ
844 4209 948 4292 ἐλευθέ
949 4230 1011 4284 ριος
1028 4208 1159 4274 Ηεηίεἰσ,
1175 4203 1329 4280 ἐλεύθερος
1346 4206 1409 4262 libri
1473 4209 1505 4261 18
1523 4197 1613 4262 αὐτοῦ

353 4299 416 4355 libri
432 4306 543 4371 praeter
560 4303 583 4358 P
599 4321 676 4361 ισ..ε
765 4311 797 4362 19
814 4297 918 4370 ωσπερ
936 4299 1000 4350 ante
1016 4293 1049 4362 ἐξ
1064 4297 1191 4394 repetunt
1207 4292 1287 4349 UBM
1369 4296 1402 4347 2²
1420 4289 1485 4350 ἐπεί
1501 4307 1551 4362 pro
1570 4287 1613 4362 εἴη

354 4383 385 4438 Μ
401 4383 613 4462 έπῂηΒέτιὴιη
626 4390 696 4447 Um
710 4407 752 4461 pr
770 4396 851 4459 (corr
864 4371 974 4449 merae
986 4403 1003 4453 η
1016 4379 1247 4452 ρσίοιίεσρετεετ.
1261 4397 1300 4448 τις
1317 4393 1385 4446 σείς
1403 4373 1492 4452 ἔργον
1509 4374 1561 4450 είη)
1735 4371 1736 4381 ’

353 4473 387 4523 23
403 4469 437 4528 ἐν
453 4478 560 4546 βραχεῖ
575 4473 636 4549 ἐρῶ
651 4475 752 4532 nme
837 4482 881 4537 oei
897 4479 935 4536 [J
943 4482 979 4522 m.
996 4483 1037 4538 pr.
1056 4466 1086 4521 M
1103 4480 1207 4521 τουπ.
1294 4467 1327 4519 εἰ
1344 4462 1402 4537 γάρ
1419 4461 1533 4522 ἐπαινεῖ
1549 4469 1613 4530 (om.

354 4549 399 4621 ἅλ’)
417 4555 466 4612 ΡΗ
483 4557 542 4632 γάρ
560 4555 598 4619 εἰν
614 4559 725 4620 ἐπαινεῖ
741 4562 772 4617 Μ
840 4569 874 4620 25
891 4553 987 4660 WQ
1005 4553 1034 4608 Μ
1103 4555 1134 4606 ²7
1154 4569 1241 4623 φασιν
1259 4549 1289 4604 Μ
1734 4571 1735 4574 ’
