3452 5264
357 343 377 401 4
754 337 879 400 moins
896 339 1219 399 BORYSTHENITIOA

355 522 412 583 καί
434 516 546 598 άλλως
568 522 628 601 μέν
651 519 802 583 είόνθασι
824 515 941 600 λέγειν,
963 518 1018 581 ἀεί
1046 515 1082 582 δέ
1113 519 1243 580 ὁπόταν
1265 513 1417 597 μέλλωσι
1437 517 1619 597 μάχεσθαι

358 615 658 706 [παρακελεύονται
678 625 753 696 ταῖς
774 621 885 682 αὐτῶν
908 621 1025 706 ὥσπερ
1053 620 1096 682 τά
1121 620 1289 705 Τυρταίου
1319 621 1355 682 έν
1377 616 1619 699 Λακεδαίμονι
1636 629 1697 684 (σε

358 717 511 808 έλέγετολ
556 725 625 788 είσί
653 719 689 786 δέ
713 723 838 798 πάντες
868 719 962 785 οὖτοι
984 718 1109 808 τυφλοῖ
1128 723 1186 786 καὶ
1208 721 1266 802 οὐχ
1287 725 1446 805 ηγοῖνται
1472 718 1619 785 δυνατὸν

310 830 345 891 11
361 824 449 888 εἶναι
475 822 587 901 άλλως
615 825 691 888 τινά
720 827 865 912 ποιητὴν
893 825 1088 906 γενέσθαι.’
1120 827 1229 886 Τοῦτο
1250 827 1328 905 μέν,
1357 825 1460 910 έφην,
1489 819 1618 886 ἀπολε-

359 924 520 990 λαάκασιν
541 921 589 1011 [oi
610 927 753 1012 ποιηταί
774 919 896 1010 αὐτῶν]
919 914 1146 1010 ἀπδὉμηρου
1163 927 1279 1010 ὥσπερ
1302 925 1373 996 ἀπὸ
1397 921 1612 1012 ὀφθαλμίας.
1638 936 1653 984 ε

358 1031 416 1092 τόν
440 1026 475 1090 δὲ
500 1026 700 1115 Φωκυλίδην
729 1031 825 1109 ὑμεῖς
846 1030 907 1109 μίν
931 1029 990 1091 οόκ
1011 1027 1217 1109 ἐπίστασθε,
1239 1030 1287 1104 ὡς
1310 1025 1434 1111 λέγεις·
1464 1029 1553 1089 πάνυ
1579 1024 1616 1088 δὲ

359 1129 427 1193 τῶν
448 1127 593 1210 ἐνδόξων
608 1136 722 1215 γέγονε
738 1137 901 1216 ποιητῶν.
941 1131 1058 1214 ὥσπερ
1074 1129 1132 1194 οδν
1146 1127 1288 1194 έπειδάν
1303 1151 1357 1206 τις
1371 1137 1439 1192 τῶν
1455 1131 1618 1211 ἐμπόρων

358 1229 577 1319 καταπλεύσῃ
593 1236 681 1318 πρδς
696 1235 780 1314 ὑμᾶς
798 1234 837 1295 οδ
852 1235 1019 1318 πρότερον
1032 1227 1166 1319 <παρα>
1177 1234 1333 1316 γεγονώς,
1350 1233 1409 1294 οδκ
1423 1231 1528 1306 εόδδς
1543 1234 1617 1316 ητι-

359 1335 492 1415 μάσατε
515 1336 633 1414 αὐτόν,
656 1333 741 1398 ἀλλὰ
766 1338 932 1419 πρότερον
954 1337 1155 1417 γευσάμενοι
1175 1333 1370 1413 τοέοῖνου,
1391 1335 1453 1397 κάν
1475 1330 1558 1396 ἀλλο
1582 1353 1616 1394 τι

361 1436 504 1521 φορτίον
531 1437 612 1522 άγη,
641 1435 761 1521 δεῖγμα
783 1434 958 1520 λαβόντες,
987 1437 1047 1500 έάν
1067 1440 1129 1519 μέν
1151 1439 1256 1522 ἀρέσῃ
1278 1438 1379 1518 ὑμεῖς,
1401 1435 1559 1512 ὠνεῖσθε,
1584 1435 1616 1498 εί
1640 1446 1667 1497 11

359 1534 398 1600 δέ
421 1539 478 1623 μη,
501 1540 594 1604 έάτε·
618 1540 735 1616 οὕτως,
759 1539 855 1625 έφην,
876 1539 934 1603 καί
952 1547 1011 1625 τῆς
1025 1547 1088 1603 τοῖ
1102 1535 1301 1603 Φωκυλίδου
1316 1540 1491 1625 ποιήσεως
1505 1539 1621 1615 ἔξεστί

363 1655 420 1702 σοι
444 1637 558 1722 λαβεῖν
582 1637 701 1723 δεῖγμα
722 1642 759 1703 έν
780 1641 908 1725 βραχεῖ.
950 1643 1008 1704 καί
1028 1643 1091 1725 γάρ
1115 1643 1208 1705 έστιν
1231 1642 1270 1704 οὐ
1298 1647 1367 1704 τῶν
1387 1643 1518 1725 μακράν
1540 1661 1619 1702 τινα

314 1746 353 1808 12
363 1744 421 1805 καί
444 1751 560 1830 συνεχῆ
586 1744 728 1828 ποίησιν
750 1745 920 1828 εἰρόντων,
944 1745 1060 1828 ὥσπερ
1074 1744 1096 1806 ό
1110 1745 1271 1828 ὑμέτερος
1283 1744 1367 1824 μίαν
1381 1741 1459 1830 έξῆς
1476 1738 1617 1820 διέξεισι

365 1847 474 1930 μάχην
496 1847 531 1908 έν
553 1841 752 1932 πλείοσινῆ
776 1843 1066 1926 πεντακισχιλίοις
1088 1847 1224 1923 ἔπεσιν,
1253 1841 1338 1907 ἀλλά
1366 1845 1452 1909 κατδ
1479 1841 1539 1908 δύο
1560 1847 1621 1908 καὶ

360 1947 440 2032 ’τρία
468 1948 533 2032 έπη
564 1945 654 2030 αὐτῷ
682 1949 739 2010 καί
766 1948 869 2034 ἀρχὴν
891 1952 911 2033 ν)
933 1948 1076 2032 ποίησις
1096 1948 1153 2009 καί
1167 1951 1283 2032 Ιπέρας
1304 1945 1479 2029 λαμβάνει.
1524 1949 1613 2010 ὥστε
1637 1955 1664 2008 1⁵

362 2050 419 2113 καί
442 2050 657 2136 προστίθησι
671 2051 710 2112 τά
726 2053 832 2131 όνομα
849 2051 954 2112 αδτοά
965 2043 1053 2112 καθ’
1077 2051 1218 2112 έκαστον
1234 2046 1413 2135 διανόημα,
1437 2053 1495 2112 άτε
1511 2066 1619 2112 σπου-

362 2147 461 2214 δαῖον
489 2153 546 2215 καί
574 2149 706 2215 πολλοῦ
726 2149 823 2231 ἀξιον
844 2154 1044 2236 ἡγούμενος,
1075 2151 1133 2230 οδχ
1160 2152 1276 2236 ὥσπερ
1292 2144 1440 2237 Ὅμηρος
1469 2148 1622 2232 οὐδαμοῦ

315 2254 353 2319 13
366 2261 426 2340 τῆς
448 2255 622 2339 ποιήσεως
637 2256 812 2336 ὠνόμασεν
828 2256 938 2317 αὐτόν.
974 2254 994 2339 ἢ
1013 2254 1057 2315 σά
1075 2249 1171 2318 δοκεῖ
1181 2269 1239 2317 σοι
1255 2255 1394 2330 εἰκότως
1409 2253 1620 2340 προσθεῖναι

369 2351 568 2440 Φωκυλίδης
589 2363 631 2442 τῇ
653 2359 792 2442 τυιαάτη
815 2359 929 2440 γνώμη
951 2357 1007 2418 καί
1028 2356 1218 2441 ἀποφάσει,

490 2458 548 2519 καί
568 2454 647 2520 τόδε
670 2455 885 2521 Φωκυλίδου·
909 2455 1011 2534 πόλις
1033 2459 1068 2520 έν
1092 2455 1246 2540 σκοπέλῳ
1268 2458 1353 2520 κατδ
1375 2460 1502 2540 κόσμον
1642 2469 1706 2523 vitm

362 2569 365 2576 '
493 2561 628 2622 οίκεῖσα
653 2560 773 2644 σμικρὴ
797 2563 948 2642 κρέσσων
970 2561 1077 2622 Νίνου
1099 2561 1342 2646 ἀφραινούσης.
1634 2571 1707 2626 (μιν

365 2651 441 2722 ἀλλ’
467 2661 505 2723 οὐ
528 2664 616 2745 πρὸς
637 2657 717 2746 ὅλην
735 2649 861 2724 Ἰλιάδα
882 2662 940 2725 καί
956 2651 1154 2724 Ὀδύσσειαν
1175 2669 1281 2724 ταῦτα
1303 2663 1345 2724 τά
1361 2664 1427 2748 έπη
1451 2662 1524 2726 έστί
1545 2667 1620 2738 τοῖς

364 2764 409 2848 μὴ
433 2767 612 2845 παρέργως
633 2763 880 2846 ἀκροωμένοις,·
900 2765 920 2850 ἢ
942 2759 1071 2844 μᾶλλον
1093 2765 1171 2845 ὑμῖν
1194 2765 1329 2828 ἀκούειν
1352 2769 1514 2850 συνέφερε
1539 2765 1620 2845 περί

365 2869 433 2926 τῶν
453 2871 515 2926 τοῦ
532 2856 712 2945 Ἀχιλλέως
734 2861 915 2951 πηδήσεών
936 2885 973 2928 τε
994 2867 1051 2928 καί
1066 2867 1236 2950 όροόσεων
1256 2869 1314 2931 καὶ
1334 2875 1395 2954 τῆς
1418 2873 1544 2953 φωνῆς,
1567 2869 1619 2928 δτι

365 2969 468 3046 μόνον
502 2963 738 3051 φθεγξάμενος
765 2969 886 3051 ἔτρεπε
912 2969 993 3043 τούς
1023 2971 1158 3051 Τρῶας,
1194 2977 1300 3032 ταῦτα
1333 2966 1461 3049 μᾶλλον
1489 2965 1621 3054 ὠφελεῖ
1638 2979 1665 3030 11

366 3069 453 3149 ἀμάς
475 3069 751 3148 ἐκμανθάνοντας
771 3071 791 3156 ἢ
816 3071 934 3148 έκεῖνο,
961 3073 1014 3133 ότι
1036 3074 1055 3153 ἠ
1080 3071 1202 3154 σμικρά
1226 3068 1328 3147 πόλις
1350 3073 1385 3134 έν
1407 3075 1528 3156 τραχεῖ
1546 3087 1621 3132 σκο-

366 3167 459 3252 πέλῳ
481 3174 615 3254 κειμένη
637 3171 798 3254 κρείττων
820 3174 894 3236 ἐστί
913 3173 971 3235 καί
993 3172 1210 3256 εὐτυχεστέρα
1224 3175 1310 3236 κατά
1331 3175 1459 3255 κόσμον
1482 3174 1621 3237 οἰκοῦσα

365 3273 385 3357 ἢ
408 3269 535 3357 μεγάλη
558 3273 594 3336 έν
617 3269 694 3356 λείῳ
717 3275 775 3336 καί
796 3270 926 3338 πλατεῖ
942 3271 1062 3356 πεδίῳ,
1085 3275 1210 3360 έάνπερ
1229 3275 1387 3355 ἀκόσμως
1407 3277 1465 3339 καί
1487 3275 1623 3354 ἀνόμως

316 3375 435 3442 14ὑπδ
459 3374 656 3457 ἀνθρώπων
678 3376 838 3462 ἀφρόνων
861 3377 1011 3462 οίκηται,·
1031 3378 1089 3440 καί
1111 3377 1149 3452 ὃς
1171 3378 1210 3439 σά
1224 3373 1316 3458 μάλα
1330 3374 1439 3462 ηδέως
1453 3372 1622 3453 ἀποδεξά-

365 3495 482 3557 μενος,
501 3457 539 3537 Ὦ
561 3473 642 3554 ξένε,
666 3475 779 3553 εἶπεν,
802 3481 856 3541 ὅτι
877 3482 974 3563 ἡμεῖς
997 3495 1037 3542 σε
1059 3479 1243 3562 ἀγαπῶμεν
1264 3480 1322 3543 καί
1345 3476 1479 3566 σφόδρα
1503 3475 1618 3541 αίδοά-
1639 3491 1668 3540 ευ

364 3579 477 3658 μεθα·
501 3578 548 3653 ὡς
570 3575 681 3654 ἄλλως
702 3599 739 3662 γε
762 3576 872 3656 οὐδείς
894 3581 935 3642 άν
958 3585 1115 3666 ἠνέσχετο
1131 3582 1394 3666 Βορυσθενιτῶν
1416 3573 1623 3666 είςὍμηρον

452 3747 468 3798 1
487 3733 588 3817 ὥσπερ
600 3773 630 3784 -
644 3741 787 3818 δέλέγετο
801 3745 917 3802 secludit
930 3745 1008 3815 Emp.
1028 3742 1274 3818 παρακελεύονται
1289 3776 1317 3786 -
1332 3743 1446 3820 ἐλέγετο
1461 3745 1579 3804 Οοδεῑαε

365 3834 382 3885 έ
400 3825 564 3888 ἄλλοντινὰ
578 3829 602 3884 Τ
656 3835 672 3884 5
691 3829 720 3888 σί
733 3861 764 3871 -
778 3825 875 3889 αὐτῶν
891 3829 962 3886 delet
973 3829 1127 3898 Jacobnim,
1145 3831 1180 3888 ci.
1193 3831 1230 3888 ad
1240 3835 1334 3902 p.³,32
1388 3825 1589 3904 σ’φάαλμιᾶςΰ

363 3914 608 3988 ἀφωκνλλίδηνΤ
653 3912 831 3974 ἐπίστασθαι
842 3915 898 3972 UM
943 3912 1154 3988 8καταπλεόσρ
1166 3920 1225 3974 τῶν
1235 3913 1375 3992 ἐμπόρων
1386 3919 1448 3985 (hoc
1459 3917 1528 3984 ord.)
1540 3915 1589 3974 UT

366 3995 577 4074 παραγεγονώς
593 3999 674 4071 Mmp.
691 4000 764 4068 dub„
781 4000 909 4074 γεγονώς
925 4001 987 4057 libri
1058 4007 1087 4057 11
1107 4005 1286 4071 φωκυλλίόου
1304 4003 1327 4058 Τ
1391 4008 1421 4061 12
1438 4002 1472 4062 έν
1488 4010 1582 4078 βραχυ
1598 4022 1626 4070 ν,

365 4080 499 4159 ἔμβραχυ
515 4085 594 4156 Emp.
647 4090 679 4142 16
697 4079 786 4144 αὑτοῦ
799 4085 879 4156 Emp.
931 4083 969 4144 ἄν
985 4105 1017 4145 τε
1034 4103 1085 4157 pro
1101 4077 1154 4146 δότε
1165 4087 1204 4144 M.
1217 4103 1254 4143 m.
1265 4104 1307 4159 pr.
1361 4091 1393 4144 18
1411 4083 1502 4147 αὐτόν
1519 4089 1573 4146 MT

367 4175 400 4224 11
421 4169 538 4227 οἰκεῦσα
560 4165 646 4245 μικρῆ
664 4171 743 4227 BMT
761 4171 887 4230 οἰκεῖσαι
909 4169 996 4246 μικρὴ
1014 4171 1053 4242 U,
1075 4187 1146 4230 corr.
1168 4173 1234 4229 editi
1353 4175 1540 4248 κρείσσωνΒ

369 4249 561 4328 11ἤ1ιάάαΤ
631 4261 664 4312 15
682 4252 832 4330 έπρεπεΤ
892 4257 1114 4329 ιῃῑεποςεάοοίε
1132 4258 1238 4328 signum
1253 4264 1317 4329 post
1338 4263 1440 4333 Τρῶας
1456 4261 1556 4318 sustuli

368 4347 401 4398 16
418 4335 493 4410 υμᾶς
509 4341 533 4396 Τ
550 4336 625 4414 ἡμᾶς
642 4341 720 4398 UBM
797 4339 897 4412 πόλεις
914 4345 944 4400 M
1011 4351 1118 4420 βραχεῖ
1134 4345 1207 4402 UBT
1259 4349 1292 4402 18
1310 4342 1430 4405 πλάττει
1447 4345 1477 4400 M
1535 4349 1566 4401 11
1587 4342 1629 4414 ὡς

364 4441 413 4483 om
429 4425 503 4483 UBT
572 4423 666 4495 ἄλλως
681 4449 715 4501 γε
732 4429 865 4496 (innui,
884 4427 972 4500 ἄλλος
988 4451 1022 4504 γε
1040 4431 1101 4489 libri
1167 4435 1409 4506 βωρυσθενειτῶν
1426 4432 1456 4487 M
1477 4438 1631 4507 βωρυσάε-

369 4515 456 4569 νικῶν
472 4510 496 4567 U
514 4527 548 4567 m.
566 4528 608 4583 pr.
