3452 5264
343 343 385 406 82
718 342 840 400 motus
858 343 909 401 ΔΙ)
927 341 1238 400 ΜῦθΜΕθῙΕΝΒΕδ.

318 517 493 595 9πολλοῖς
514 516 680 599 ἐνοχλοῦν.
725 518 863 599 εὑγομαι
887 514 923 580 δέ
945 523 1019 594 τοῖς
1039 518 1140 594 θεοῖς
1161 525 1248 580 πάσι
1269 521 1325 582 καὶ
1339 525 1413 595 τοῖς
1427 522 1605 605 ὑμετέροις

344 624 400 685 καί
426 626 499 696 τοῖς
527 622 679 698 ἐκείνων,
706 623 738 683 εί
766 627 871 683 ταῦτα
895 621 1009 704 εὑνοίηι
1030 627 1072 704 τή
1095 622 1182 703 πρός
1203 618 1329 700 μόνους
1351 623 1435 702 ὑμᾶς
1457 625 1521 705 ἐγὼ
1544 631 1603 688 νῦν

345 719 429 806 λέγω
451 725 507 786 καί
528 719 697 808 μηδεμίαν
719 723 846 787 οἰκείαν
868 722 1070 808 θηρώμενος
1085 719 1186 799 δόξαν
1208 723 1228 807 ή
1253 719 1462 787 λυσιτέλειαν
1484 727 1520 788 ἐκ
1542 735 1603 812 τῆς

342 822 552 911 καταλλαγῆς
574 834 633 912 τῆς
655 826 827 910 ὑμετέρας,
849 824 907 888 καί
928 825 996 907 πρό
1020 826 1157 887 πάντων
1179 825 1211 887 εί
1231 821 1349 905 μέλλει
1371 822 1602 914 λυσιτελήσειν

341 935 384 1013 τή
401 924 511 1005 πόλει,
527 925 645 991 δοῦναι
658 930 720 1008 μὲν
735 929 812 1007 ἐμοὶ
825 929 904 1001 τοὺς
919 923 1036 1004 ἀξίους
1052 934 1115 989 τοῦ
1128 929 1327 1011 πράγματος
1341 931 1453 992 εἰπεῖν
1468 926 1597 1014 λόγους,
1622 943 1639 992 ο

343 1035 532 1114 παρασχεῖν
554 1027 590 1092 δὲ
613 1033 698 1110 ὑμᾶς
720 1031 796 1110 ἐμοὶ
819 1030 1009 1117 πεισθήναι
1031 1030 1073 1091 τό
1097 1034 1312 1116 συμφέροντα
1334 1027 1569 1112 βουλομένους.

295 1136 334 1198 10
445 1135 605 1213 δμόνοιαν
644 1134 756 1195 τοίνυν
796 1134 922 1207 πάντες
960 1134 1023 1211 μὲν
1060 1129 1229 1216 ἐπῄνεσαν
1266 1134 1319 1196 ἀεί
1353 1135 1410 1196 καὶ
1449 1131 1601 1216 λέγοντες
1616 1129 1718 1232 iffi}

342 1238 398 1299 καί
433 1237 639 1321 γράφοντες,
674 1235 732 1296 καί
767 1235 875 1314 μεστά
912 1240 980 1296 τῶν
1016 1234 1189 1316 ἐγκωμίων
1227 1235 1329 1321 αὑτής
1362 1238 1437 1299 ἐστι
1468 1239 1525 1300 καῖ
1557 1238 1599 1300 τά

343 1338 519 1423 ποιήματα
551 1338 608 1400 καί
639 1337 681 1399 τά
714 1344 782 1400 τῶν
817 1333 1020 1423 φιλοσόφων
1054 1338 1312 1420 συγγράμματα,
1345 1339 1404 1402 καί
1431 1342 1508 1402 όσοι
1537 1340 1600 1415 τάς

343 1439 497 1522 ίστορίας
517 1435 678 1516 ἐξέδοσαν
700 1441 760 1502 ἐπί
782 1434 1033 1523 παραδείγματι
1056 1439 1165 1502 αὑτῶν
1187 1446 1255 1501 τῶν
1276 1440 1382 1522 ἐργων
1408 1438 1594 1520 ἀπέδειξαν
1622 1452 1650 1504 λο

344 1541 445 1626 αὑτήν
467 1543 626 1622 μέγιστον
648 1540 753 1603 οὑσαν
775 1547 841 1602 τῶν
864 1539 1094 1621 ἀνθρωπείων
1116 1541 1268 1623 ἀγαθῶν,
1290 1542 1348 1604 καί
1377 1539 1501 1605 πολλοί
1522 1541 1599 1606 τολ-

341 1644 510 1728 μήσαντες
531 1639 595 1727 ήδη
618 1649 685 1704 τῶν
708 1649 883 1727 σοφιστῶν
907 1638 1123 1724 παραδόξους
1144 1643 1256 1706 εἰπεῖν
1272 1640 1390 1726 λόγους
1403 1647 1508 1725 μόνον
1523 1653 1596 1707 τοῦ·

343 1764 401 1807 τον
424 1745 482 1806 οὑκ
503 1744 744 1829 ἐπενοήθησαν
766 1740 955 1826 ἐξενεγκεῖν,
979 1746 1026 1820 ὡς
1049 1745 1087 1806 οὑ
1102 1742 1204 1807 καλόν
1225 1749 1245 1831 ή
1263 1747 1405 1827 ὁμόνοια
1420 1748 1476 1810 καί
1492 1748 1600 1832 οωτή·

343 1850 416 1929 ριόν
440 1848 548 1910 ἐστιν·
571 1851 645 1922 τοῖς
666 1867 703 1909 τε
719 1855 776 1909 νῦν
790 1843 1010 1929 βουλομένοις
1026 1847 1128 1934 αὑτήν
1143 1843 1361 1930 ἐγκωμιάζειν
1376 1842 1443 1932 [καί
1457 1853 1530 1924 τοῖς
1545 1849 1600 1911 ἀεὶ

342 1958 442 2013 τοῦτο
465 1942 590 2033 ποιεῖν]
610 1949 770 2035 ἀφθονος
790 1952 810 2034 ή
834 1955 902 2012 τῶν
924 1945 1031 2032 λόγων
1060 1946 1138 2035 ὑλη,
1166 1952 1224 2013 καὶ
1245 1951 1299 2013 ἀεί
1326 1952 1383 2014 καί
1410 1947 1518 2014 πλείω
1540 1953 1599 2014 καλ
1622 1962 1652 2013 λε

296 2059 331 2118 11
344 2053 484 2137 κρείττω
502 2054 581 2136 περὶ
596 2052 698 2137 αὑτῆς
720 2048 856 2129 ἐξέσται
878 2048 993 2134 λέγειν.
1038 2050 1105 2116 εἴτε
1127 2053 1190 2136 γάρ
1212 2054 1299 2136 ὑπὲρ
1321 2057 1483 2136 γενέσεως
1498 2053 1601 2139 αὐτῆς

344 2152 641 2241 πολυπραγμονεῖν
663 2152 783 2218 ἐθέλοι
802 2176 865 2232 τις,
882 2157 1006 2240 ἀνάγκη
1022 2158 1082 2242 τήν
1098 2157 1200 2242 ἀρχήν
1217 2148 1320 2241 αι’τής
1343 2159 1525 2239 ἐπανάγειν
1541 2158 1600 2220 ἐπὶ

342 2258 385 2320 τά
408 2262 550 2340 μέγιστα
572 2265 640 2320 τῶν
661 2258 771 2321 θείων
793 2260 1011 2340 πραγμάτων.
1061 2262 1081 2344 ή
1110 2259 1173 2341 γάρ
1204 2259 1285 2344 αὑτή
1315 2259 1371 2321 καί
1402 2255 1501 2345 φιλία
1527 2261 1602 2322 ἐστὶ

343 2362 400 2423 καὶ
421 2357 609 2444 καταλλαγὴ
634 2362 691 2422 καὶ
714 2365 904 2443 συγγένεια,
930 2362 1114 2423 καὶταῦτα
1136 2363 1248 2422 πάντα
1272 2357 1501 2447 περιείληφεν.
1545 2362 1602 2423 καί

344 2463 386 2525 τδ
411 2467 560 2541 στοιχεῖα
584 2458 619 2524 δέ
642 2463 677 2524 τί
698 2459 780 2524 άλλο
802 2463 822 2547 ή
846 2464 989 2543 όμόνοια
1011 2466 1096 2534 ένοῐ;
1117 2463 1174 2525 καλ
1196 2454 1244 2526 δι’
1270 2460 1313 2525 οὑ
1326 2457 1469 2546 σφ’ζεται
1484 2464 1597 2524 πάντα
1620 2474 1651 2524 κο

346 2564 388 2626 τά
410 2568 563 2646 μέγιστα,
586 2565 686 2625 τοῦτό
708 2564 793 2640 ἐστι,
815 2566 872 2627 καὶ
894 2555 944 2626 δι’
970 2562 1012 2626 οὑ
1032 2567 1144 2626 πάντα
1167 2561 1367 2642 ἀπόλλυται,
1394 2565 1599 2628 τούναντίον.

346 2669 377 2730 εί
397 2667 458 2746 μέν
482 2665 540 2728 οὑν
561 2661 607 2750 μή
629 2666 758 2751 θνητόν
779 2662 862 2751 ήμεν
885 2667 920 2728 οί
941 2666 1128 2748 ἅνθρωποι
1155 2670 1251 2749 γένος
1278 2659 1361 2752 μηδ’
1387 2664 1457 2731 ἐδει
1486 2663 1598 2730 πολλά
1613 2679 1718 2732 (mi

347 2766 499 2831 εἶναιτὰ
523 2768 713 2854 φθείροντα
735 2771 834 2854 ήμάς,
858 2769 916 2830 οὑκ
938 2769 979 2831 ἀν
1001 2764 1041 2854 ήν
1064 2765 1141 2831 οὑδὲ
1163 2771 1199 2832 ἐν
1225 2775 1299 2845 τοῖς
1321 2770 1559 2854 ἀνθρωπίνοις
1580 2773 1599 2854 ή

349 2872 479 2948 στάσις,
502 2871 619 2952 ὥσπερ
642 2866 719 2934 οὑδὲ
742 2871 777 2931 ἐν
799 2875 872 2945 τοῖς
886 2871 1002 2946 θείοις
1016 2871 1154 2932 ἔνεστιν.
1192 2860 1220 2952 ᾦ
1243 2866 1279 2933 δέ
1301 2874 1392 2952 μόνφ
1416 2879 1475 2956 τῆς
1490 2868 1601 2934 εὐδαι-

346 2972 468 3062 μονίας
489 2969 758 3052 ἀπολειπόμεθα
780 2981 840 3058 τῆς
861 2973 964 3049 θείας
984 2975 1114 3060 καὶτῆς
1130 2974 1314 3060 ἀφθάρτου
1331 2970 1493 3060 διαμονῆς
1515 2974 1598 3036 ἐκεί·
1621 2983 1651 3035 λλ

348 3095 425 3152 νων,
447 3077 548 3136 τοῦτό
563 3077 666 3151 ἐστιν,
688 3077 741 3138 ότι
757 3070 803 3160 μὴ
820 3078 946 3151 πάντες
963 3077 1124 3157 όμονοίας
1139 3076 1394 3157 αἰσθανόμεθα,
1418 3065 1494 3138 ἀλλ’
1516 3077 1603 3138 εέολν

350 3177 384 3238 οί
410 3178 467 3240 καὶ
494 3172 554 3262 τήν
584 3177 739 3240 ἐναντίαν
767 3177 851 3262 αὑτῇ
882 3175 1077 3263 φιλοῦντες,
1107 3175 1167 3264 τὴν
1197 3181 1332 3256 στάσιν,
1365 3179 1405 3265 ής
1432 3183 1516 3264 μέρη
1546 3182 1604 3242 καί

349 3280 592 3364 ὑπουργήματα
616 3276 763 3358 πόλεμοι
783 3281 841 3342 καὶ
861 3282 983 3360 μάχαι,
1012 3282 1068 3343 καί
1095 3288 1200 3343 ταῦτα
1224 3284 1355 3358 ἐντοῖς
1379 3278 1500 3367 δήμοις
1522 3282 1601 3343 ἀνα-

302 3382 339 3446 12
353 3386 535 3466 στρέφεται
551 3384 695 3458 καὶτοῖς
710 3383 858 3460 έθνεσιν,
883 3384 999 3465 ὥσπερ
1021 3385 1057 3445 ἐν
1079 3387 1152 3460 τοῖς
1176 3385 1330 3464 σώμασιν
1351 3386 1389 3447 αί
1405 3388 1510 3446 νόσοι.
1546 3385 1601 3445 καὶ

348 3485 409 3568 γάρ
432 3479 492 3570 τήν
513 3485 627 3567 ὑγείαν
648 3487 872 3565 ἐπιστάμενοι
884 3489 1043 3568 μέγιστον
1060 3485 1163 3548 οὑσαν
1184 3493 1252 3548 τῶν
1274 3486 1505 3568 ἀνθρωπίνων
1520 3486 1600 3566 ἀγα·
1622 3496 1653 3548 ³0

348 3588 425 3649 θῶν
453 3589 544 3667 όμως
572 3587 657 3673 αὐτῇ
683 3584 847 3664 πολλάκις
875 3589 972 3651 αὑτοὶ
998 3580 1084 3651 καθ’
1116 3585 1225 3651 αὑτιῖν
1253 3586 1535 3671 ἐπιβουλεύομεν,
1567 3589 1603 3648 οἱ

435 3839 451 3890 3
470 3835 566 3892 οἰκίαν
582 3835 612 3888 Μ
665 3838 680 3890 3
696 3830 829 3906 μελλήσει
846 3839 1002 3894 λυσιτελεῖν
1018 3834 1089 3906 iibri,
1107 3850 1177 3891 corr.
1194 3833 1274 3904 Emp.
1326 3839 1343 3890 6
1360 3835 1558 3895 πεισθετναιΰ

350 3920 437 3990 Ιλμέν
454 3937 506 3976 om.
524 3921 553 3976 M
570 3937 604 3975 m.
623 3935 665 3990 pr.
732 3923 815 3978 ἐκαὶ
830 3919 904 3990 μετά
922 3921 997 3979 UBT
1048 3918 1235 3994 ἐγκομέωνδέ
1289 3925 1320 3976 10
1331 3921 1434 3978 malim:
1453 3919 1500 3978 ἐπὶ
1512 3939 1606 3991 παρα-

349 4009 495 4079 δείγμασιν
566 4012 595 4061 11
615 3998 794 4080 ἀνθρακέων
811 4005 865 4064 UM
938 4010 968 4062 ¹2
986 4011 1075 4065 τοῦτο
1095 4005 1143 4062 ΠΤ
1202 4011 1233 4062 1³
1251 4001 1450 4079 ἐπενοήθησαν
1468 4020 1525 4060 εει.
1544 4005 1564 4060 l.
1582 4023 1600 4059 v

350 4085 631 4163 ἀπενοήθησανλίοεί
688 4087 742 4149 οὑκ
758 4087 892 4150 imvm
947 4096 979 4146 14
996 4088 1219 4164 ἐγκσμιάζεινλό
1269 4095 1363 4150 καί-
1377 4095 1408 4145 1⁵
1426 4097 1522 4148 ποιεῖν
1538 4090 1604 4144 secl.

349 4177 415 4232 wil.
520 4180 549 4229 1⁷
570 4169 656 4247 αὑτῆς
676 4175 786 4244 scripsi,
812 4169 901 4248 αὑτήν
923 4175 985 4232 libri
1082 4181 1114 4232 18
1134 4167 1204 4250 αὑτη
1221 4175 1251 4230 Μ
1351 4181 1381 4232 19
1399 4173 1494 4235 πάντα
1511 4178 1605 4232 ταῦτα

349 4262 414 4326 (hoc
430 4259 498 4326 ord.)
517 4260 546 4315 M
633 4263 796 4334 περιείληφε
814 4259 863 4317 UT
948 4265 980 4317 2⁰
998 4257 1016 4334 ἢ
1035 4259 1177 4333 ὁμόνοιαν
1195 4258 1266 4320 είναι
1283 4267 1333 4321 καὶ
1350 4261 1424 4329 iibri,
1442 4257 1460 4334 ἢ
1479 4255 1604 4332 ὑμόνοια

350 4343 426 4416 ἐνοῖ,·
442 4349 491 4402 καὶ
502 4345 591 4415 lima,
603 4341 622 4418 ἢ
634 4340 758 4416 ὑμόνοια
771 4350 876 4417 συνδεῖς
894 4349 944 4404 καί
955 4346 1025 4402 idom
1086 4352 1119 4403 λλ
1131 4349 1200 4421 μηδὲ
1211 4352 1255 4406 δεῖ
1267 4347 1298 4402 Μ
1358 4351 1391 4402 2³
1405 4340 1469 4407 οὐδ’
1485 4345 1552 4406 ἐνΒ

350 4426 519 4505 ἀνθρώποις
536 4430 559 4485 Τ
578 4436 688 4501 (comp.)
774 4435 807 4487 24
824 4437 907 4498 θεοῖς
923 4432 993 4501 libri,
1011 4449 1081 4490 οοπ.
1100 4435 1179 4505 Emp.
1260 4437 1291 4488 2⁵
1310 4427 1538 4504 ἀπολειπόμεθα
1556 4431 1606 4489 BU

349 4531 386 4572 m.
403 4530 445 4586 pr.
463 4508 675 4585 ἀπολιποίμεθα
692 4516 722 4571 Μ
808 4521 841 4573 26
859 4517 900 4584 εἰς
915 4533 965 4588 pro
983 4507 1016 4591 ἧς
1049 4518 1081 4574 Μ
1166 4523 1198 4574 29
1216 4513 1325 4576 ἔνεστιν
1340 4534 1392 4588 pro
1410 4514 1525 4577 ἔθνεσιν
1542 4516 1572 4573 Μ
