3526 5264
649 343 787 401 ORATIO
805 345 930 402 Lxxln.
1358 349 1419 410 189

170 509 393 582 δουλεύουσαι.
437 518 495 579 κοιλ
515 520 611 602 ημῶν
633 520 773 594 ἕκαστος
795 523 855 606 τὴν
875 524 937 600 μέν
961 519 1082 606 στολὴν
1112 524 1181 602 ἔχει
1202 525 1264 609 τὴν
1286 526 1420 609 Σωκρά-

168 635 242 691 τους
269 619 325 680 καί
345 619 544 699 Διογένους,
575 622 614 681 τύ
647 617 683 682 di
713 627 851 706 φρονεῖν
880 620 1013 686 πολλοῦ
1041 621 1159 703 δέομεν
1187 627 1303 705 ύμοιοι
1332 624 1420 688 εἶναι

170 721 239 792 τοῖς
254 715 416 800 ἀνδράσιν
431 721 573 796 ἐκείνοις
589 723 607 807 ἡ
626 717 683 808 ζην
699 725 827 804 ύμοίως
842 727 992 811 αύτοῑςῆ
1009 722 1127 807 λόγους
1148 730 1324 801 τοιούτους
1347 725 1419 790 ύια-

56 815 336 901 (αευιιιλίγεσθαι.
380 825 556 907 τοιγάρτοι
578 822 675 888 ούύὲν
698 822 780 888 άλλο
803 828 822 911 ἢ
849 825 1055 908 βλεπόμενοι
1086 830 1202 911 ὥσπερ
1226 829 1262 890 αί
1283 826 1421 911 γλαῦκες

136 919 263 1000 ούχλον
292 921 399 987 πολύν
427 922 610 1008 ξυνάγομεν
638 926 688 1010 τῷ
710 929 782 991 ύντι
804 931 945 1013 ὀρνέων,
975 931 1073 992 αὐτοί
1099 951 1135 993 τε
1165 932 1258 1005 ὄντες
1285 928 1421 1014 ἠλίθιοι

167 1026 221 1087 καί
241 1019 304 1111 ὑφ’
330 1031 453 1112 ἐτέρων
475 1032 640 1093 τοιούτων
661 1027 904 1112 ἐνοχλούμενοι.

504 1553 577 1633 (56)
609 1549 763 1638 ΠΕΡΙ
792 1551 1079 1638 ΠΙΣΤΕΩΣ

242 1822 325 1926 Ἀρά
348 1863 384 1925 με
407 1845 446 1905 τύ
470 1847 701 1909 πιστεύεσθαι
722 1852 796 1922 τοῖς
819 1851 1078 1927 πιστευομένοις
1106 1847 1239 1928 ἀγαθόν
1266 1845 1419 1908 ἐστικαὶ
1444 1848 1458 1910 1

161 1952 319 2009 τοιοῦτον
342 1945 415 2008 οίον
437 1949 476 2009 τύ
500 1943 659 2010 πλουτεῖν
680 1950 737 2011 καί
758 1951 797 2011 τὸ
822 1950 982 2030 ὑγιαίνειν
1003 1950 1060 2011 καί
1088 1951 1126 2010 τά
1153 1949 1326 2028 τιμᾶσθαι
1347 1953 1421 2022 τοῖς

162 2053 370 2129 τιμωμένοις
397 2050 454 2112 καλ
479 2051 669 2132 ύγιαίνουσι
698 2051 756 2113 καλ
777 2048 999 2127 πλουτούσιν,
1029 2051 1144 2125 αύτοῖς
1176 2052 1317 2126 ἐκείνοις
1344 2050 1420 2112 τινά

116 2157 142 2207 1⁰
163 2154 271 2236 φέρον
293 2147 462 2236 ὠφέλειαν
468 2174 481 2228 ,·
504 2149 587 2235 λέγω
611 2149 648 2216 di
672 2151 745 2214 οίον
767 2151 873 2228 εἴτις
896 2149 1044 2236 ύημοσίᾳ
1066 2155 1160 2231 τύχοι
1176 2153 1420 2230 πιστευόμενος

161 2254 232 2314 ύπύ
261 2261 320 2339 τῆς
348 2256 453 2316 αύτού
483 2251 616 2330 πόλεως
644 2255 663 2340 ἢ
695 2259 812 2339 ἐτέρας
842 2255 1003 2338 στρατιάν
1037 2241 1058 2338 ἢ
1085 2255 1240 2338 χρηματα
1269 2240 1289 2337 ἢ
1319 2253 1421 2337 τείχη,

161 2355 325 2440 καθάπερ
353 2353 416 2442 ηύη
446 2353 570 2421 πολλοὶ
591 2358 633 2419 τά
663 2365 803 2420 τοιαῦτα
827 2358 1085 2442 ἐπετράπησαν,
1117 2357 1151 2418 οὶ
1180 2353 1216 2418 di
1238 2357 1295 2419 καί
1318 2347 1423 2429 αύτὰς

162 2459 227 2533 τὰς
249 2455 368 2534 πόλεις
389 2460 474 2539 μετά
497 2458 632 2523 παίδων
653 2462 711 2523 καί
732 2466 896 2542 γυναικῶν
917 2461 1050 2546 εἰρήνης
1071 2480 1108 2522 τε
1131 2459 1234 2544 ούσης
1248 2460 1304 2521 καί
1320 2453 1422 2520 πολέ-

161 2581 230 2642 μου
252 2558 502 2643 καταλαβόντος
523 2564 642 2640 ἐνίοτε,
664 2564 720 2626 καί
741 2565 779 2649 νὴ
801 2564 870 2625 Δία
891 2561 927 2625 εἴ
946 2583 999 2638 τις
1020 2553 1084 2625 ὑπ’
1113 2559 1235 2647 άνύρύς
1251 2557 1420 2642 βασιλέως
1441 2562 1462 2624 2

115 2665 184 2749 1ιῆ
209 2666 370 2748 τυράννου
386 2667 585 2727 πιστεύοιτο
605 2667 744 2748 χρυσίον
766 2667 961 2751 ἢάργύριον
982 2667 1002 2750 ἢ
1026 2673 1106 2741 ναῦς
1127 2666 1147 2750 ἢ
1170 2662 1260 2728 ύπλα
1280 2664 1300 2748 ἢ
1324 2664 1421 2746 ἀκρύ-

162 2763 267 2829 πολιν
295 2755 315 2852 ἢ
346 2764 528 2847 ξύμπασαν
556 2769 616 2853 τήν
644 2769 763 2853 ἀρχὴν,
799 2770 914 2852 ὥσπερ
944 2770 1122 2852 Λεπτίνης
1149 2770 1211 2847 μέν
1242 2766 1334 2850 παρά
1363 2771 1424 2826 τού

163 2864 318 2953 ἀδελφοῦ
339 2866 504 2946 πολλάκις
526 2872 743 2954 Συρακούσας
765 2867 953 2954 παρέλαβε,
989 2867 1153 2946 Φίλιστος
1182 2867 1217 2932 ύέ
1246 2867 1340 2952 παρά
1363 2873 1425 2929 τού

161 2973 327 3054 νεωτέρω
349 2973 551 3050 Διονυσίου,
584 2975 688 3054 μάγοι
711 2969 747 3034 ύὲ
770 2973 864 3056 παρά
887 2973 1073 3053 Καμβύσου
1096 2973 1138 3034 τά
1159 2973 1303 3055 Περσῶν
1324 2969 1422 3051 βασί-

165 3068 257 3150 λεια,
280 3075 335 3136 ύτε
358 3076 407 3149 είς
429 3073 611 3156 Αἴγυπτον
633 3076 863 3158 ἐστρατεύετο,
887 3075 981 3159 παρά
1006 3072 1041 3137 ύέ
1064 3076 1212 3159 Δαρείου
1237 3073 1423 3156 Μιθράνης

112 3179 144 3230 ²⁰
167 3177 228 3260 τὴν
250 3173 407 3260 Σάρύεων
430 3173 626 3260 ἀκρόπολιν,
649 3177 823 3260 Περσαῖος
846 3174 881 3239 ύέ
905 3177 999 3261 παρά
1017 3168 1209 3259 Ἀντιγόνου
1231 3177 1290 3237 τὸν
1308 3165 1422 3258 Ἀκρο-

34 3269 107 3368 ,ηλξῗ
116 3267 152 3370 1¹}ss
164 3279 345 3361 κύρινθον,
375 3275 463 3339 πολύ
488 3275 523 3340 ύὲ
546 3281 675 3341 τούτων
702 3281 868 3364 πρότερον
888 3271 1023 3364 Ἀτρεύς
1046 3270 1131 3363 παρ’
1156 3279 1362 3361 Εὐρυσθέως
1383 3278 1421 3338 τὸ

158 3370 296 3463 Ἄργος,
325 3383 380 3442 ύτε
403 3381 599 3462 Εὐρυσθεύς
621 3370 679 3442 ἐπ’
702 3372 853 3466 Ἀθήνας
876 3383 1112 3466 ἐστρατεύετο,
1143 3381 1202 3442 ούκ
1222 3376 1423 3442 ἐκύούύντων

161 3469 359 3566 Ἀθηναίων
381 3485 459 3558 τούς
478 3473 678 3567 Ἡρακλέους
701 3481 849 3558 παῖδας·
879 3483 898 3544 ύ
927 3481 962 3544 ύέ
992 3485 1066 3559 υίὸς
1096 3483 1201 3544 αύτού
1221 3482 1240 3543 ύ
1259 3473 1422 3563 Ἀγαμέμ-

167 3605 250 3663 νων,
278 3585 375 3669 ήνίκα
397 3586 458 3648 ἐπί
482 3586 608 3666 Τροίαν
630 3582 747 3662 ἔπλει,
778 3584 929 3667 μουσικῷ
961 3583 1057 3670 άνύρλ
1085 3586 1265 3647 ἐπίστευσε
1287 3585 1346 3670 τὴν
1369 3603 1423 3663 yv-

101 3689 145 3740 ·21
166 3689 265 3747 ναῖκα
293 3688 431 3772 κοίτην
459 3689 568 3749 οἰκίαν
590 3721 632 3730 -
653 3689 794 3763 τούτους
822 3689 977 3762 ἅπαντας
1006 3694 1123 3772 φῶμεν
1152 3689 1232 3762 τούς
1262 3701 1420 3747 πιστευο-
1443 3687 1462 3746 3

252 3924 262 3972 1
284 3913 459 3976 παλεύουοαι
476 3933 526 3987 pro
543 3919 727 3977 δουλεύουσαι
747 3919 911 3975 Hei-werden
929 3935 963 3974 ex
980 3921 1063 3976 Arist.
1082 3921 1132 3975 Δυ.
1153 3923 1227 3975 1083.
1247 3922 1278 3974 Si
1371 3923 1424 3976 τοῦ

164 4019 214 4072 pro
232 3998 350 4076 τὴνΗΡ
429 4007 505 4060 2τῶ
523 4005 600 4062 aiii
669 3995 1127 4076 ύμοιονΒ,1υ[λι11υ.ιοοπ.
1211 4002 1381 4075 λαλΕιυρ..
1399 4006 1426 4062 εί

165 4087 227 4142 libri
297 4083 439 4146 ύνιολλὺν
456 4089 484 4142 Μ
568 4095 597 4144 11
619 4083 708 4148 αὐτοῦ
725 4091 796 4158 libri,
814 4105 883 4147 corr.
902 4091 981 4160 imp.
1072 4084 1212 4164 στρατιάν
1229 4091 1319 4160 Emp„
1336 4109 1422 4160 στρα-

165 4175 247 4231 τείαν
263 4173 325 4230 libri
395 4179 427 4229 14
444 4169 496 4232 ὑπ’
514 4175 603 4245 Eum..
621 4169 676 4233 ἐπ’
693 4176 757 4232 iibri
829 4182 857 4230 15
877 4175 1007 4235 πιστεύοι
1024 4174 1100 4234 τὸΡ
1164 4179 1194 4229 16
1211 4175 1342 4244 Leptinen
1360 4175 1423 4230 Dio·

165 4257 237 4328 nysii
253 4258 363 4314 maioris
379 4257 465 4314 irater
540 4264 570 4313 11
590 4257 791 4334 ουρακούοσας
808 4262 864 4317 ΒΜ
881 4253 1021 4336 συρακούι
1033 4279 1101 4327 ισας
1117 4265 1190 4326 (cum
1207 4271 1311 4322 mura)
1331 4260 1353 4315 U

166 4347 198 4397 18
212 4347 265 4400 τοῦ
275 4339 426 4417 καμβύοου
436 4343 463 4399 Η
519 4348 549 4398 19
562 4343 710 4402 Μίύιτευεε
722 4348 799 4403 audit
811 4347 931 4403 Diodoro
943 4353 972 4404 et
983 4347 1086 4412 Curtio,
1104 4345 1247 4402 Mithrines
1257 4346 1371 4402 Arriano

163 4423 373 4501 μηθροὶνηςῦΒ
444 4433 477 4483 20
495 4427 619 4501 περσεύς
636 4430 666 4488 δὲ
684 4430 746 4485 libri
763 4439 870 4500 praeter
887 4430 917 4486 Μ
985 4427 1056 4504 παρ’
1077 4432 1108 4487 Μ
1175 4434 1205 4486 21
1226 4424 1422 4503 εύρνσθέοςλλ

164 4527 199 4566 m.
217 4512 300 4582 pr.B
369 4516 402 4567 22
420 4505 592 4586 εύρυούέους
608 4513 638 4568 Μ
720 4517 752 4568 23
772 4509 862 4573 αύτού
879 4531 931 4572 om.
950 4516 976 4571 11
993 4534 1028 4573 ια.
1047 4533 1088 4587 pr.
1175 4515 1356 4576 21ἐπίστευε
1375 4517 1423 4570 ΒΗ
