3476 5264
756 355 880 414 motus
897 355 949 412 DE
967 353 1082 412 (1111110

538 715 611 801 (75)
640 713 795 800 ΠΕΡΙ
824 709 945 795 ΤΟΥ
974 709 1312 798 ΔΑΙΜΟΝΟΣ.

255 981 269 1042 1
383 975 477 1036 Φασὶ
497 975 577 1049 τούς
600 970 815 1060 φιλοσόφους
839 970 946 1056 λέγειν
969 974 1016 1048 ὡς
1038 973 1104 1057 ἀρα
1134 962 1304 1052 εὐδαίμων
1334 969 1387 1057 εἴη
1410 974 1516 1052 μόνος
1539 972 1561 1033 ά

295 1080 413 1163 σοφός.
438 1109 480 1122 -
501 1078 542 1140 A.
559 1079 715 1158 Λέγουσι
736 1079 809 1160 γάρ.
833 1057 961 1161 -Ἅρ’
988 1075 1045 1138 οδν
1068 1072 1182 1162 ἀληθη·
1200 1089 1257 1137 σοι
1272 1071 1411 1137 δοκοῦσι
1428 1071 1655 1156 mmmmm

293 1211 335 1223 -
357 1169 551 1260 Δ.”Εμοιγε.
574 1209 616 1222 -
636 1179 679 1240 Τί
701 1177 759 1240 οδν
783 1169 857 1258 οὐχί
878 1179 981 1259 κάμοί
996 1179 1152 1263 ίφρασας
1173 1177 1233 1262 την
1257 1173 1412 1239 διάνοιαν
1428 1165 1560 1254 α’τῶν,·

250 1341 253 1352 ,
294 1313 336 1326 -
352 1283 393 1345 Δ.
413 1269 487 1344 Ἐάν
509 1282 586 1362 ἐμοὶ
610 1281 650 1342 σι)
674 1287 811 1363 πρῶτον
834 1279 935 1366 εἴπης
958 1283 1023 1358 δ,τι
1044 1274 1193 1360 νομίζεις
1209 1281 1268 1342 τὸν
1288 1274 1434 1361 δαίμονα
1457 1276 1558 1342 εἶναι.

297 1415 334 1428 -
355 1375 434 1465 Ἐγὼ
456 1385 519 1463 μίν
540 1386 579 1445 τδ
602 1390 745 1468 κρατοῦν
768 1385 911 1445 ίκάστου
938 1383 995 1446 καί
1022 1374 1107 1444 καθ’
1133 1382 1171 1444 δν
1201 1376 1241 1468 ζῇ
1268 1387 1336 1444 τῶν
1359 1381 1559 1466 ἀνθρώπων
1580 1391 1598 1441 ο

296 1488 446 1562 ἕκαστος,
470 1486 598 1566 δμοίως
619 1488 682 1565 μὲν
703 1482 902 1570 ἐλεύθερος,
931 1486 1059 1565 δμοίως
1082 1481 1118 1547 δὲ
1142 1480 1278 1560 δοῦλος,
1305 1484 1362 1546 καί
1391 1481 1560 1559 πλούσιος

295 1589 352 1650 καί
374 1592 479 1669 πένης
499 1589 557 1650 καὶ
578 1584 738 1669 βασιλεῦς
765 1588 822 1650 καί
844 1583 994 1672 ίδιώτης,
1015 1587 1072 1649 καί
1095 1588 1239 1671 πράττει
1262 1588 1326 1647 δσα
1349 1586 1391 1648 ἀν
1414 1587 1559 1670 πράττη.

296 1722 338 1734 -
359 1692 400 1752 Δ.
420 1693 530 1752 Τοῦτο
553 1686 590 1752 δὲ
612 1690 649 1752 ίν
672 1679 763 1771 αὐτῷ
786 1683 935 1769 νομίζεις
957 1687 1046 1752 εἶναι
1067 1687 1117 1771 τῷ
1138 1688 1327 1772 ἀνθρώπῳ,
1349 1689 1389 1750 τδ
1411 1695 1555 1773 κρατοῦν
1565 1697 1692 1753 (mm

296 1793 449 1870 ἑκάστου,
473 1791 493 1853 δ
516 1788 661 1871 δαίμονα
684 1788 808 1868 καλεῖς,
830 1793 851 1877 ἢ
875 1788 1005 1869 ἔξωθεν
1027 1783 1089 1876 [δν]
1104 1792 1207 1876 άρχον
1229 1812 1264 1853 τι
1285 1793 1342 1854 καί
1362 1792 1479 1876 κδριον
1500 1797 1565 1853 τοῦ

256 1898 277 1960 2
300 1895 511 1988 ἀνθρώποω
534 1928 577 1940 -
592 1884 723 1976 Ἔγωγε.
746 1925 788 1939 -
810 1897 852 1958 Δ.
870 1874 954 1976 Ἅρά
976 1914 1013 1977 γε
1035 1894 1224 1975 ἄνθρωπον
1247 1896 1379 1977 ἔτερον;
1401 1893 1477 1955 ἔστι
1497 1895 1562 1978 γάρ
1585 1902 1616 1956 ιο

298 2015 366 2059 που
382 1996 571 2081 ἅνθρωπος
589 1999 609 2059 δ
622 1999 684 2078 μὲν
699 2001 774 2073 ἑνός
788 2016 882 2074 τινος
896 2004 1037 2082 κρατῶν,
1061 1998 1080 2058 δ
1095 1994 1131 2059 δὲ
1148 1991 1294 2072 πολλῶν,
1317 1997 1374 2058 καί
1389 1997 1480 2077 άγων
1494 1997 1564 2080 δπῃ

297 2120 335 2163 τε
355 2100 413 2163 καί
433 2102 530 2176 ὅπως
558 2092 660 2176 αὐτὸς
682 2097 842 2182 βούλεται
856 2102 935 2186 ἤτοι
950 2100 1080 2163 πειθοῖ
1096 2102 1115 2185 ἡ
1139 2100 1199 2182 βίη
1221 2087 1241 2182 ἢ
1263 2099 1320 2160 καί
1342 2099 1563 2184 ἀμφοτέροις.

299 2199 383 2286 λέγω
414 2199 450 2266 δὲ
482 2193 580 2267 οὐδὲν
604 2205 797 2287 ἀγνωστον,
828 2200 914 2266 ἀλλά
943 2205 1022 2278 τούς
1043 2223 1079 2265 τε
1103 2199 1338 2288 δημαγωγούς,
1369 2200 1421 2276 οἷς
1449 2203 1564 2264 πάντα

298 2306 486 2369 πείθονται
509 2308 547 2368 αί
568 2303 691 2382 πόλεις
712 2308 770 2370 καί
790 2309 887 2382 ὅπως
909 2307 950 2370 δν
973 2309 1096 2369 ἐκεῖνοι
1123 2300 1309 2388 ἐξηγῶνται
1337 2304 1394 2365 καί
1417 2305 1563 2386 ουμβου-

299 2405 452 2487 λιδωσιν,
476 2411 564 2471 οδτω
588 2411 809 2493 πράττουσιν,
831 2410 891 2470 ἐάν
911 2428 948 2471 τε
964 2405 1127 2488 πολεμεῖν
1144 2402 1419 2488 συμβουλεύωσιν
1442 2407 1501 2469 δάν
1523 2425 1560 2470 τε
1585 2415 1617 2467 15

297 2511 432 2596 είρήνην
455 2513 548 2594 ἀγειν
571 2513 630 2574 δάν
652 2531 689 2573 τε
717 2511 810 2596 τείχη
841 2506 1105 2590 οἰκοδομεῖσθαι
1132 2511 1192 2572 ίάν
1220 2530 1256 2572 τε
1285 2509 1435 2594 τριήρεις
1459 2529 1564 2571 κατα·

299 2607 525 2688 σκευάζεσθαι
548 2613 607 2675 ἐάν
629 2632 666 2675 τε
689 2603 819 2689 θυσίας
841 2614 941 2676 θύειν
963 2615 1022 2676 δάν
1044 2632 1080 2674 τε
1095 2609 1268 2695 ἐκβάλλειν
1290 2611 1387 2687 τινάς
1411 2611 1521 2676 αὐτῶν
1539 2613 1559 2700 ἢ

294 2715 450 2799 χρήματα
473 2714 709 2799 ἀφαιρεῖσθαι
730 2717 750 2800 ἢ
772 2717 830 2778 καί
851 2716 1106 2801 ἀποσφάττειν·
1132 2716 1189 2777 καί
1216 2716 1296 2790 τοδς
1317 2711 1482 2797 βασιλέας
1502 2717 1561 2780 καί

297 2817 378 2891 τοδς
399 2817 597 2900 τυράννους,
629 2818 757 2898 δμοίως
780 2815 816 2881 δὲ
838 2819 896 2882 καί
916 2819 996 2893 τοδς
1018 2815 1189 2893 δεσπότας
1211 2823 1278 2881 τῶν
1302 2818 1456 2896 οἰκετῶν,
1486 2819 1564 2882 ὅσοι

256 2927 277 2989 3
302 2919 460 3004 ἀργδριον
482 2916 729 3001 καταβαλόντες
750 2921 770 3006 ἢ
794 2916 884 3004 ἀλλην
908 2941 955 3002 τῳ
979 2922 1095 3005 τρόπῳ
1125 2921 1302 3005 κέκτηνταί
1327 2933 1421 2982 τινα·
1450 2920 1498 2995 ὡς
1519 2920 1561 2983 ἀν
1583 2925 1616 2978 ω

299 3023 331 3084 εί
344 3023 543 3106 Λυκοῦργόν
566 3042 604 3085 τε
619 3018 906 3103 Λακεδαιμονίων
922 3019 1067 3103 δαίμονα
1082 3019 1200 3098 καλοῖς
1215 3021 1354 3100 (ἐκείνου
1375 3023 1438 3106 γάρ
1453 3018 1565 3085 κελοί-

297 3113 422 3199 σαντος
450 3125 502 3186 ίτι
523 3131 581 3187 νῦν
610 3132 856 3207 μαστιγοῦνται
877 3122 1151 3205 Λακεδαιμόνιοι
1180 3127 1238 3188 καί
1267 3121 1480 3210 θυραυλοῦσι
1506 3125 1565 3188 καί

297 3229 542 3312 γυμνητεύουσι
562 3227 620 3289 καί
641 3223 728 3290 ἀλλα
751 3225 863 3290 πολλά
884 3229 941 3290 καί
959 3224 1094 3308 χαλεπά
1110 3223 1254 3305 δόξαντα
1277 3228 1318 3291 ἀν
1337 3230 1467 3310 ἑτέροις
1489 3226 1565 3288 ἀνέ-

295 3326 428 3409 χονται)
450 3330 507 3391 καί
528 3328 782 3414 Πεισίστρατον
800 3321 997 3415 Ἀθηναίων
1018 3325 1120 3412 <τῶν>
1143 3333 1319 3415 πρότερον.
1366 3326 1474 3391 οἶσθα
1497 3327 1560 3410 γάρ

301 3427 412 3516 δήπου
435 3433 489 3493 δτι
510 3430 765 3517 Πεισιστράτου
788 3439 1062 3518 προστατοῦντος
1083 3433 1140 3495 καὶ
1161 3433 1324 3516 ἀρχοντος
1345 3431 1396 3506 είς
1416 3433 1478 3512 μὲν
1499 3432 1560 3517 την
1583 3439 1615 3492 25

300 3530 402 3598 πόλιν
425 3534 464 3596 οδ
485 3528 654 3618 κατῄεσαν
678 3537 697 3597 δ
719 3533 841 3623 δῆμος,
872 3538 908 3599 ἀν
931 3532 967 3599 δὲ
989 3543 1031 3620 τῇ
1049 3537 1145 3620 χώρᾳ
1169 3531 1400 3618 διατρίβοντες
1421 3533 1699 3618 γεωργοίιοειαιη

298 3639 486 3720 ίγίγνοντο·
515 3638 573 3700 καί
595 3640 655 3723 την
673 3627 844 3724 Ἀττικήν,
868 3641 1035 3722 πρότερον
1057 3633 1164 3723 ψιλὴν
1184 3637 1242 3699 καί
1263 3632 1425 3722 ἄδενδρον
1447 3635 1562 3713 οδσαν,

385 3849 540 3927 ταράττει
556 3869 607 3926 pro
625 3850 739 3930 πράττη
757 3854 787 3909 Μ
857 3853 1048 3928 ἀνομίζηςΰ
1118 3849 1260 3922 ῦέξωθεν
1275 3857 1312 3922 (ω
1329 3870 1347 3911 ο
1364 3854 1495 3922 οοττ.)11

296 3935 336 3998 δν
353 3939 460 4006 seclusi,
478 3954 542 3995 mm
559 3936 633 3999 εἶναι
651 3940 832 4012 supplendum
850 3945 893 3998 ειί
909 3955 943 3996 ex
959 3939 1182 3996 antecedentibus
1290 3937 1384 4014 α’ρχον
1406 3961 1434 3999 τι
1451 3939 1562 4010 terimi,

298 4022 429 4099 ἄρχοντα
446 4024 523 4092 libri,
540 4023 634 4102 άρχον
654 4045 686 4084 τε
703 4025 830 4082 Relskius
921 4030 951 4080 10
968 4023 1058 4080 malim
1076 4017 1244 4100 ἀνθρώπων
1348 4031 1379 4082 11
1398 4022 1464 4094 ἑνός
1484 4045 1563 4092 τινος

297 4111 434 4178 naiman,
452 4131 530 4178 τινος
548 4107 614 4179 ἑνός
632 4111 671 4178 Μ,
689 4107 825 4180 &vok-om.
844 4111 892 4167 UB
978 4115 1008 4166 13
1026 4105 1078 4177 τδς
1096 4109 1170 4168 τοῦ
1257 4116 1290 4166 14
1307 4113 1445 4170 πίθονται
1465 4110 1495 4165 M

299 4197 422 4266 ἐκείνοις
438 4197 552 4266 ΠΒΜΤ,
571 4214 643 4254 corr.
661 4197 727 4254 editi
808 4190 1034 4271 συμβουλεύουσι
1051 4196 1105 4252 EM
1123 4192 1380 4268 σνμβασιλεδουοιν
1397 4195 1421 4252 U
1440 4201 1566 4270 συμβου-

299 4281 456 4344 λεύωσινΤ
509 4289 540 4339 1⁵
555 4275 686 4352 οὕτωςΰ
739 4289 769 4339 11
787 4277 886 4343 α’σταῖν
896 4297 948 4354 pro
960 4273 1057 4340 αὐτῶν
1068 4280 1221 4338 Meinokius
1276 4279 1530 4355 18φαιρεῑσίίαι1ί

300 4373 334 4424 20
351 4370 586 4440 καταβάλλοντες
604 4369 693 4439 UBM,
711 4367 824 4425 comT
876 4363 970 4433 άλλως
986 4365 1019 4421 Μ
1070 4371 1099 4421 21
1121 4367 1148 4424 εί
1164 4383 1216 4423 σω.
1230 4366 1263 4422 Μ
1313 4388 1346 4427 τε
1362 4368 1392 4424 11
1408 4387 1442 4440 γε
1461 4366 1511 4423 UB

301 4459 335 4510 24
353 4457 545 4529 πιοίστρατον
562 4456 593 4511 Μ
662 4459 723 4513 τοῖν
738 4453 800 4510 εδδ.
813 4451 943 4509 Reiskiun
1013 4455 1046 4506 25
1064 4447 1295 4526 αισιοτράτουΜ
1364 4453 1565 4526 προστατοῦν-

300 4561 352 4608 τος
368 4538 530 4608 Meinekitu,
548 4537 788 4615 προστάττοντος
805 4539 869 4596 libri
938 4543 969 4594 11
990 4535 1138 4612 ίγείνουτο
1157 4538 1188 4592 Μ
