3520 5270
697 363 834 422 onmo
851 363 909 422 hv.

304 534 467 598 ίπποισιν
489 537 546 598 καί
569 539 711 625 όχεσφιν
733 537 961 624 ἀγαλλόμενος
984 540 1077 622 παρά
1101 545 1188 624 νηῶν

303 636 357 718 ἀφ
379 637 629 725 ἀπονοστήσειν
651 643 755 725 προτί
771 633 873 704 Ἴλιον
895 633 1131 726 ήνεμόεσσαν·]

176 738 227 812 είς
248 739 417 823 τοσαύτην
439 736 628 826 δυσχωρίαν
649 745 782 828 τάφρου
805 763 842 805 τε
863 745 920 805 καί
940 743 1072 823 τείχους
1098 742 1155 805 καί
1176 747 1259 804 νεῶν
1282 738 1432 804 είσελαύ·
1447 743 1486 808 18

38 892 44 902 ,
176 859 252 916 νων,
275 843 363 903 όπαυ
385 860 422 922 γε
443 840 528 927 μηδὲ
551 849 625 920 τοῖς
648 839 764 922 πεζοῖς
787 847 960 930 συνήνεγκε
981 841 1256 929 καταληφθεῖσιν
1277 843 1345 904 ύπό
1367 849 1435 905 τῶν

142 953 159 1004 ο
178 942 349 1019 ἐναντίων,
362 940 447 1005 ἀλλά
457 941 571 1030 όλίγης
582 946 785 1031 ἐκβοηθείας
796 951 974 1032 γενομένης
986 943 1226 1032 διεφθάρησαν
1239 941 1434 1020 οίπλείους·

177 1045 196 1106 ό
218 1041 254 1107 δέ
277 1046 345 1107 ύπί
368 1052 436 1107 τῶν
459 1047 579 1110 ίππων
602 1049 828 1133 ἐπαιρόμενος
841 1051 898 1112 καί
918 1047 966 1132 τῷ
988 1044 1104 1110 κάλλει
1125 1055 1185 1110 τοῦ
1201 1045 1325 1133 δίφρου
1349 1038 1434 1130 <iero

43 1149 237 1226 (mmm
259 1148 346 1232 ύπίρ
374 1149 413 1210 τό
436 1154 546 1228 τεῖχος
568 1148 717 1229 έλάσειν,
745 1155 881 1232 ἕτοιμος
910 1148 947 1213 δε
974 1147 1014 1236 ήν
1036 1146 1192 1232 ἐμβαλὼν
1215 1151 1265 1225 είς
1285 1151 1346 1235 τήν
1368 1148 1434 1210 θά-

68 1263 118 1312 (εεε
131 1261 164 1314 ¹)
178 1244 302 1312 λατταν
320 1249 391 1311 ἀπὸ
407 1258 469 1313 τού
487 1253 638 1336 ἀρματος
650 1254 841 1334 μάχεσθαι·
865 1245 921 1340 ἀρ’
939 1253 997 1316 οόν
1013 1254 1052 1316 ού
1068 1256 1148 1338 περί
1170 1251 1357 1326 ἀπειθείας
1378 1251 1435 1314 καί

176 1346 375 1429 ἀλαζονείας
396 1357 473 1417 τότε
496 1350 603 1437 λέγειν
619 1356 777 1442 φαίνεται
784 1378 796 1432 ,·
882 1353 987 1418 πάλιν
1010 1353 1046 1419 δέ
1068 1357 1203 1430 τούτοις
1226 1353 1435 1438 παρατιθείς
1448 1360 1485 1424 19

129 1468 159 1522 lo
179 1451 430 1536 Πολυδάμαντα
444 1453 621 1520 κελεύοντα
636 1455 868 1544 εὐλαβηθῆναι
882 1459 939 1521 καί
952 1462 997 1545 μή
1015 1455 1202 1539 διαβαίνειν
1217 1458 1277 1543 τήν
1291 1458 1433 1542 τάφρον,

178 1557 248 1636 ἅμα
269 1559 331 1638 μέν
352 1560 391 1621 τό
415 1563 551 1642 πρᾶγμα
573 1556 809 1623 έπιδεικνύντα
824 1561 872 1636 ὡς
894 1557 1118 1638 έπικίνδυνον,
1142 1561 1212 1640 άμα
1228 1556 1264 1622 δέ
1279 1561 1339 1622 τόν
1355 1560 1433 1621 οίω·

177 1659 235 1720 τόν
257 1659 316 1722 τόν
336 1662 514 1741 γενόμενον
537 1661 669 1738 αὐτοῖς·
692 1659 804 1738 ἄλλως
824 1665 886 1743 μέν
908 1663 970 1747 γάρ
995 1659 1115 1725 οὐδένα
1139 1653 1224 1744 ᾤετο
1247 1657 1434 1738 ἀνέξεσθαι

176 1761 281 1823 αύτοῖ
302 1758 465 1844 λεγοντος,
490 1765 550 1826 σύν
573 1761 609 1826 δέ
631 1762 679 1847 τῴ
703 1764 816 1848 οίωνηλ
840 1755 914 1845 τάχ’
946 1766 988 1828 δν
1010 1770 1131 1829 πεῖσαι
1153 1766 1212 1826 τόν
1226 1755 1383 1844 Ἕκτορα·
1411 1763 1431 1848 ή

174 1865 233 1925 τόν
256 1866 413 1949 Νέστορα
434 1866 514 1941 τούς
537 1868 617 1950 περί
638 1868 697 1930 τδν
716 1859 947 1951 Ἀγαμέμνονα
974 1869 1032 1931 καί
1060 1868 1119 1930 τόν
1144 1859 1299 1946 Ἀχιλλέα
1323 1861 1434 1928 λοιδο-

128 1980 157 2033 ιε
177 1970 360 2049 ρουμένονς
382 1969 536 2060 παύοντα
558 1976 618 2055 τῆς
640 1971 740 2057 όργής
761 1972 819 2034 καί
833 1967 1041 2055 προλέγοντα
1065 1975 1220 2056 φανερῶς
1242 1968 1284 2030 τά
1308 1966 1433 2051 συμβη-

177 2068 303 2148 σόμενα
333 2070 450 2145 αὐτοῖς
477 2071 549 2132 ἀπὸ
576 2079 636 2157 της
665 2074 834 2149 στάσεως,
866 2073 1006 2156 ὕστερον
1035 2068 1071 2134 δὲ
1101 2067 1356 2154 ἐπιπλήττοντα
1384 2067 1433 2152 τῷ

171 2157 395 2251 Ἀγαμέμνονι
416 2173 463 2248 ὡς
484 2174 671 2258 ἁμαρτόντι
691 2175 748 2236 καί
767 2169 993 2256 ἀναγκάζοντα
1010 2170 1151 2236 δεῖσθαι
1166 2178 1228 2235 τού
1237 2165 1432 2253 Ἀχιλλέως·

174 2271 194 2356 ή
210 2274 270 2335 τόν
281 2263 444 2337 Ὀδυσσέα
460 2277 761 2358 ἐπανορθούμενον
776 2279 815 2339 τό
831 2277 1013 2362 ἁμάρτημα
1028 2282 1091 2338 τού
1100 2267 1357 2358 Ἀγαμέμνονος,
1381 2265 1429 2336 δι’

176 2371 217 2436 ού
238 2381 360 2460 πεῖραν
381 2375 587 2458 βουλόμενος
610 2376 724 2460 λαβεῖν
745 2387 808 2442 τού
828 2386 976 2462 στρατοῦ
980 2427 990 2457 ,
1021 2385 1096 2454 πῶς
1126 2383 1264 2464 φέροιεν
1291 2377 1351 2462 τήν
1373 2382 1436 2438 τού

127 2489 157 2543 n
179 2474 330 2558 πολέμου
344 2479 471 2565 τριβήν,
488 2477 603 2564 όλίγου
619 2485 736 2567 φυγεῖν
752 2483 875 2558 αύτούς
886 2483 1063 2567 ἐποίησεν·
1087 2481 1125 2543 ού
1141 2481 1223 2565 περί
1237 2479 1435 2566 φρονήσεως

176 2582 233 2642 καί
248 2582 451 2667 στρατηγίας
473 2585 529 2646 καί
543 2593 714 2670 μαντικῆς,
737 2587 824 2668 πρός
847 2581 882 2646 δὲ
905 2587 1041 2660 τούτοις
1060 2591 1181 2668 καιρού
1200 2584 1256 2645 καί
1278 2581 1434 2665 ἀκαιρίας

176 2684 283 2745 ἔοικεν
299 2685 538 2748 ὑποτίθεσθαι
543 2708 556 2762 ,·
640 2689 676 2749 έν
692 2684 728 2748 δὲ
745 2695 786 2771 τῇ
799 2678 977 2771 Ὀδυσσείᾳ
991 2688 1033 2748 τά
1049 2689 1110 2767 μὲν
1125 2677 1199 2749 ἀλλ’
1224 2687 1280 2762 ἐῶ,
1303 2687 1378 2760 ἑνός
1393 2681 1430 2746 δὲ
1442 2685 1483 2748 20

175 2787 280 2864 μόνου
312 2787 576 2872 μνησθήσομαι,
603 2796 665 2852 τού
688 2779 873 2852 Ἀντινόου.
931 2796 1050 2852 τούτου
1078 2788 1140 2874 γάρ
1168 2781 1431 2864 ἀλαζονίστατον

176 2887 344 2974 πεποίηκε
365 2895 432 2952 τῶν
453 2892 652 2976 μνηστήρων
674 2893 730 2954 καί
745 2887 1033 2954 ἀκολαστότατον·
1057 2891 1094 2966 δς
1110 2897 1247 2975 πρῶτον
1261 2891 1322 2969 μὲν
1336 2909 1431 2951 κατε·

121 3003 152 3054 2⁵
175 2991 295 3075 φρόνει
317 2999 379 3054 τού
396 2983 593 3070 Ὀδυσσέως,
616 2996 670 3056 ότι
690 2995 817 3069 ἐκεῖνος
838 2996 901 3073 μίν
922 2995 957 3056 έν
979 2995 1117 3079 ῥάκεσιν
1138 2988 1189 3077 ήν,
1212 2993 1314 3066 αύτός
1337 2989 1373 3054 δέ
1396 2994 1431 3054 έν

176 3088 361 3156 πολυτελεῖ
377 3095 502 3180 ίσθήτι
522 3096 579 3159 καί
600 3096 716 3158 ἔπινεν
738 3097 774 3158 έκ
791 3103 926 3181 χρυσῶν
949 3097 1123 3181 ποτηρίων
1143 3097 1200 3158 καί
1222 3095 1350 3156 τούτων
1374 3093 1432 3173 ούχ

176 3195 282 3257 αύτού
299 3198 356 3261 καί
377 3193 529 3260 ἐδείπνει
557 3193 750 3274 πολυτελῶς
773 3199 831 3260 ούκ
853 3200 889 3261 έκ
909 3205 976 3262 τῶν
999 3196 1183 3281 πατρῴων,
1213 3191 1298 3258 ἀλλά
1322 3215 1431 3280 παρα-

178 3304 280 3360 σιτῶν
303 3291 363 3360 ἐπ’
390 3300 499 3375 οίκίας
528 3296 734 3364 ἀδεσπότου·
762 3301 820 3364 καί
847 3301 913 3387 ἔφη
942 3302 1004 3382 μέν
1032 3309 1092 3387 τῆς
1113 3297 1317 3384 Πηνελόπης
1345 3300 1431 3384 ἀράν,

176 3491 418 3499 m*-
685 3495 762 3501 —-.
784 3494 919 3500 .—-—

254 3611 442 3673 ίίιιποισιΗΡ
488 3615 614 3674 mn?
660 3614 902 3690 θόυσχίρειανΗΡ
949 3609 1395 3684 είσελαύνεινΒΜια.ηε.ῐλυι.ρε.

174 3704 300 3772 ίγεοια.
313 3700 362 3757 UB
375 3700 552 3774 όὲρτογεΜ
612 3699 1123 3774 ληφθείωνίλθλάκαταλειφθεῖσινΡ
1174 3696 1343 3776 θυβττομλν
1355 3699 1430 3756 Geel.

174 3780 214 3851 ὥς
231 3781 266 3842 τὸ
283 3785 337 3855 μὲν
354 3785 433 3842 UBM
451 3781 490 3853 ὡς
506 3783 575 3845 τότε
592 3787 647 3859 μὲν
658 3787 707 3843 ΗΡ
776 3781 845 3846 ’ίτὸ
863 3785 1001 3859 τεῖχοςΜ
1018 3790 1071 3843 τού
1087 3786 1200 3858 τείχους
1216 3784 1300 3840 ceteri
1368 3781 1431 3843 ἀλά-

175 3888 243 3937 σων,
260 3865 377 3942 ἕτοιμος
393 3871 424 3929 δὲ
442 3865 484 3928 αλν
500 3869 637 3945 ἐμβαλεῖν
654 3873 695 3939 είς
712 3893 737 3930 τ.
755 3878 784 3931 θ.
801 3877 849 3931 καί
868 3866 927 3931 ἀπὸ
947 3871 980 3938 Η,
997 3871 1094 3928 itemP
1113 3871 1165 3926 εἰεί
1183 3869 1255 3941 quod
1272 3859 1315 3926 σίν
1330 3875 1359 3925 εί
1375 3866 1430 3928 θά-

173 3960 286 4014 λασσαν
354 3961 369 4012 8
388 3949 525 4025 ἀπειθίας
542 3961 571 4014 εί
588 3953 745 4029 ἀλαζονίας
761 3958 791 4014 M
870 3961 886 4013 9
905 3953 973 4016 τότε
990 3961 1054 4012 anto
1070 3957 1120 4013 καί
1136 3949 1218 4025 α’λαζ.
1235 3961 1339 4025 mnsp.
1356 3955 1378 4010 P

177 4047 208 4098 10
226 4042 447 4111 πουλυόάμαντα
469 4044 499 4098 Μ
568 4037 760 4119 εὐλαβηθῆναι
777 4040 932 4102 κελεύοντα
950 4043 1013 4108 (hoc
1030 4041 1139 4108 ord.)P
1211 4045 1241 4096 13
1258 4033 1348 4100 αὐτοῦ
1365 4033 1429 4099 ἀνί-

174 4132 275 4194 ξεσθαι
291 4129 355 4194 (hoe
372 4129 483 4195 ord.)P
552 4129 584 4187 ἐν
601 4129 672 4194 libri,
690 4127 742 4189 σὺν
760 4130 868 4186 (λεείίαε
949 4118 1139 4200 τδνἝκτορα
1159 4157 1190 4167 -
1212 4131 1243 4182 16
1259 4117 1383 4200 ὕστερον
1400 4126 1430 4184 δὲ

174 4228 226 4268 om.
239 4213 287 4269 BU
306 4215 344 4282 (λα
361 4215 413 4270 hoc
430 4216 519 4286 suppl.
538 4231 637 4272 ευοπ.
655 4215 684 4270 in
702 4224 779 4284 ατς.)
836 4214 998 4286 Polydamas
1010 4212 1063 4266 XII
1080 4215 1182 4267 60-79
1199 4211 1233 4267 δε
1251 4211 1347 4288 οἰωνῷ
1363 4211 1430 4266 nihil

174 4346 294 4418 loquitur
363 4354 395 4404 14
411 4353 460 4407 καί
477 4347 530 4409 τὸν
549 4352 666 4420 Galim,
682 4348 701 4424 ἢ
717 4348 772 4410 τόν
787 4351 850 4408 libri
919 4355 948 4406 21
970 4316 1132 4416 τούτδλνςΗ
1190 4351 1223 4403 24
1241 4340 1430 4416 ἀλαζονίστα-

175 4451 228 4490 τον
245 4434 273 4488 Μ
291 4425 525 4505 ἀλαζονίστατον
542 4437 625 4494 ceter!
711 4432 860 4510 πρότερον
876 4435 930 4507 μὲν
947 4436 968 4490 Ρ
1063 4439 1094 4490 25
1113 4431 1146 4492 ἐν
1161 4431 1240 4504 ράιιτ
1257 4447 1310 4487 om.
1329 4432 1359 4487 Μ

176 4522 208 4574 28
225 4512 275 4577 ἐπ’
293 4535 346 4576 om.
364 4520 443 4578 BMU
459 4537 496 4576 m.
514 4537 555 4592 pr.
1121 4561 1127 4572 ·
