3452 5264
339 351 379 408 10
738 351 863 408 motus
880 349 1202 410 nonasfflamlca

285 527 391 592 33καί
412 525 619 610 ἀνθρώπων.
654 523 839 591 κινδυνεύει
859 528 922 612 γάρ
946 508 1006 591 οὖν
1028 525 1066 614 δή
1082 531 1122 591 τό
1138 532 1317 616 ποιητικόν
1331 533 1428 613 γένος
1444 524 1482 594 ού
1499 535 1590 596 πάνυ

335 629 481 708 ἄστοχον
503 626 681 692 εἶναιτῶν
704 629 803 712 ίερῶν
826 627 933 712 λόγων
956 619 1034 693 οὐδὲ
1057 633 1129 694 ἀπο
1153 635 1273 714 στόχου
1304 633 1524 719 φθέγγεσθαι
1546 637 1590 697 τά

332 737 473 793 τοιαῦτα
489 726 663 809 πολλάκις,
681 721 720 793 οὗ
733 735 851 812 μέντοι
866 723 944 796 οὐδὲ
959 733 1160 820 μεμυῆσθαι
1178 736 1343 820 καθαρῶς
1356 736 1441 799 κατά
1456 737 1592 818 θεσμόν
1607 753 1645 802 (90
1658 751 1712 798 1111

331 833 389 896 καί
414 834 519 911 νόμον
545 839 612 895 τῶν
639 837 837 914 μυουμένων
864 825 942 896 οὐδὲ
965 832 1093 898 είδέναι
1122 844 1185 899 τοῦ
1206 833 1401 917 ξύμπαντος
1428 843 1510 919 πέρι
1531 847 1593 925 τῆς

332 931 500 1020 ἀληθείας
523 937 632 1021 σαφὲς
655 926 761 1011 οὐδέν,
784 936 831 1011 ὡς
853 937 938 1011 ἐπος
960 939 1087 1001 είπεΐν·
1110 940 1255 1018 ἀτεχνῶς
1278 936 1314 1002 δέ
1336 941 1445 1003 έοικεν
1467 944 1587 1021 όμοισν
1611 957 1627 1002 5

333 1035 422 1099 εἶναι
453 1041 527 1112 τοῖς
560 1033 625 1114 ἐξω
661 1037 741 1120 περί
771 1037 884 1124 θύρας
916 1041 1103 1125 ὑπηρέταις
1135 1047 1203 1103 τῶν
1231 1037 1391 1120 τελετῶν,
1428 1043 1590 1128 πρόθυρα

331 1146 498 1220 κοσμοῦσι
520 1139 578 1201 καί
597 1139 734 1220 βωμούς
755 1141 835 1215 τούς
856 1141 892 1202 ἐν
914 1139 962 1222 τῷ
987 1141 1122 1226 φανερῷ
1144 1142 1201 1205 καί
1216 1141 1258 1204 τά
1274 1139 1360 1204 ἀλλα
1381 1144 1424 1206 τά
1446 1152 1590 1206 τοιαῦτα

333 1236 656 1324 παρασκευάζουσιν,
673 1232 754 1304 οὐδέ
766 1234 847 1304 ποτ’
861 1239 958 1306 ἐνδον
971 1251 1163 1327 παριοῦσιν.
1193 1244 1277 1307 ύθεν
1289 1241 1327 1330 δή
1344 1247 1402 1309 καί
1414 1246 1590 1330 θεράπον-

332 1363 394 1418 τας
405 1344 557 1405 Μουσῶν
572 1343 694 1418 αύτούς
706 1340 938 1425 ὀνομάζουσιν,
952 1346 990 1406 ού
1001 1348 1132 1427 μύστας
1147 1337 1225 1410 οὐδὲ
1238 1343 1320 1409 ἀλλο
1338 1341 1459 1429 σεμνόν
1472 1349 1588 1428 όνομα.

282 1447 323 1512 34
336 1435 464 1522 ούκοῦν,
487 1445 534 1520 ὡς
555 1446 652 1531 ἐφην,
672 1448 753 1521 τούς
766 1441 839 1529 (τε)
853 1443 999 1532 πλησίον
1015 1447 1331 1535 ἀναστρεφομένους
1345 1447 1480 1536 τελετῆς
1495 1469 1589 1526 τινος
1613 1467 1643 1516 10

334 1550 421 1631 πρός
434 1553 511 1623 ταῖς
525 1544 676 1622 είσόδοις
690 1549 780 1623 είκδς
793 1550 834 1610 τό
847 1568 883 1631 γε
898 1556 1061 1612 τοσοῦτον
1075 1547 1178 1630 (τῶν)
1193 1547 1336 1614 ἔνδοθεν
1351 1551 1591 1614 αἰσθάνεσθαί

332 1669 435 1725 τινος,
457 1649 535 1734 ήτσι
556 1650 706 1734 ῥήματος
729 1650 954 1736 ἐκβοηθέντος
976 1654 1051 1727 ἐνδς
1075 1660 1240 1734 μυστικοῦ
1259 1655 1279 1738 ή
1304 1656 1412 1738 πυρός
1434 1655 1588 1738 ύπερφα-

333 1754 462 1828 νίντος,
490 1751 547 1813 καί
574 1755 648 1826 τοῖς
677 1757 839 1837 ποιηταῖς
866 1753 990 1832 ἐνίοτε,
1021 1751 1105 1836 λέγιυ
1136 1752 1172 1818 δὲ
1200 1759 1274 1831 τοῖς
1303 1757 1392 1818 πάνυ
1422 1756 1587 1840 ἀρχαίοις,

334 1855 430 1939 φωνή
452 1873 507 1928 τις
521 1854 557 1915 ἐκ
573 1853 725 1916 Μουσῶν
740 1855 882 1939 ἀφίκετο
904 1855 1044 1940 βραχεῖα
1066 1858 1124 1920 καί
1147 1859 1214 1919 πού
1229 1877 1283 1932 τις
1298 1858 1465 1920 ἐπίπνοια
1485 1857 1589 1932 θείας

334 1957 470 2042 φύσεώς
491 1975 528 2018 τε
549 1957 605 2018 καί
626 1952 809 2041 ἀληθείας,
836 1958 997 2043 καθάπερ
1028 1950 1109 2045 αὐγή
1141 1961 1249 2042 πυρός
1270 1956 1307 2036 ἐξ
1328 1959 1482 2045 ἀφανοῦς
1506 1955 1587 2039 λάμ·
1611 1978 1639 2028 15

333 2067 482 2140 ψαντος·
516 2059 538 2118 ά
569 2058 720 2138 έπασχον
748 2061 784 2121 ἐν
812 2059 964 2123 Μουσῶν
993 2063 1049 2124 καί
1076 2061 1269 2140 κατείχοντο
1288 2053 1436 2148 Ὅμηρός
1464 2081 1501 2124 τε
1533 2057 1590 2122 καί

283 2149 499 2236 δδἩσίοδος.
546 2161 581 2222 σί
603 2157 639 2223 δὲ
661 2153 737 2240 μετ’
762 2164 909 2238 ἐκείνους
931 2165 1070 2248 ὕστερον
1092 2166 1152 2228 ἐπί
1175 2164 1297 2250 σκηνάς
1310 2165 1368 2227 καί
1382 2165 1514 2250 θέατρα
1529 2169 1590 2250 τήν

335 2264 445 2326 αύτῶν
479 2264 606 2348 σοφίαν
641 2265 821 2346 ἀγαγόντες
849 2267 995 2351 ἀμύητοι
1029 2266 1194 2351 ἀμυήτοις
1227 2262 1392 2342 πολλάκις
1427 2263 1589 2353 ἐξέφερον

332 2363 432 2452 ἀτελῆ
463 2363 722 2450 παραδείγματα
752 2367 890 2452 ὀργίων·
918 2363 1176 2449 θαυμαζόμενοι
1205 2366 1240 2431 δὲ
1268 2369 1336 2432 ύπδ
1360 2375 1427 2431 τῶν
1450 2366 1587 2433 πολλῶν
1601 2385 1712 2438 (anam

332 2469 529 2552 ἐπεχείρουν
551 2469 648 2530 αύτολ
668 2465 777 2531 τελεῖν
798 2471 858 2531 τόν
880 2467 986 2549 όχλον,
1008 2467 1056 2552 τῷ
1080 2472 1153 2532 ἀντι
1174 2471 1338 2552 βακχείων
1352 2472 1448 2547 τινάς
1465 2473 1587 2558 σκηνάς
1610 2487 1640 2538 α)

333 2565 548 2645 ἀκαλύπτους
569 2565 761 2655 πηξάμενοι
783 2571 818 2632 ἐν
840 2587 913 2634 τισι
934 2577 1109 2654 τραγικαῖς
1136 2570 1298 2658 τριόδοις.
1349 2571 1445 2636 ούτοι
1468 2566 1501 2637 δ’
1531 2575 1589 2638 οδν

332 2674 460 2746 πάντες
490 2673 524 2733 οί
553 2673 696 2757 ποιηταί
721 2673 807 2734 κατά
835 2673 940 2735 ταύτά
969 2676 1029 2737 τὸν
1060 2681 1197 2759 πρῶτον
1228 2677 1285 2739 καί
1316 2680 1476 2758 μέγιστον
1505 2677 1589 2740 θεόν

334 2776 465 2856 πατέρα
493 2771 636 2838 καλοῦσι
665 2771 851 2860 συλλήβδην
880 2776 1032 2852 άπαντος
1060 2785 1123 2839 τοῦ
1150 2774 1286 2860 λογικοῦ
1310 2783 1427 2861 γένους
1460 2781 1518 2842 καί
1549 2776 1588 2866 δή

282 2878 323 2943 36
333 2877 390 2939 καί
403 2873 557 2958 βασιλέα.
596 2875 649 2952 οίς
663 2877 870 2958 πειθόμενοι
885 2879 919 2939 οί
933 2879 1118 2961 ἀνθρωποι
1132 2881 1220 2955 Διὸς
1233 2877 1402 2961 βασιλέως
1417 2877 1591 2965 ίδρύσνται

332 2979 478 3059 βωμούς,
500 2979 557 3042 καί
572 2975 610 3065 δή
627 2981 691 3060 καί,
704 2983 834 3063 πατέρα
858 2981 960 3046 αύτόν
982 2981 1041 3042 ούκ
1064 2983 1199 3044 ὀκνοῦσι
1214 2985 1480 3068 προσαγορεύειν
1498 2987 1588 3060 τινὲς
1611 2997 1640 3048 εει

332 3083 368 3143 ἐν
389 3085 466 3156 ταῖς
488 3081 610 3160 εύχαϊς,
634 3083 680 3156 ὡς
700 3082 862 3166 τοιαύτης
884 3083 976 3156 τινός
997 3083 1101 3168 ἀρχῆς
1121 3084 1178 3146 καί
1194 3086 1389 3160 συστάσεως
1405 3087 1508 3172 ούσης
1528 3095 1591 3148 τοῦ

333 3184 471 3256 παντός.
517 3183 603 3245 ὥστε
625 3184 729 3267 ταύτῃ
752 3203 789 3266 γε
812 3181 888 3247 οὐδὲ
913 3182 1005 3247 οίκον
1028 3181 1165 3248 δοκοῦσί
1186 3205 1247 3266 μοι
1269 3187 1407 3272 όκνήσαι
1438 3189 1479 3250 ἀν
1502 3189 1588 3251 άπο-

334 3285 515 3369 φήνασθαι
536 3291 599 3346 τοῦ
617 3286 705 3360 Διὸς
726 3287 785 3347 τόν
808 3287 943 3348 ἅπαντα
965 3289 1102 3366 κόσμον,
1126 3286 1222 3372 εἴπερ
1246 3290 1319 3352 ἐστί
1335 3292 1447 3376 πατήρ
1462 3297 1530 3353 τῶν
1553 3294 1589 3353 έν

332 3384 438 3468 αύτῷ,
467 3387 523 3449 καί
544 3388 582 3472 νή
605 3387 675 3448 Δία
699 3384 817 3465 πόλιν,
847 3389 962 3474 ὥσπερ
991 3393 1089 3474 ήμεῖς
1118 3386 1385 3472 προσεικάζομεν
1412 3393 1497 3455 κατά
1527 3397 1589 3480 τήν

336 3567 424 3574 „--
438 3568 550 3574 ...-—-—
572 3569 678 3574 --—-—.
873 3571 974 3576 h-——a
992 3571 1025 3576 --
1041 3572 1064 3576 -
1092 3572 1399 3580 —-—-—----—--
1418 3575 1587 3585 ---—.—.

420 3679 429 3727 1
450 3669 604 3730 κινδυνεύει
620 3668 678 3746 γάρ
697 3663 750 3731 ούν
766 3668 800 3744 δή
818 3671 841 3724 Β
857 3669 1028 3732 κινδυνεύειν
1044 3670 1102 3748 γὰρ
1121 3665 1173 3733 ούν
1189 3679 1233 3732 δεῖ
1245 3675 1275 3730 Μ
1292 3673 1463 3736 κινδυνεύειν
1478 3675 1537 3754 γάρ
1555 3676 1587 3751 δή

331 3759 353 3816 U
370 3757 523 3818 κινδυνεύει
540 3754 598 3834 γὰρ
615 3755 647 3832 δή
666 3759 690 3814 Τ
776 3754 870 3817 λάπο
889 3755 998 3832 στόχου
1015 3759 1038 3816 U
1056 3757 1117 3818 ἀπο
1135 3763 1245 3834 στοχού
1262 3763 1285 3816 Β
1303 3753 1461 3836 άποοτοχαι
1478 3763 1509 3820 Μ
1527 3763 1588 3824 ἀπο

330 3843 540 3918 οτοχασμοῦΤ
625 3843 824 3918 φθέγγεταιΒ
910 3839 979 3903 δού
997 3847 1096 3903 τοίνυν
1111 3845 1182 3912 libri,
1201 3842 1236 3905 ού
1252 3847 1352 3917 μέντοι
1370 3848 1451 3921 Emp.
1537 3871 1588 3920 με·

329 3934 456 4002 μυῆσδαι
475 3931 517 3985 B?
587 3930 844 4000 ἐμοιουμίνωνΤ
913 3930 979 4000 πέρι
998 3929 1021 3986 U
1038 3933 1105 4003 περί
1123 3932 1207 3988 catari
1293 3935 1418 4007 ἀσαφὲς
1434 3951 1469 3991 ax
1487 3941 1589 4009 σαφεῖς

329 4032 364 4071 m.
384 4031 425 4085 pr.
443 4015 468 4072 U
553 4019 570 4070 6
587 4010 641 4084 ἔξω
658 4016 731 4072 dalet
747 4015 866 4072 cobetua
884 4015 914 4070 0.
933 4015 977 4071 Or.
996 4031 1023 4086 p.
1036 4021 1067 4071 91
1138 4021 1199 4074 τῶν
1215 4021 1339 4076 τελετῶν
1354 4015 1508 4094 ὑπηρέταις
1524 4022 1588 4090 (hoc

330 4101 442 4169 ord.)T
528 4094 668 4168 (ἀκάτους
684 4101 764 4157 MUT
864 4106 894 4156 10
912 4120 944 4158 τε
961 4101 1023 4157 add.
1040 4101 1120 4172 Emp.
1214 4106 1502 4178 11τιύνιδδ.Ειυρ.

332 4192 364 4242 1⁴
380 4192 447 4246 θεῖα
464 4187 496 4242 Μ
602 4193 634 4243 15
651 4180 722 4254 αύτὴ
739 4184 770 4241 Μ
856 4190 888 4241 16
905 4179 925 4244 ά
943 4182 1072 4258 ἔπασχον
1088 4201 1112 4246 a.
1129 4203 1155 4257 q.
1169 4204 1191 4244 a.
1209 4190 1254 4245 vix
1271 4205 1352 4259 aana3
1370 4191 1488 4248 formae
1505 4206 1588 4263 quaa·

329 4273 392 4328 dam
408 4273 567 4329 exciderunt
582 4288 606 4328 a.
624 4289 663 4343 ςε.
680 4271 747 4343 (καί
763 4279 859 4329 ποιεῖν
876 4266 995 4342 ἔδοξαν)
1011 4266 1046 4344 ά,
1067 4274 1176 4330 nomina
1193 4274 1303 4331 Homeri
1320 4282 1348 4332 at
1364 4277 1476 4334 Ηεύούλ
1493 4277 1587 4348 utique

330 4357 444 4414 delenda
535 4361 567 4414 18
584 4350 681 4415 αύτῦυ
698 4355 777 4413 ΗΤΜ
864 4361 896 4412 19
914 4349 1039 4431 δργείυν
1055 4355 1086 4411 Μ
1176 4362 1208 4413 2⁰
1225 4363 1357 4433 βακχίου
1374 4361 1404 4417 Μ
1421 4366 1587 4431 anapaestos

330 4442 426 4498 οοαύαί
442 4441 567 4511 agnoseit
583 4441 647 4498 wil.
717 4435 842 4499 κνιστὰ
860 4445 951 4500 ταῦτα
968 4441 1039 4510 Μελ,
1057 4457 1128 4500 corr.
1146 4443 1253 4502 δείδιτε.
1345 4450 1379 4503 26
1396 4445 1586 4504 scribendum:

330 4531 379 4600 τῆς
396 4522 486 4601 ἀρχῆς
561 4531 596 4582 28
613 4523 709 4602 πατὴρ
727 4519 823 4585 αὐτῶν
839 4525 872 4586 ἐν
889 4520 967 4606 αύτῷ
983 4528 1054 4596 libri,
1072 4543 1143 4586 corr.
1162 4529 1264 4588 Jacobs
