3452 5264
336 351 377 412 ³0
709 347 837 409 DIOMS
852 349 903 406 AD
921 347 1223 406 mcounvmffssss

333 533 401 590 τῶν
422 533 519 611 κοινῇ
549 529 789 612 συμφερόντων
820 523 905 601 ἴσως
932 521 1060 606 μᾶλλον
1088 529 1212 609 έτέρων
1238 525 1297 587 καί
1323 521 1515 606 βούλεσθαι
1535 529 1594 590 καί

293 632 312 694 2
336 627 518 693 δύνασθαι.
563 635 663 691 τοῦτο
687 627 723 692 δὲ
746 631 777 692 εί
798 631 860 710 μὲν
883 628 942 690 σύκ
963 628 1038 690 έστι
1059 634 1231 705 τοιοῦτον,
1253 628 1349 707 ὑμεῖς
1370 647 1408 690 τε
1429 636 1490 714 της
1511 632 1593 714 περί

332 734 391 813 έμέ
415 727 567 818 σπουδῆς
590 727 791 816 διημάρτετε
812 731 877 812 έγῶ
900 750 937 793 τε
958 731 1053 792 έοικα
1074 732 1185 815 μάτην
1206 729 1404 805 ὑπακούσας
1425 731 1504 810 ύμῖν
1528 720 1589 794 ἐπ’

332 831 450 897 έλπίδι
477 840 540 896 τού
565 833 774 918 γενησεσθαι
802 840 844 918 τῇ
872 829 973 895 πόλει
998 834 1181 918 χρήσιμος,
1211 823 1249 894 οί
1281 835 1496 912 ποιουμένων
1523 853 1589 916 μου
1605 853 1714 904 (mul

329 937 445 1022 χρείαν
467 937 576 1016 ύμῶν,
605 937 655 1011 είς
684 936 724 1020 ἢν
750 937 855 1015 μόνον
882 931 1079 1020 ἐπιτήδειός
1108 935 1188 1016 είμι.
1240 935 1271 997 εί
1298 931 1335 997 δέ
1366 937 1497 1011 πόσαις
1525 939 1627 1017 μὲνε

331 1044 408 1114 ταῖς
431 1034 564 1117 πόλεσι,
586 1035 712 1118 μᾶλλον
735 1034 771 1101 δὲ
794 1042 871 1113 ταῖς
891 1035 1064 1120 μεγάλαις,
1088 1034 1145 1100 δεῖ
1160 1038 1293 1116 μὲνκαί
1314 1043 1381 1099 τῶν
1404 1033 1590 1117 πλουσίων,

333 1142 388 1204 ίνα
410 1142 468 1204 καί
487 1147 660 1225 χορηγῶσι
680 1142 737 1203 καί
761 1137 1011 1226 φιλοτιμῶνται
1025 1141 1122 1202 ταυτί
1136 1140 1178 1201 τύ
1199 1144 1422 1219 νενομισμένα
1439 1137 1590 1222 δαπανη-

332 1264 433 1324 ματα,
458 1239 514 1305 δεῖ
521 1239 575 1322 δέ,
590 1244 647 1306 καί
667 1238 819 1305 κολάκων
842 1240 983 1326 ἀνδρῶν,
1007 1243 1062 1304 ίνα
1080 1237 1335 1327 δημαγωγοῦσιν
1352 1242 1469 1317 αὐτοῖς
1483 1240 1590 1328 ἥδων-

332 1360 405 1408 ται·
430 1343 486 1409 δεῖ
511 1344 547 1410 δέ
568 1347 625 1408 καί
648 1342 863 1426 συμβούλων,
886 1346 941 1408 ἱνα
965 1340 1140 1427 σῴζωνται
1162 1349 1239 1420 ταῖς
1261 1340 1469 1422 πολιτείαις,
1498 1345 1590 1428 κύγώ

332 1439 417 1510 καθ’
450 1450 530 1510 όσσν
558 1467 619 1528 μοι
648 1444 789 1512 δυνατόν
819 1447 877 1510 ούκ
907 1448 1037 1532 ὀκνήσω
1061 1449 1141 1530 περί
1162 1453 1229 1510 τῶν
1250 1448 1418 1530 μεγίστων
1442 1447 1588 1529 συμβου-
1611 1459 1644 1512 ιο

291 1553 310 1616 3
334 1548 438 1613 λεύων
461 1548 606 1636 ὠφελεῖν
628 1553 688 1636 την
710 1546 822 1613 πόλιν.
860 1550 935 1612 έστι
955 1551 1017 1630 μὲν
1040 1549 1098 1612 ούν
1119 1551 1176 1612 καὶ
1197 1546 1283 1611 ἄλλα
1299 1549 1375 1612 τινὰ
1399 1538 1484 1635 παρ’
1508 1551 1590 1630 ύμῖν

332 1653 612 1738 ἐπαναρθώσεως
635 1649 715 1729 ἄξια
736 1652 899 1715 καὶκατὰ
922 1655 1025 1732 μέρος
1055 1653 1164 1714 αὐτῶν
1187 1654 1380 1737 ποιήσομαι
1401 1655 1461 1738 τὴν
1482 1653 1589 1736 θερα-

332 1756 448 1831 πείαν,
478 1756 519 1817 ύν
547 1751 681 1841 τόληθη·
712 1751 816 1837 λέγων
844 1755 1024 1816 πιστευθῶ
1056 1755 1137 1839 περί
1164 1761 1231 1817 τῶν
1260 1749 1432 1835 μειζόνων.
1486 1755 1522 1818 τί
1551 1752 1589 1817 δέ

333 1857 460 1920 παθὼν
488 1858 508 1943 ἢ
537 1859 572 1920 τί
599 1853 804 1938 βουλόμενος
834 1858 892 1936 σύχ
918 1859 1005 1940 ύπὲρ
1034 1863 1101 1919 τῶν
1133 1862 1341 1942 μικροτέρων
1372 1852 1588 1939 συμβουλεύω

332 1963 509 2044 πρότερον,
533 1957 609 2023 ούδε
632 1962 668 2022 έν
682 1960 824 2035 ἐκείνοις
839 1961 1087 2044 ἀποπειρῶμαι
1101 1968 1163 2022 τού
1176 1956 1283 2046 δήμου
1299 1968 1359 2046 τῆς
1373 1959 1585 2038 εὐπειθείας,
1610 1973 1641 2026 15
1654 1977 1714 2031 ιιεε]

332 2055 410 2125 ἀλλ’
435 2055 541 2139 εὐθύς
564 2059 647 2142 ἀξιῶ
663 2060 867 2126 κινδυνεύειν
882 2065 1038 2145 περὶτοῦ
1050 2064 1210 2146 μεγίστου
1228 2059 1463 2145 συμβουλεύων
1479 2065 1586 2147 πρόγ-

332 2185 440 2246 ματος
447 2188 459 2243 ,·
481 2168 535 2228 ότι
558 2162 676 2249 πολλῷ
696 2186 757 2247 μοι
774 2163 871 2229 δοκεῖ
887 2163 972 2250 ῥᾷον
995 2165 1084 2230 εἶναι
1100 2171 1220 2230 πεῖσαι
1244 2167 1405 2251 περὶτῶν
1419 2165 1587 2247 μεγίστων

331 2269 350 2353 ἢ
374 2275 442 2330 τῶν
462 2273 669 2351 μικροτέρων
690 2270 746 2331 καί
770 2265 919 2354 φαύλων.
957 2276 1024 2331 τῶν
1044 2271 1106 2349 μέν
1127 2269 1190 2353 γδρ
1206 2265 1318 2345 ἔξεστι
1338 2269 1395 2330 καί
1415 2286 1587 2353 καταφρο-

332 2378 433 2456 νῆσαι
455 2378 514 2456 τῆς
535 2362 601 2431 ἀπ’
627 2359 736 2433 αὐτῶν
751 2375 947 2455 γιγνομένης
961 2367 1099 2455 βλάβης,
1123 2373 1142 2433 δ
1164 2368 1200 2433 δέ
1220 2371 1325 2455 χωρίς
1347 2368 1393 2432 ὥν
1415 2371 1586 2455 ἀμήχανόν
1601 2391 1714 2443 (mam

331 2474 425 2535 ἐστιν
449 2461 540 2554 αύτῷ
565 2465 749 2554 σῴζεσθαι,
773 2475 996 2556 περὶτούτων
1012 2462 1255 2558 σύκέθελησας
1277 2473 1468 2559 πεισθῆναι
1484 2469 1585 2559 δῆλός
1607 2490 1637 2542 εσ

292 2577 311 2635 4
333 2576 426 2638 έστιν
448 2575 534 2657 ύπέρ
558 2581 625 2636 τῶν
646 2579 854 2658 μικροτέρων
878 2563 955 2637 σύδὲ
984 2576 1220 2655 ἀκουσόμενος.
1265 2577 1401 2656 ὅτιμὲν
1424 2573 1499 2652 σύν,
1526 2575 1587 2638 έδν

332 2675 537 2760 ὑπομείνητε
565 2678 624 2762 τὴν
654 2673 877 2758 συμβουλίαν,
906 2676 1151 2762 πεισθήσεσθέ
1175 2695 1237 2758 μοι
1264 2678 1345 2759 περὶ
1372 2676 1419 2740 ῶν
1441 2677 1586 2758 συμβου-

334 2775 438 2842 λεύων
465 2780 626 2862 πάρειμι,
654 2773 711 2842 καί
738 2775 777 2866 δν)
810 2775 945 2864 σφόδρα
973 2778 1106 2862 θαρρῶ.
1161 2780 1201 2841 τδ
1232 2775 1267 2842 δὲ
1299 2775 1461 2842 δύσκολον
1489 2769 1584 2841 τοῦτ’

331 2881 423 2958 ἔστι,
453 2882 491 2943 τό
518 2882 603 2966 μήτε
633 2883 794 2967 φορτικὴν
821 2881 909 2960 ὑμᾶς
938 2882 1137 2967 ἡγήσασθαι
1158 2883 1217 2968 την
1240 2883 1403 2966 ἀκρόασιν
1425 2884 1485 2968 την
1508 2884 1588 2966 περί

332 2990 394 3046 τοῦ
415 2985 615 3068 πράγματος
628 2984 712 3068 μήτε
727 2985 887 3069 περιττὴν
901 2985 986 3068 μήτε
1000 2984 1150 3068 ἄκαιρον.
1189 2985 1244 3047 ἱνα
1260 2984 1318 3047 σύν
1332 3004 1393 3064 μσι
1406 2987 1451 3072 μη
1475 2992 1581 3048 ταῦτα
1603 3003 1634 3054 25

334 3086 582 3170 προαπαντήσῃ
606 3075 694 3168 παρ’
724 3086 833 3165 ὑμῶν,
868 3087 912 3149 Τί
934 3082 970 3149 δε
995 3083 1234 3167 συμβουλεύεις
1257 3088 1297 3148 σύ
1320 3088 1400 3170 περὶ
1422 3085 1468 3149 ῶν
1490 3091 1588 3174 ἡμεῖς

332 3189 392 3273 την
415 3187 517 3272 δρχην
541 3178 618 3249 σύδέ
640 3183 894 3269 βσυλευόμεθα,·
924 3189 968 3251 Τί
990 3185 1026 3250 δέ
1050 3185 1180 3270 σεαυτῷ
1203 3185 1301 3270 λόγον
1323 3185 1525 3269 μεταδίδως,
1548 3185 1591 3252 ού

334 3289 389 3351 σοί
409 3290 454 3374 μη
477 3284 662 3370 μετέδομεν
677 3292 789 3372 ημεῖς;
810 3290 880 3352 Διό
896 3291 931 3353 τί
946 3287 982 3353 δε
997 3291 1170 3352 τοσούτων
1185 3286 1482 3371 πεπολιτευμένων
1499 3281 1584 3374 παρ’

331 3393 410 3473 ἡμῖν
432 3388 563 3475 ἀνδρῶν
585 3391 789 3473 ἐπιχωρίων,
812 3394 1030 3477 εἰσποιητῶν,
1052 3395 1215 3479 ρητόρων,
1239 3389 1453 3479 φιλοσόφων,
1475 3395 1587 3478 γερόν-

331 3513 415 3571 των,
438 3497 538 3571 νέων,
562 3485 727 3556 οὐδέποτε
751 3483 862 3569 σι’δεῖς
882 3492 1066 3581 ἐτόλμησεν
1087 3500 1167 3583 ημῖν
1191 3493 1439 3578 συμβουλεῦσαι
1459 3495 1583 3580 ταύτην
1605 3515 1635 3566 ω

292 3597 310 3658 5
333 3598 392 3682 τήν
415 3593 621 3680 συμβουλίαν
627 3618 639 3672 ;
662 3593 788 3680 αἴτημα
804 3593 899 3659 θέλω
919 3600 1139 3684 ποιησασθαι
1154 3606 1254 3661 τούτο
1271 3589 1353 3661 αύτό
1371 3589 1457 3681 παρ’
1482 3599 1583 3679 ὑμῶν,

332 3696 452 3784 ἄνδρες
474 3695 697 3784 Νικομηδεῖς,
726 3701 783 3761 καί
801 3701 998 3785 χαρίσασθέ
1017 3720 1078 3781 μοι
1105 3702 1162 3764 καί
1187 3703 1412 3781 ὑπομείνατε,
1444 3701 1587 3764 ἀκούσαι

334 3797 431 3884 λόγου
461 3808 624 3885 περιττοῦ
648 3801 705 3862 καί
733 3800 873 3886 ἀκαίρου
901 3804 959 3865 καί
984 3804 1029 3887 μη
1060 3802 1241 3878 πείσοντος
1272 3804 1367 3883 ύμιῖς.
1422 3805 1478 3866 καί
1508 3796 1586 3869 ούδί

418 4012 531 4088 λύμεϊς
547 4039 580 4092 γε
596 4019 627 4074 Μ
696 4025 787 4090 όμσυ
803 4035 856 4076 om.
875 4017 925 4075 ΜΤ
1009 4015 1083 4083 σείς
1100 4013 1152 4088 τὴν
1168 4017 1200 4071 Μ
1285 4015 1378 4090 μόνην
1395 4015 1517 4070 Hertlein

334 4097 676 4177 ίίέπανσρθῶσαιύςΜ
724 4110 755 4160 1³
768 4107 797 4163 τί
808 4101 1204 4171 δαίθίίυῦίίυόὲασοεε.)
1263 4100 1540 4177 ίόσμικρστέρωνΒ

334 4193 363 4243 17
382 4192 453 4260 όοκῆ
469 4189 500 4244 Μ
571 4195 601 4246 18
619 4189 857 4262 σμικροτέρωνΒ
922 4185 1052 4243 fortasse:
1072 4181 1179 4254 ἔξεστιν
1194 4181 1346 4257 (ἀμελεῖν)
1407 4192 1438 4243 19
1454 4192 1504 4246 καί
1521 4192 1586 4246 τελε

331 4277 381 4345 τῆς
398 4275 460 4329 εδδ.
480 4275 561 4346 Emp.
618 4275 768 4348 γενομένης
785 4275 814 4328 Μ
884 4277 917 4328 22
935 4268 1144 4344 πεισθήσεσθαι
1162 4273 1185 4328 B
1202 4267 1397 4345 πεισθήσεσθε
1415 4279 1442 4342 (ε
1458 4273 1540 4330 finale
1556 4274 1586 4330 in

331 4358 437 4424 ηελλ]
508 4363 540 4416 2³
559 4355 594 4417 τὸ
612 4361 643 4418 δὲ
660 4359 766 4430 scripsi,
784 4361 814 4416 τί
830 4361 892 4430 δαίς
910 4357 982 4414 UBT
1000 4359 1028 4414 τί
1045 4357 1137 4428 όδ,·Μ
1205 4349 1340 4416 ῖῡῖνῚλ
1426 4363 1459 4414 26
1478 4362 1507 4418 τί
1523 4363 1584 4418 δαί·

330 4443 380 4499 UT
397 4439 442 4502 όιδι
462 4445 491 4501 τί
507 4444 538 4502 δέ
555 4445 578 4498 Β
651 4449 682 4499 27
701 4445 731 4501 τί
747 4446 809 4501 όαί·
828 4443 878 4500 UT
947 4445 980 4497 2⁸
997 4437 1064 4513 ἡμῖν
1081 4444 1331 4514 πεπολιτευμένων
1348 4435 1463 4516 ύνόρυῖν
1481 4443 1528 4500 UT

333 4532 365 4584 29
384 4529 425 4595 εἰς
442 4533 569 4602 ποιητῶν
586 4529 616 4584 Μ
634 4532 761 4600 ποιητῶν
779 4527 866 4596 UBT3
884 4542 954 4584 corr.
974 4525 1083 4584 Geelius
