3452 5264
649 357 787 416 ORATIO
805 359 932 416 XXXVI.
1379 360 1419 418 11

157 527 294 614 μείζονα
324 533 438 618 ἀρχήν.
490 529 648 615 βασιλεία
676 534 739 619 γάρ
770 532 871 598 πόλει
898 531 1024 616 μᾶλλον
1051 537 1071 621 ή
1103 533 1182 618 οἴκῳ
1214 539 1417 621 πρεπόντως
1432 541 1471 605 37

158 635 200 698 ἀν
229 631 370 716 λέγοιτο.
425 636 464 697 οδ
485 635 548 720 γάρ
572 631 612 722 δή
640 631 784 717 βασιλέα
813 639 968 712 εἰπόντες
989 639 1048 700 τόν
1070 637 1131 700 ἐπὶ
1158 644 1225 700 τῶν
1248 635 1336 702 όλων
1358 639 1417 700 οὐκ

159 737 201 798 άν
222 731 472 818 βασιλεύεσθαι
492 738 532 799 τό
553 733 632 800 άλον
654 733 853 820 ὁμολογοῖεν
875 735 952 801 οὐδὲ
974 735 1223 820 βασιλεύεσθαι
1246 742 1418 827 φήσαντες

160 838 218 900 οδε
246 839 287 901 ἀν
314 835 563 903 πολιτεύεσθαι
585 843 686 926 φαῖεν
716 837 793 903 οὐδὲ
816 838 906 903 εἶναι
927 837 1104 904 πολιτείαν
1133 835 1332 928 [βασιλικήν]
1357 851 1420 906 τοῦ

125 949 140 1002 5
162 942 301 1016 παντός.
336 937 513 1005 πολιτείαν
536 930 569 1004 δ’
595 941 640 1005 αδ
655 949 900 1027 συγχωροῦντες
915 939 1017 1005 πόλιν
1033 943 1092 1004 οδκ
1107 943 1147 1004 ἀν
1162 943 1417 1027 ἀποτρέποιντο

18 1056 61 1108 (εκ
75 1057 98 1100 R
113 1055 145 1108 [ιι
159 1038 336 1124 ὁμολογεῖν
357 1045 379 1129 ή
400 1063 435 1106 τι
463 1045 570 1126 τούτῳ
601 1041 845 1130 παραπλήσιον
872 1046 911 1106 τὸ
942 1041 1215 1125 πολιτευόμενον.
1267 1042 1324 1108 όδε
1354 1048 1415 1126 μὲν
1428 1053 1468 1118 38

160 1142 218 1205 οδν
241 1144 261 1205 ό
282 1151 350 1208 τῶν
374 1141 577 1232 φιλοσόφων
593 1141 701 1226 λόγος,
724 1145 859 1232 ἀγαθήν
874 1145 931 1208 καὶ
946 1141 1198 1232 φιλάνθρωπον
1213 1143 1416 1224 ἀποδεικνὺς

158 1247 338 1308 κοινωνίαν
367 1244 538 1328 δαιμόνων
565 1249 623 1311 καί
643 1247 858 1331 ἀνθρώπων,
886 1244 1090 1328 μεταδιδούς
1111 1248 1216 1327 νόμου
1238 1250 1296 1313 καί
1317 1247 1416 1314 πολι-

157 1349 251 1423 τείας
280 1349 318 1410 οδ
346 1354 420 1426 τοῖς
447 1357 586 1429 τυχοῦσι
606 1357 674 1413 τῶν
697 1345 807 1434 ζῴων,
837 1341 917 1412 ἀλλ’
940 1352 1037 1425 ὅσοις
1064 1353 1204 1429 μέτεστι
1233 1348 1332 1433 λόγου
1360 1355 1417 1416 καί

110 1463 140 1516 1ο
161 1452 374 1536 φρονήσεως,
404 1449 493 1515 πολι)
514 1453 655 1536 κρείττω
682 1455 739 1516 καί
761 1449 975 1536 δικαιοτέραν
1001 1459 1062 1538 τῆς
1083 1454 1287 1539 Λακωνικῆς
1316 1473 1416 1534 νομο-

33 1573 35 1578 ’
157 1553 282 1628 θεσίας
305 1555 552 1640 είσηγοόμενος,
574 1545 660 1617 καθ’
685 1555 726 1642 ήν
749 1546 827 1617 οὐδὲ
849 1555 994 1639 ὑπάρχει
1015 1558 1089 1630 τοῖς
1104 1551 1233 1618 Εῖλωσι
1252 1556 1416 1638 γενέσθαι

156 1657 409 1739 Σπαρτιάταις·
432 1659 516 1721 ὅθεν
532 1655 571 1743 δή
588 1650 666 1741 [καί]
683 1653 896 1720 διατελοῦσιν
911 1653 1190 1739 ἐπιβουλεύοντες
1204 1665 1247 1744 τη
1263 1660 1414 1742 Σπάρτη.

243 1761 357 1844 ἔτερος
369 1756 405 1822 δέ
416 1760 530 1840 μῦθος
541 1761 577 1822 ἐν
589 1760 798 1845 ἀπορρήτοις
809 1756 960 1834 τελεταῖς
974 1761 1043 1822 ὑπὸ
1059 1761 1175 1842 μάγων
1190 1757 1321 1844 ἀνδρῶν
1337 1751 1414 1844 ᾄδε-
1426 1767 1467 1832 39

159 1881 218 1925 ται
239 1856 508 1942 θαυμαζόμενος,
532 1863 640 1924 οίτδν
663 1862 749 1924 θεὸν
763 1867 884 1923 τοῦτον
906 1861 1067 1941 ὑμνοῦσιν
1082 1863 1129 1937 ὡς
1150 1858 1279 1926 τέλειόν
1300 1883 1337 1926 τε
1358 1865 1416 1926 καί

110 1975 139 2028 15
161 1969 298 2047 πρῶτον
319 1964 460 2047 ήνίοχονΙ
475 1970 538 2024 τοῦ
557 1959 772 2026 τελειοτάτου
806 1965 965 2046 ἅρματος.
1020 1965 1060 2025 τὸ
1093 1962 1155 2046 γάρ
1173 1951 1289 2026 Ἡλίου
1324 1966 1415 2049 ἅρμα

157 2066 319 2148 νεώτερόν
348 2080 455 2150 φασιν
482 2062 570 2126 εἶναι
600 2066 688 2148 πρὸς
716 2065 822 2126 ἐκεῖνο
851 2066 1065 2148 κρινόμενον,
1098 2066 1245 2148 φανερόν
1276 2063 1312 2128 δὲ
1341 2072 1416 2140 τοῖς

158 2163 310 2244 πολλοῖς,
333 2167 393 2230 άτε
415 2161 587 2250 προδήλου
609 2169 807 2251 γιγνομένης
827 2173 887 2252 τῆς
904 2173 1023 2252 φοραῖς.
1062 2165 1146 2228 ὅθεν
1169 2173 1284 2252 κοινῆς
1300 2169 1416 2253 φήμης

157 2270 348 2351 τυγχάνειν,
371 2271 418 2345 ὡς
440 2270 561 2346 ἐοικεν,
585 2269 655 2330 ἀπὸ
681 2269 826 2351 πρώτων
850 2264 968 2348 σχεδόν
989 2289 1026 2332 τι
1046 2274 1114 2330 τῶν
1137 2275 1291 2353 ποιητῶν
1314 2265 1417 2351 (τῶν)

157 2368 325 2446 ἀνατολάς
346 2373 403 2434 καί
418 2367 532 2446 δόσεις
547 2373 706 2434 ἑκάστοτε
724 2367 887 2452 λεγόντων
900 2372 986 2433 κατά
1002 2361 1109 2434 ταύτά
1124 2373 1263 2434 πάντων
1279 2368 1415 2457 ἐξηγου-

108 2485 139 2538 m
158 2477 269 2554 μένων
281 2467 515 2555 ζευγνυμένους
526 2493 562 2536 τε
574 2475 654 2548 τοδς
666 2473 796 2549 ῖππους
806 2473 863 2536 καί
873 2476 932 2537 τόν
938 2465 1058 2538 Ἥλιον
1074 2465 1177 2537 αὐτόν
1191 2475 1414 2556 ἐπιβαίνοντα

155 2583 218 2638 τοῦ
235 2571 369 2660 δίφρου.
414 2578 453 2638 τδ
477 2572 514 2638 δέ
537 2577 673 2658 ίσχυρδν
694 2576 753 2638 καί
772 2572 903 2639 τέλειον
926 2578 1016 2661 ἅρμα
1038 2579 1078 2639 τδ
1100 2579 1187 2652 Διὸς
1210 2567 1322 2652 οὐδείς
1344 2579 1411 2662 ἀρα
1424 2589 1465 2650 40

156 2679 300 2763 ὕμνησεν
316 2675 421 2756 ἀξίως
442 2684 510 2739 τῶν
524 2674 605 2763 τῇδε
621 2669 853 2762 οότεὍμηρος
868 2679 944 2741 οότε
956 2671 1125 2756 Ἡσίοδος,
1150 2675 1236 2740 ἀλλά
1252 2681 1413 2761 Ζωροάσ-

155 2799 237 2864 τρης
257 2783 314 2844 καί
334 2782 451 2863 μάγων
473 2777 596 2856 παῖδες
618 2773 743 2863 ᾄδουσι
758 2773 843 2863 παρ’
867 2781 995 2844 ἐκείνου
1009 2781 1200 2861 μαθόντες·
1224 2781 1262 2844 δν
1277 2783 1414 2866 Πέρσαι

15 2901 57 2954 (98
72 2901 95 2944 ιι
111 2900 141 2950 11)
157 2879 310 2965 λέγουσιν
332 2884 434 2968 ἐρωτι
458 2884 584 2969 σοφίας
605 2885 662 2946 καί
685 2881 901 2968 δικαιοσύνης
920 2885 1191 2969 ἀποχωρήσαντα
1210 2891 1278 2948 τῶν
1302 2881 1413 2947 ἄλλων

104 2999 135 3050 11
155 2977 240 3049 καθ’
267 2987 367 3048 αὐτόν
389 2988 425 3048 ἐν
447 2986 519 3069 όρει
539 2987 608 3049 τινί
629 2981 704 3072 ζῆν·
727 2987 848 3049 ἔπειτα
864 2985 1024 3072 ἁφθῆναι
1038 2988 1077 3048 τδ
1094 2987 1172 3067 όρος
1195 2989 1303 3072 πυρὸς
1325 2989 1412 3049 ἀνω-

153 3088 218 3150 θεν
241 3083 373 3150 πολλοῠ
385 3089 667 3173 κατασκήψαντος
683 3094 827 3168 συνεχῶς
848 3108 885 3150 τε
907 3089 1065 3152 κάεσθαι.
1104 3091 1164 3152 τόν
1187 3089 1245 3152 οδν
1266 3087 1411 3172 βασιλέα

158 3192 217 3253 σόν
232 3195 306 3266 τοῖς
321 3187 606 3273 ἐλλογιμωτάτοις
621 3191 766 3275 Περσῶν
780 3191 1006 3276 ἀφικνεῖσθαι
1027 3187 1184 3275 πλησίον,
1207 3189 1412 3272 βουλόμενον

41 3308 98 3364 (με
109 3309 142 3360 m
157 3289 327 3372 εὔξασθαι
339 3292 388 3376 τῷ
403 3291 495 3376 θεῷ·
510 3296 566 3357 καί
580 3296 639 3356 τόν
654 3291 760 3376 ἀνδρα
776 3289 929 3370 ἐξελθεῖν
944 3295 979 3355 ἐκ
994 3301 1057 3356 τοῦ
1070 3296 1178 3378 πυρός
1194 3295 1328 3381 ἀπαθῆ,
1347 3315 1412 3381 φα-

155 3401 252 3460 νέντα
275 3393 312 3459 δὲ
336 3387 453 3472 αὐτοῖς
475 3392 574 3458 ίλεων
596 3396 740 3480 θαρρεῖν
762 3391 918 3458 κελεῦσαι
938 3397 995 3459 καί
1023 3397 1133 3458 θῦσαι
1155 3396 1284 3472 θυσίας
1305 3401 1410 3474 τινάς,

97 3511 130 3562 εο
152 3504 199 3576 ὡς
220 3502 359 3583 ήκοντος
381 3501 432 3576 εἰς
453 3501 512 3562 τόν
534 3501 643 3561 τόπον
664 3505 726 3559 τοῦ
739 3497 834 3559 θεοῦ.
874 3499 1114 3579 συγγίγνεσθαί
1135 3519 1171 3561 τε
1193 3500 1279 3579 μετά
1301 3507 1406 3561 ταῦτα
1420 3510 1458 3570 41

154 3596 214 3686 οὐχ
236 3606 377 3680 άπασιν,
401 3598 485 3664 ἀλλά
508 3606 582 3676 τοῖς
610 3602 734 3683 άριστα
764 3601 852 3683 πρός
882 3595 1050 3684 ἀλήθειαν
1079 3604 1252 3686 πεφυκόσι
1273 3602 1414 3664 καὶτοῦ

159 3772 536 3784 -ι--ι----------
548 3769 742 3776 -——-------
866 3769 875 3772 -
910 3769 915 3772 -
940 3767 1104 3775 ...η-
1119 3769 1142 3775 ,—
1180 3771 1187 3774 -

243 3861 254 3912 1
272 3853 426 3922 βασιλίαΤ
479 3857 494 3908 2
512 3853 626 3927 γέλοιεο
645 3851 674 3906 Μ
745 3844 930 3924 ἐβασιίικὴν
946 3849 1011 3904 mihi
1028 3855 1183 3920 suspectum
1200 3854 1313 3922 proptor
1329 3851 1410 3908 finem

154 3941 393 4010 argumentationis
452 3935 531 4010 δήτι
548 3942 635 3997 τοῦτο
654 3936 677 3994 U
696 3931 750 3996 εἴτε
768 3935 898 3994 τοῦτοΒ
952 3939 982 3991 11
1001 3935 1091 3990 malim
1109 3929 1248 3996 οὐδέποτε
1299 3933 1413 3997 εἵλωσιν

154 4024 173 4099 ἢ
190 4035 252 4094 τοῖς
270 4023 469 4102 Σπαρτιάταις
483 4023 530 4080 UT
586 4028 616 4080 12
632 4026 682 4082 καί
698 4039 753 4080 om.
771 4021 824 4078 ΒΜ
842 4021 914 4078 unde
931 4021 1030 4078 melun!
1080 4019 1320 4096 ἐπιβουλεύοντος
1337 4025 1360 4079 Τ

158 4120 188 4170 15
201 4107 369 4171 τελιοτάτου
382 4111 412 4166 Μ
465 4115 619 4177 1ῖκοιναῖς
630 4105 739 4181 φήμαις
754 4107 826 4174 libri,
845 4121 915 4164 corr.
929 4105 1031 4163 Βείείιε
1084 4112 1115 4164 18
1133 4099 1359 4169 ἀν’στεὲνεκενΜ

153 4194 213 4260 ὑπὸ
229 4197 302 4266 libri,
319 4212 388 4254 corr.
406 4197 486 4268 Emp.
537 4199 598 4254 ταῖν
614 4194 705 4250 addidi
765 4197 795 4249 19
811 4197 861 4251 καί
878 4191 970 4260 δόσεις
986 4193 1060 4249 delet
1076 4194 1157 4265 Emp.
1225 4191 1300 4254 κατὰ
1318 4199 1411 4254 ταῦτα

155 4283 185 4342 Μ
202 4279 342 4343 καὶκατὰ
360 4286 451 4341 ταῦτα
468 4281 551 4348 um,
569 4295 638 4338 εοιτ.
655 4279 756 4337 Reme
807 4278 927 4337 πάντων
944 4277 1016 4346 librl,
1031 4274 1127 4338 πάντα
1139 4279 1242 4336 ΒείιΙεε
1293 4285 1327 4336 20
1343 4277 1412 4348 τοὶς

156 4385 210 4427 σοι.
228 4366 258 4425 Μ
344 4366 536 4426 11τέλιονΜ
625 4361 661 4424 τὸ
681 4359 750 4430 Διὸς
767 4363 796 4419 Μ
814 4367 868 4423 τοῦ
885 4357 955 4430 Διὸς
972 4363 1045 4422 UBT
1149 4369 1183 4422 2³
1200 4359 1275 4442 παρ’
1291 4364 1412 4427 ἐκείνων

156 4451 269 4519 Um,
288 4465 358 4509 corr.
374 4453 440 4510 editi
509 4457 541 4508 25
560 4445 913 4524 α’φθῆναιΒΜάφθεῑναι
934 4449 1008 4506 [λιιι.
1028 4467 1070 4522 pr.
1129 4455 1164 4508 16
1180 4453 1358 4512 καίεσθαιΒ

157 4543 190 4595 29
208 4537 274 4597 ίλέω
291 4537 322 4593 Μ
337 4535 417 4598 ἵλεον
434 4539 457 4596 U
475 4555 508 4594 m.
526 4554 568 4609 pr.
636 4541 670 4592 ³⁰
687 4537 872 4610 συγγίνεσθαι
891 4537 914 4592 Β
931 4535 1119 4609 συγγενέσθαι
1139 4538 1187 4596 UT
