3520 5270
715 357 852 416 omno
870 357 903 416 L.
1394 367 1435 426 99

179 525 241 604 μὲν
264 521 393 607 ἀλγῶσι
414 531 471 591 καί
492 531 712 608 πεπονθότες
734 530 828 611 ὦσιν,
851 537 885 598 οί
909 532 945 598 δέ
967 538 1173 619 ὑγιαίνωσιν.
1223 542 1254 602 εί
1276 537 1313 602 δέ
1335 539 1435 604 ιίιτον
1456 543 1476 604 4

180 623 346 703 ἐλεεινοδς
367 630 448 706 τοδς
470 627 692 716 δημοτικοός,
725 633 844 720 μηδείς
876 633 1032 723 ὑπολάβῃ
1064 637 1170 721 λέγειν
1197 661 1239 722 με
1266 644 1314 718 ὡς
1335 641 1436 708 άίικα

181 730 237 790 καί
260 733 442 814 παράνομα
464 733 633 816 ίπασχον,
663 737 768 800 όπότε
790 740 847 802 καί
868 741 948 816 τοδς
975 742 1044 804 δπδ
1068 743 1194 824 ίατρῶν
1214 749 1437 825 τεμνομένους

181 830 201 914 ἢ
223 835 425 912 καομένους,
459 837 519 900 ἐπί
547 841 698 924 σωτηρίᾳ
726 843 922 920 πάσχοντας
942 850 1049 906 ταῦτα
1056 891 1066 922 ,
1100 841 1272 925 ἐλεοῦμεν,
1300 849 1358 910 καί
1378 845 1436 910 δα·

148 936 342 1017 εκρόοοσιν
370 928 431 999 ἐπ’
463 939 579 1016 αὐτοῖς
605 944 662 1004 καὶ
686 948 829 1028 μητέρες
855 945 912 1008 καί
939 951 1101 1031 πατέρες,
1131 944 1259 1023 είδότες
1287 946 1437 1034 ὠφελου-

181 1041 312 1117 μένους.
350 1037 370 1100 δ
393 1036 428 1102 δέ
444 1041 542 1127 έφην,
565 1045 618 1106 ότι
639 1046 696 1108 καί
717 1048 884 1130 πρότερον
908 1050 993 1128 ὑμεῖς
1014 1052 1156 1133 ἠγάπων
1171 1050 1289 1135 πρίνῆ
1314 1055 1437 1136 πεῖραν

184 1140 298 1226 ἱκανὴν
326 1138 505 1228 εἰληφέναι
533 1153 592 1231 τῆς
620 1143 792 1226 διανοίας,
828 1157 884 1212 νῦν
913 1171 950 1232 γε
977 1152 1090 1230 όμνόω
1118 1153 1198 1228 τοδς
1225 1151 1331 1227 θεσδς
1358 1154 1437 1234 δμίν

183 1242 348 1322 ἅπαντας,
370 1240 391 1329 ἦ
412 1247 478 1331 μὴν
500 1247 602 1330 ἐγωγε
624 1251 684 1335 την
705 1247 830 1337 βουλὴν
852 1254 890 1314 οδ
912 1257 1018 1334 μόνον
1034 1250 1133 1331 ἀξίαν
1147 1261 1248 1340 τιμῆς
1264 1256 1366 1338 κρίνω
1381 1257 1438 1318 καί

4 1336 7 1428 γ’
185 1340 317 1428 φιλίας,
343 1343 429 1408 ἀλλὰ
450 1349 507 1411 καί
529 1347 696 1432 θαυμάζω
718 1355 779 1439 την
801 1355 896 1434 ίσχδν
917 1357 1011 1436 ὑμῶν
1031 1357 1089 1420 καί
1109 1359 1170 1443 τήν
1192 1353 1362 1443 ἀλήθειαν
1381 1357 1439 1420 καί

5 1458 8 1537 ξ
135 1453 165 1510 1⁰
185 1447 244 1530 τήν
272 1443 480 1534 ἐλευθερίαν.
532 1454 589 1516 καί
610 1461 729 1518 τοῦτον
752 1457 874 1542 έσχηκα
896 1459 956 1521 τδν
977 1461 1123 1544 τρόπον,
1153 1460 1241 1522 ὥστε
1266 1457 1432 1546 τῷδήμῳ
1457 1461 1476 1521 5

181 1550 243 1628 μὲν
270 1549 473 1617 ἐκτετικέναι
500 1551 611 1619 δοκεῖν
635 1559 721 1621 κατδ
750 1561 811 1645 την
838 1562 987 1640 ἐμαυτοῦ
1014 1558 1172 1642 δύναμιν,
1208 1563 1255 1637 ὡς
1282 1557 1437 1647 πολίτης,

182 1651 260 1731 ὑμῖν
284 1649 319 1714 δέ
343 1651 494 1740 όφείλειν
515 1660 572 1721 καί
592 1657 766 1744 μηδέποτε
788 1663 829 1725 ἀν
844 1659 1035 1750 δυνηθῆναι
1049 1665 1109 1749 τήν
1123 1664 1287 1748 δμετέραν
1302 1663 1436 1728 εὔνοιαν

182 1751 451 1837 ὑπερβαλέσθαι.
501 1763 558 1824 καί
578 1770 678 1824 τοῦτο
708 1761 748 1850 δη
772 1766 811 1826 τδ
841 1766 949 1850 ῥηθέν
977 1767 1046 1828 άπδ
1068 1771 1137 1828 τῶν
1167 1761 1324 1828 παλαιῶν
1345 1783 1439 1840 τινος

183 1857 351 1941 ρητόρων,
380 1859 571 1948 ὑπερβολήν
593 1885 669 1927 τινα
691 1867 779 1944 ἐχειν
802 1863 921 1930 δοκοῦν
941 1865 1134 1944 κολακείας,
1163 1870 1217 1930 δτι
1238 1869 1309 1944 ,τόν
1332 1865 1438 1952 δῆμον

137 1967 166 2020 15
187 1959 325 2036 εἰκότως
354 1963 394 2023 ἀν
423 1963 459 2025 ἐν
488 1969 561 2040 τοῖς
593 1964 792 2052 ὀφθαλμοῖς
826 1969 1094 2054 περιφεροίμην’
1125 1969 1192 2051 ἐγὼ
1228 1965 1368 2043 δικαίως
1396 1969 1438 2031 ἀν

2 2091 20 2116 ι
50 2073 130 2122 (αντε
139 2073 171 2126 σι
184 2057 320 2142 εἴποιμι
343 2066 430 2147 πρός
445 2067 538 2145 ἐμάς.
575 2070 632 2130 καὶ
646 2071 704 2130 τόν
718 2071 792 2132 αίδν
807 2078 937 2145 τοῦτον,
958 2072 992 2134 εί
1006 2079 1083 2134 ναόν
1098 2072 1167 2151 έχει
1181 2071 1239 2133 καὶ
1253 2073 1437 2155 σωφρονεῖ,

185 2159 310 2243 νομίζω
333 2167 446 2228 πάντα
468 2168 527 2228 τόν
548 2169 624 2249 βίον
646 2171 724 2250 ὑμῖν
745 2172 935 2257 ἀναθήσειν
950 2174 1006 2235 καί
1019 2173 1250 2257 θεραπεύσειν
1271 2174 1356 2251 ὑμᾶς
1379 2172 1438 2250 οδχ

186 2263 286 2348 ἦττον
308 2267 399 2346 ἐμοῦ.
500 2269 594 2346 τίνος
615 2277 805 2353 γενομένου,
828 2275 933 2360 φησει
955 2295 1017 2351 τις,
1038 2276 1096 2337 καί
1116 2275 1192 2336 τίνα
1215 2280 1283 2336 τῶν
1304 2270 1435 2358 ἀνδρῶν
1458 2275 1478 2337 6

186 2371 309 2449 πεῖραν
345 2365 496 2456 εἰληφὼς
534 2373 641 2449 οδτως
677 2371 936 2460 ὑπερδιατείνη;
975 2374 1059 2452 ἴσως
1091 2377 1259 2440 ἐπίπνοιά
1292 2394 1346 2451 τις
1377 2393 1438 2455 μοι

29 2481 77 2528 (ιιι
88 2479 122 2532 11)
135 2477 167 2530 ν)
186 2473 320 2550 γέγονεν
335 2473 525 2553 αὐτόματος
538 2479 595 2540 καί
611 2478 703 2563 φορά
720 2486 781 2564 τῆς
802 2487 913 2565 ψυχῆς
934 2481 1074 2563 τοιαότη
1099 2479 1186 2562 πρὸς
1208 2479 1308 2559 ὑμᾶς·
1331 2478 1438 2540 ἐκεῖνο

184 2559 218 2632 δ’
243 2571 301 2635 οδν
322 2575 517 2640 ἐπίστασθε
539 2587 662 2664 σαφῶς
684 2583 738 2644 δτι
760 2581 836 2645 οὔτε
858 2579 964 2668 δῆμον
988 2581 1064 2644 οδτε
1086 2573 1210 2665 βουλὴν
1233 2579 1309 2641 οδτε
1330 2575 1437 2661 ἄνδρα

185 2676 362 2761 σατράπην
389 2679 408 2763 ἡ
440 2677 604 2768 δυνάστην
633 2685 653 2768 ἢ
689 2685 851 2764 τύραννον
887 2687 1037 2768 στέργειν
1072 2683 1092 2768 ἢ
1128 2681 1337 2765 θεραπεύειν
1364 2683 1439 2754 τοῖς

184 2771 297 2858 λόγοις
318 2781 383 2862 ἐγὼ
407 2777 569 2864 δύναμαι,
590 2788 635 2872 μη
659 2776 745 2870 παρ’
771 2784 907 2868 ἐμαυτῷ
934 2789 1102 2870 πρότερον
1129 2783 1231 2846 αὐτόν
1251 2783 1439 2856 ἐπαινέσας

182 2879 239 2941 καί
260 2882 299 2942 τό
320 2890 380 2966 τῆς
404 2892 513 2972 ψυχῆς
533 2883 623 2972 ἦθος
645 2886 909 2970 ἀποδεξάμενος.
946 2891 1033 2968 ὑμεῖς
1047 2885 1085 2950 δὲ
1102 2888 1170 2970 δρῶ
1185 2881 1306 2965 σχεδόν
1321 2883 1439 2960 όσᾶίίς

4 3029 21 3054 .
137 2989 167 3043 25
189 2980 282 3059 ὑμῶν
301 2989 416 3066 γέγονε
438 2994 541 3073 πεῖρα
563 2999 623 3077 τῆς
644 2988 799 3068 διανοίας
826 2989 931 3076 μηδέν
959 2993 1105 3054 πώποτε
1130 2985 1248 3052 άδικον
1269 2983 1354 3072 μηδέ
1377 2985 1439 3065 ἀμ’

186 3081 329 3167 φίβολον
356 3087 441 3175 μηδὲ
471 3096 634 3158 ταπεινόν
662 3092 747 3179 μηδὲ
777 3090 1002 3176 εὐμετάβολον
1034 3089 1119 3178 μηδέ
1148 3085 1390 3176 ἀναίσθητον*
1417 3089 1437 3172 ἢ

185 3185 344 3271 θορύβων
366 3193 385 3277 ἡ
403 3197 610 3276 πραγμάτων
625 3194 935 3279 ἐπιδεδειγμένους·
959 3197 1046 3258 ὥστε
1061 3186 1196 3274 εἴποιμ’
1219 3195 1262 3256 δν
1284 3192 1436 3276 θαρρῶν,
1460 3195 1477 3254 ’ί

185 3291 275 3370 έχετε
296 3293 358 3373 μέν
373 3299 570 3378 προστάτας
587 3301 764 3383 χρηστούς,
787 3297 907 3362 οὐδένα
924 3296 960 3362 δέ
975 3295 1073 3376 ἀξιον
1095 3301 1235 3381 ἑαυτῶν,
1258 3287 1335 3356 ἀλλ’
1362 3288 1439 3355 οόδέ

186 3401 253 3457 τῶν
266 3397 434 3482 πρότερον
457 3393 500 3484 [ἢ]
522 3402 580 3462 τόν
604 3401 686 3481 ἐμόν
702 3407 834 3483 πατέρα
848 3403 869 3487 ἢ
887 3404 1035 3464 πάππον
1051 3397 1127 3464 οδδέ
1143 3402 1223 3475 τοδς
1237 3405 1304 3460 τῶν
1320 3393 1440 3468 ἀλλων,

273 3547 335 3606 ίοί
351 3561 402 3616 pro
420 3549 447 3607 εί
461 3547 492 3603 Μ
586 3547 791 3617 ἐκτισμένους
808 3548 862 3603 ΒΜ
981 3544 1178 3620 ἢκαομένοος
1194 3543 1289 3602 om.T
1360 3549 1441 3646 ικαὶ

186 3635 277 3689 ταῦτα
295 3631 368 3688 UB'I'
420 3629 594 3704 Βαδμόνον
605 3633 638 3699 Β,
657 3625 755 3691 οδσια.
767 3631 849 3690 ΜῦΤ
899 3625 1254 3704 9ἢμαῖν(υεαρεεεαε.)Τ
1307 3632 1339 3684 1³
1355 3645 1440 3701 οπερ

186 3717 387 3789 βαλλέσθαιΤ
438 3722 525 3777 τινοῖν
543 3719 567 3776 U
586 3717 708 3777 τινωνΤ
727 3721 886 3788 ίρεατινος)
948 3721 977 3772 15
995 3715 1146 3788 περιφίροι
1162 3709 1220 3786 μὴν
1235 3709 1440 3815 Μιεεριφέροι,

187 3805 238 3858 νῦν
255 3801 408 3861 Ηειαιεεείι.
488 3808 519 3860 16
538 3813 704 3879 σωφρονεῖν
720 3803 792 3869 libri,
810 3818 882 3859 corr.
900 3801 1002 3858 Βόσκε
1020 3817 1053 3858 ex
1070 3801 1182 3869 interpr.
1255 3802 1285 3852 17
1304 3803 1442 3872 ανθησειν

187 3887 242 3943 ΒΜ
326 3885 499 3962 θεραπεύειν
515 3889 595 3946 UMT
684 3893 715 3945 19
733 3887 916 3962 δπιρόιαείνη
933 3885 963 3940 Μ
1048 3905 1099 3956 μοι
1116 3887 1160 3951 τίς
1176 3884 1239 3950 (hoc
1255 3881 1325 3948 διδ.)
1342 3883 1373 3938 Μ

188 3977 221 4027 20
238 3971 359 4046 γέγονεν
374 3972 408 4031 ἐν
423 3973 450 4029 'l'
550 3979 581 4031 21
603 3971 779 4033 ἐπίστασθαι
797 3971 827 4026 Μ
844 3969 1004 4030 ἐπίστασθε
1022 3977 1046 4032 ίε
1063 3985 1082 4026 ε
1098 3975 1181 4035 corr.)
1198 3968 1222 4068 13
1308 3971 1342 4024 23
1360 3967 1388 4027 εί
1402 3963 1441 4042 μὴ

188 4055 262 4113 Uss'r
347 4061 381 4114 25
398 4057 500 4132 γέγονε
516 4057 549 4118 ἐν
565 4062 653 4129 πείρα
671 4057 701 4114 Μ
796 4057 865 4130 μηδὲ
881 4057 911 4110 Μ
928 4053 999 4128 μήτε
1016 4053 1090 4112 UBT
1106 4058 1179 4120 (ante
1196 4053 1374 4154 ἀμφίβολον)

188 4147 222 4198 ²6
238 4139 311 4216 μήτε
327 4143 389 4199 fibri
406 4143 457 4212 bis,
476 4159 545 4203 εσπ.
563 4145 644 4216 Εαερ.
714 4141 785 4217 μήτε
802 4141 874 4211 libri,
892 4157 962 4198 corr.
979 4141 1059 4212 Emp.
1128 4144 1192 4211 ραεε
1208 4141 1388 4212 αναίαάρτον
1404 4137 1442 4194 ία-

189 4244 287 4284 cunam
303 4230 432 4286 indicavit
448 4229 537 4302 Εαιρ,
555 4231 602 4303 qui
618 4223 686 4303 μηδ’
704 4220 793 4302 ἦττον
809 4227 928 4298 supplet,
946 4227 981 4283 ιά
999 4223 1161 4284 tentanum
1178 4231 1242 4295 κριε
1330 4219 1442 4296 ‚mus

189 4329 242 4372 σαι.
260 4313 335 4371 UBT
404 4321 436 4372 27
454 4312 587 4390 θόρυβον
604 4315 657 4372 ΒΜ
735 4313 971 4387 ἐπιδεδειγμένοις
987 4313 1037 4372 m]
1053 4328 1090 4368 m.
1109 4326 1149 4382 pr.
1168 4313 1247 4376 (corr.
1265 4313 1336 4376 wc)
1352 4305 1442 4366 ἐπιδε-

189 4399 331 4472 όιγμένοις
346 4399 377 4454 Μ
436 4405 469 4456 29
487 4396 541 4459 τὸν
557 4397 705 4475 πρότερον
715 4400 764 4457 UB
816 4394 835 4472 ἢ
852 4399 916 4455 ml.
928 4397 1019 4468 Emp„
1036 4395 1108 4469 quod
1125 4393 1228 4452 εεπιεί
1244 4393 1443 4498 potensin&

190 4479 209 4556 ἢ
223 4501 275 4555 pro
293 4479 358 4546 οδόέ
375 4487 533 4558 scripum
550 4493 642 4560 potest
653 4489 734 4543 etiam
745 4481 851 4557 (οὔτε)
862 4479 917 4542 τὸν
927 4478 1001 4554 ἐμὸν
1013 4515 1045 4524 -
1059 4513 1091 4524 -
1105 4477 1172 4540 οὔτε
1184 4476 1252 4546 τοὺς
1263 4481 1322 4537 τῶν
1333 4482 1443 4548 αλλων,·

190 4569 238 4626 νεά
255 4571 284 4627 in
300 4571 384 4628 ίιεάαι
400 4573 474 4629 modi
491 4573 613 4630 σπάσαι
630 4571 732 4629 εαέδάι
749 4571 822 4642 quod
838 4570 926 4627 voluit
941 4569 1022 4640 Emp.
1203 4635 1240 4688 μ
