3466 5268
336 321 377 383 74
795 323 920 381 morus
939 324 1125 382 DliFlillSIO

334 495 421 574 όλως
445 494 673 584 λυπηρότερος
694 497 721 560 ὦ
747 506 815 563 τῶν
843 498 970 562 ένθάδε
996 497 1125 586 μηδενί.
1172 500 1294 579 τὸμὲν
1321 495 1360 584 δή
1384 507 1444 584 τῆς
1465 495 1593 584 βουλῆς

338 601 426 662 οὐτω
451 597 603 686 διῳκήθη
627 604 669 664 τά
691 591 723 684 γ’
748 598 834 665 ἀλλα
858 603 975 686 ὀρθῶς
989 603 1078 678 (οὐτε
1092 603 1155 684 γάρ
1174 598 1325 687 φαύλους
1341 600 1417 663 ούτε
1433 597 1597 678 ἀναξίους

335 698 461 786 ἀνδρας
483 703 768 790 ἐχειροτονήσατε)
790 701 879 790 πλήν
901 706 955 766 δτι
977 707 1102 779 πάντες
1124 713 1184 790 της
1206 702 1283 789 ἴσης
1306 706 1460 783 τυχόντες
1480 711 1595 789 τιμῆς,

334 804 448 867 καίτοι
478 801 617 882 δικαίως
650 810 869 887 τυγχάνοντες
901 808 957 869 καί
991 799 1039 870 δι’
1071 809 1209 884 αὐτούς,
1243 809 1334 885 όμως
1361 806 1522 889 καθάπερ
1560 807 1596 866 οῖ
1607 819 1656 872 (ιιι
1669 819 1695 862 ιο

333 909 518 987 μυούμενοι
544 917 773 992 μυσταγωγῶν
799 907 1001 994 ἐδεήθησαν.
1053 911 1117 990 ἐγὼ
1149 905 1185 971 δὲ
1216 907 1293 971 οὐδὲ
1317 916 1436 994 ψῆφον
1458 903 1629 992 ήξίωσαι

336 1005 515 1090 διενεγκεῖν
543 1011 629 1094 ὐπέρ
664 1008 799 1086 οὐδενὸς
820 1015 940 1091 μόνος,
968 1013 1013 1097 μή
1037 1013 1149 1097 ῥοπήν
1170 1032 1247 1075 τινα
1271 1007 1412 1095 δοκῇτὸ
1435 1016 1593 1071 τοιοῦτον

337 1116 498 1192 παρέχειν
519 1114 576 1175 καί
603 1114 790 1196 μαρτυρίαν
811 1117 868 1177 καί
890 1121 956 1176 τῶν
979 1110 1090 1175 ἀλλων
1111 1116 1202 1189 τινὲς
1224 1115 1412 1199 ὀκνήσωσιν
1435 1113 1511 1192 ἐμοί
1534 1113 1593 1173 τά-

286 1212 454 1276 1οναντία
483 1217 627 1301 γράφειν
656 1218 712 1278 καί
740 1217 1014 1302 ἀποφαίνεσθαι.
1068 1218 1103 1278 τί
1132 1215 1207 1292 οδν;
1235 1216 1295 1278 έπί
1326 1212 1386 1277 δύο
1416 1218 1543 1298 ήμύρας
1571 1215 1592 1299 ή

335 1321 426 1400 τρεῖς
447 1322 644 1402 γιγνομένης
665 1326 726 1404 της
745 1319 957 1403 χειροτονίας
971 1316 1118 1404 ἐξῆλθον
1134 1310 1208 1380 οὐδ’
1233 1313 1373 1398 ἔμελλον
1387 1317 1595 1399 παρατυχὼν
1608 1329 1720 1380 «marui

335 1422 409 1493 τοῖς
430 1421 603 1501 γεγονόσιν
633 1417 753 1482 οὐδένα
779 1423 867 1501 ἔχειν
892 1424 1064 1507 χρεώστην
1087 1418 1165 1484 οὐδὲ
1190 1422 1385 1504 συνωμότην
1414 1415 1491 1481 οὐδὲ
1514 1419 1593 1500 ἐμοὶ
1614 1426 1643 1479 1⁰

333 1520 433 1602 χάριν
456 1517 639 1606 ὀφείλοντα
661 1525 945 1607 τοῦπράγματος.
982 1525 1061 1603 ύμῖν
1076 1525 1149 1605 γάρ,
1174 1523 1231 1584 οὐκ
1246 1521 1391 1603 ἐμαυτῷ,
1413 1522 1493 1595 τούς
1515 1519 1595 1602 βου-

338 1617 457 1696 λευτάς
488 1613 675 1706 ᾐτησάμην.
725 1627 783 1687 καί
811 1626 923 1688 τοίνυν
953 1622 1153 1711 διοικήσεως
1182 1632 1238 1687 νῦν
1268 1631 1405 1708 πρῶτον
1428 1623 1595 1706 ἀχθείσης

337 1719 449 1784 πολλά
480 1725 545 1786 ὐπδ
575 1721 712 1788 πολλῶν
746 1724 961 1813 ήδικημένος,
990 1729 1106 1811 ὥσπερ
1138 1727 1227 1802 εἰκός
1255 1728 1330 1789 ἐστι
1358 1728 1417 1787 τόν
1445 1722 1594 1787 έλθόντα

337 1826 423 1906 μετδ
445 1833 593 1889 τοσαῦτα
622 1829 679 1913 ἀτη
705 1837 827 1916 φυγῆς,
855 1831 911 1893 καί
940 1833 1027 1916 πρός
1057 1830 1169 1905 ένίους
1199 1827 1275 1890 οὐδέ
1300 1825 1401 1890 δικῶν
1423 1847 1484 1907 μοι
1506 1823 1594 1904 δέον,

340 1924 426 1990 ἀλλά
447 1925 575 2007 μᾶλλον
604 1932 715 1994 εἰπεῖν
736 1933 792 1994 καί
813 1934 1010 2019 μνησθῆναι
1032 1934 1112 2018 περὶ
1134 1940 1201 1995 τῶν
1222 1933 1469 2009 κατεχομένων,
1500 1930 1589 2013 πρός
1611 1937 1639 1990 15

340 2027 459 2094 οὐδένα
476 2023 548 2093 οὐτ’
566 2033 741 2119 ἐμνήσθην
757 2035 833 2097 οὐτε
850 2032 948 2117 λόγον
963 2039 1178 2120 ἐποιησάμην
1195 2029 1324 2109 οὐδένα,
1346 2034 1519 2094 τοσούτων
1533 2033 1596 2110 μὲν

339 2133 389 2207 είς
410 2129 609 2217 ἐλευθερίαν
632 2137 873 2222 ἀφεστηκότων
896 2139 1050 2216 οἰκετῶν,
1079 2140 1252 2200 τοσούτων
1276 2132 1311 2196 δέ
1332 2135 1488 2219 χρήματα
1511 2133 1596 2196 ἀπε-

340 2235 557 2317 στερηκότων,
581 2237 752 2297 τοσούτων
776 2232 811 2298 δὲ
825 2237 934 2318 χωρία
949 2239 1166 2317 κατεχόντων,
1190 2238 1248 2300 ἀτε
1262 2233 1407 2321 μηδενός
1423 2238 1520 2310 όντος
1536 2242 1599 2296 τού
1611 2246 1687 2297 (m
1698 2245 1724 2299 Π]

288 2336 325 2399 11
339 2329 558 2411 κωλύσοντος.
598 2337 713 2419 οὐγὰρ
731 2334 769 2423 δή
789 2336 836 2420 τῷ
859 2341 920 2419 μίν
940 2330 1100 2402 Ὀδυσσεῖ
1118 2343 1249 2424 πατέρα
1266 2339 1354 2401 οἴκοι
1369 2335 1595 2401 καταλιπόντι

337 2437 394 2498 καί
422 2442 560 2517 γυναῖκα
590 2439 724 2524 ἀγαθήν
746 2443 802 2504 καί
825 2439 946 2527 φίλους
976 2443 1095 2528 συνέβη
1118 2442 1424 2529 καταφρονηθῆναι
1452 2439 1509 2504 διδ
1532 2443 1592 2526 τήν
1614 2447 1645 2499 2ο

339 2530 536 2618 ἀποδημίαν
565 2538 672 2612 οὐτως
700 2534 823 2622 <ὥσ>τε
852 2543 911 2626 τήν
941 2543 1050 2605 οἰκίαν
1079 2544 1184 2605 αὐτοῦ
1209 2541 1463 2626 καταλαβόντας
1484 2545 1596 2619 ένίους

339 2637 524 2716 ἑστιᾶσθαι
545 2640 602 2700 καί
623 2640 736 2703 πίνειν
757 2634 842 2703 καθ’
867 2645 1010 2728 ἑκάστην
1025 2647 1085 2730 τήν
1100 2649 1226 2731 ήμέρον
1248 2650 1306 2709 τόν
1330 2645 1423 2708 οἶνον
1438 2642 1595 2708 ἀντλοῦν-

338 2759 400 2812 τας
421 2741 477 2801 καί
498 2739 540 2801 τά
562 2741 760 2828 βοσκήματα
776 2744 1050 2824 ἀποκτιννύντας,
1073 2748 1129 2811 καί
1143 2745 1228 2833 μηδὲ
1251 2757 1311 2827 τῆς
1332 2751 1488 2830 γυναικός
1511 2749 1595 2810 ἀπέ-

337 2840 467 2918 χεσθαι
488 2837 722 2922 τελευτῶντας,
745 2838 822 2907 ἀλλ’
841 2848 988 2911 όκουσαν
1002 2843 1189 2929 βιάζεσθαι
1203 2842 1307 2936 γῆμαι
1321 2854 1378 2915 καί
1392 2847 1593 2914 καταλιπεῖν

339 2945 397 3006 τδν
419 2941 525 3029 ἀνδρα
547 2947 604 3008 καί
625 2949 685 3031 τήν
708 2948 825 3022 οίκίαν,
848 2951 906 3029 ἐμὲ
929 2949 965 3013 δὲ
990 2953 1048 3014 οὐκ
1068 2949 1108 3037 ήν
1131 2955 1220 3028 είκύς
1235 2955 1303 3016 ύπδ
1320 2950 1457 3015 πολλῶν
1480 2947 1590 3016 πολλὰ
1613 2957 1644 3008 2⁵

339 3053 479 3108 τοιαῦτα
509 3049 740 3128 πεπονθέναι,
777 3055 915 3114 πάντων
949 3055 1193 3136 ἀπεγνωκότων
1218 3075 1261 3135 με
1288 3058 1345 3119 καί
1370 3053 1515 3140 μηδενὸς
1543 3055 1595 3116 ἔτι

291 3149 330 3214 12
343 3148 574 3233 σωθήσεσθαι
590 3149 858 3236 προσδοκῶντος.
897 3152 982 3218 ἀλλά
999 3159 1078 3242 περί
1092 3165 1197 3220 ταῦτα
1213 3162 1274 3238 μὲν
1290 3157 1374 3233 ἴσως
1397 3159 1455 3237 οὐχ
1477 3160 1596 3238 ὅμοιος

340 3253 471 3334 έτίροις
492 3256 621 3334 γέγονα,
647 3251 730 3336 λέγω
754 3252 789 3318 δὲ
814 3258 852 3318 οὐ
874 3265 942 3319 τῶν
965 3255 1111 3321 ίδιωτῶν
1132 3263 1247 3339 μόνον,
1271 3257 1356 3322 ἀλλὰ
1381 3257 1517 3322 πολλῶν
1539 3261 1596 3321 καί

343 3349 546 3438 φιλοσόφων
560 3352 773 3435 καλουμένων
790 3365 1083 3444 σωφρονέστερος·
1106 3358 1260 3447 έλύπησα
1278 3360 1313 3425 δὲ
1337 3365 1372 3426 έν
1394 3368 1468 3438 τοῖς
1484 3363 1596 3447 ἔργοις

339 3459 398 3542 τήν
421 3453 532 3518 πόλιν.
578 3461 658 3543 περὶ
681 3457 716 3522 δὲ
739 3465 882 3540 τούτων,
912 3465 958 3538 ὡς
981 3465 1120 3544 ἐγένετο,
1146 3461 1309 3541 πολλάκις
1332 3466 1510 3549 ἀκηκόατε·
1541 3461 1597 3526 δεῖ
1614 3470 1644 3521 ἀ)

678 3621 938 3631 -.-———-—
1282 3627 1398 3633 ——-
1410 3627 1425 3632 ...
1437 3628 1445 3632 ..
1456 3629 1464 3632 .
1489 3627 1594 3634 -—--

424 3729 442 3780 2
461 3717 552 3792 αὐτας
569 3725 594 3782 U
612 3717 689 3784 οὐτω
708 3743 760 3782 om.
777 3726 807 3781 M
887 3725 923 3787 τὰ
941 3721 968 3786 δ’
987 3725 1060 3788 ἀλλα
1078 3729 1148 3794 libri,
1166 3724 1202 3787 τά
1220 3721 1250 3803 γ’
1268 3725 1340 3788 ἀλλα
1358 3729 1497 3800 impressu
1513 3744 1596 3800 prae-

338 3812 397 3868 fero
415 3810 452 3870 τά
469 3812 523 3882 μὲν
539 3809 613 3871 ἀλλα
698 3811 956 3888 δέχιροτονήσατε
973 3815 1003 3871 ir
1097 3819 1148 3888 τῆς
1164 3811 1237 3889 ίσηςε
1255 3815 1400 3886 φιδιτίου
1417 3811 1528 3869 honoris
1546 3827 1597 3868 cur

340 3902 471 3954 memoret
486 3911 531 3954 me
547 3897 618 3968 fugit
686 3891 824 3966 όαύτούς
842 3899 890 3956 UT
959 3904 1109 3959 6τοιοῦτο
1126 3900 1176 3956 UB
1228 3897 1417 3972 ὐγενυμένης
1434 3897 1505 3966 libri,
1523 3912 1596 3954 corr.

341 3981 441 4039 Reirke
526 3979 611 4056 ήμτο
630 3986 680 4057 τῆς
696 3981 728 4037 Μ
808 3977 905 4043 9οὐύ’
924 3981 1044 4055 ἔμελλον
1060 3985 1140 4055 Emp.
1160 3979 1226 4045 oiri
1242 3987 1354 4056 μᾶλλον
1370 3983 1433 4040 libri
1502 4003 1597 4056 παρα·

341 4064 429 4141 τύχον
446 4067 476 4122 bl
546 4073 577 4124 1⁰
595 4063 671 4141 ἔχειν
687 4069 778 4139 Βωμ,
796 4063 870 4141 ἔχων
885 4069 950 4125 libri
1002 4074 1035 4125 12
1051 4063 1232 4143 ἡτισάμηνΤ
1298 4075 1330 4127 14
1346 4069 1413 4128 δέον
1430 4069 1521 4141 Erip„
1539 4073 1599 4128 δεῖν

339 4154 403 4209 libri
473 4158 504 4209 15
521 4158 633 4226 μᾶλλον
649 4155 722 4224 libri,
738 4150 833 4226 μόνον
849 4154 946 4225 Ρίίιιςὶ
1042 4161 1073 4212 16
1091 4160 1235 4215 τοσοῦτον
1252 4155 1277 4212 U
1293 4172 1330 4212 m.
1348 4171 1391 4226 pr.
1480 4161 1509 4210 Π
1527 4176 1596 4227 χρη·

339 4239 441 4310 μάτων
458 4239 508 4297 UT
581 4244 611 4297 18
630 4235 665 4300 οὐ
682 4257 732 4311 pro
750 4241 850 4300 τοῦΜ
894 4234 1277 4316 ’19ούόίγάρ(οιυ.όὴ)2
1335 4239 1371 4300 τὸ
1389 4257 1439 4312 pro
1456 4240 1545 4318 τῴΜ

341 4329 370 4380 21
393 4317 486 4393 οὕτως
502 4315 579 4384 δι’στε
596 4325 705 4393 Reirko,
724 4317 816 4393 οὐτως
832 4346 864 4385 τε
879 4325 944 4382 libri
1003 4325 1217 4394 καταλιπόντας
1234 4326 1265 4381 Μ
1281 4322 1496 4393 καταλιπόντος
1514 4323 1597 4394 UBT,

340 4425 410 4468 corr.
431 4412 508 4483 Emp.
578 4414 611 4466 22
629 4406 680 4484 τήν
697 4427 748 4467 om.
766 4412 796 4467 M
866 4416 898 4468 ²³
916 4406 1169 4481 α’νιοκτινύνταςΤ
1240 4415 1272 4468 rb
1289 4413 1422 4486 μήδοςΜ
1491 4415 1525 4468 28
1542 4413 1596 4482 μό·

340 4517 399 4555 νων
416 4497 446 4552 Μ
517 4502 548 4553 ³0
567 4495 599 4564 δὴ
616 4513 667 4569 pro
685 4503 729 4557 δεῖ
745 4497 773 4554 Μ
