3526 5264
680 378 817 436 ORATIO
835 379 920 436 Lxx.
1364 385 1424 444 179

168 547 253 634 μηόέ
276 551 356 634 περί
377 558 482 614 ταῦτα
500 549 698 638 φροντίζων,
721 551 807 616 ἀλλά
822 553 948 636 μᾶλλον
965 557 1073 618 συνὼν
1091 563 1164 632 τοῖς
1178 559 1356 640 κυβεύουσι
1370 563 1427 624 καί

167 643 242 734 μετ’
275 653 411 716 ἐκείνων
441 655 600 718 ἑκάστοτε
634 652 699 733 ζῶν
727 659 783 720 καί
812 655 1039 739 βλεπόμενος,
1069 661 1279 741 ἀστρονόμον
1307 670 1426 725 τοῦτον

170 756 292 840 φήσεις
312 756 332 840 ἢ
355 755 514 842 κυβευτήν
521 778 533 833 ,·
554 790 597 802 -
615 756 664 820 Οά
686 760 733 838 μό
757 761 815 821 τόν
836 753 899 821 Al'
923 760 1151 843 ἀστρονομίας
1172 765 1362 850 ήγησαίμην
1385 767 1426 828 ἀν

170 859 272 939 έγωγι
295 859 479 944 προσήκειν
509 858 599 942 αὐτῷ
627 881 678 938 τι,
708 858 797 923 πολύ
827 858 862 923 ii
891 857 1019 941 μᾶλλον
1047 863 1192 944 κυβείας.
1222 897 1264 908 -
1291 868 1363 928 Δύο
1387 865 1425 930 όέ
1448 869 1466 926 5

135 971 150 1022 5
170 979 272 1022 τινων
287 967 348 1021 τοῦ
362 962 424 1040 μίν
449 957 603 1043 λέγοντος
618 966 672 1026 ότι
687 959 887 1026 πλευσεῖται
900 965 960 1049 τήν
977 967 1137 1050 ταχίστην
1151 967 1207 1029 καί
1222 965 1334 1030 πολλὰ
1354 989 1426 1052 κερ-

169 1059 268 1125 όανεῖ
281 1065 436 1148 χρήματα
460 1065 531 1127 ἀπὸ
554 1065 740 1149 ἐμπορίας,
769 1068 853 1151 μήτε
884 1062 920 1128 cii
949 1075 1030 1142 ναῦς
1056 1069 1141 1154 μήτε
1169 1071 1293 1144 ναύτας
1322 1091 1425 1156 παρε-

169 1171 393 1245 σκευασμένου
415 1169 499 1253 μήτε
523 1170 651 1252 φόρτον
673 1169 808 1248 έχοντος
829 1166 974 1253 μηόένα,
1005 1166 1090 1232 ἀλλά
1112 1168 1197 1256 μηόὲ
1221 1175 1426 1255 προσιόντος

167 1265 255 1342 όλως
276 1266 324 1350 τῴ
349 1265 459 1347 λιμένι
480 1267 565 1353 μηόλ
589 1278 630 1356 τή
652 1267 825 1356 θαλάττη,
855 1279 918 1333 τοῦ
940 1268 975 1334 ἀὲ
999 1277 1318 1354 πραγματευομένου
1349 1276 1428 1360 περί

167 1377 273 1432 ταῦτα
295 1372 352 1432 καί
373 1369 496 1434 πλοῖον
520 1381 812 1456 περισκοποῦντος
833 1375 890 1436 καί
910 1375 1111 1460 κυβερνήτην
1125 1376 1181 1437 καὶ
1194 1377 1348 1461 χρήματα
1370 1377 1426 1456 έμ-

3 1555 4 1560 ¹
121 1479 149 1531 1⁰
169 1470 396 1553 βαλλομένου·
426 1476 571 1557 πότερον
598 1475 707 1538 αὐτῶν
731 1477 854 1560 φήσεις
875 1476 1026 1560 ίμπορίρ
1049 1481 1228 1560 προσέχειν
1250 1479 1309 1540 τὸν
1332 1486 1427 1554 νοόν,·

166 1578 225 1638 τόν
247 1571 386 1657 λέγοντα
408 1577 428 1660 ή
451 1577 510 1637 τόν
527 1577 721 1658 πράττοντα
743 1577 799 1638 καί
821 1572 1160 1660 παρασκευαζόμενον
1183 1579 1225 1640 τό
1255 1585 1318 1640 τοῦ
1338 1575 1429 1641 πλοό

63 1679 224 1742 ‹saemxaz
244 1678 287 1739 τό
308 1686 369 1764 τῆς
390 1679 578 1760 έμπσρίας,·
601 1711 643 1722 -
661 1670 740 1761 Ἐγὼ
762 1681 824 1759 μὲν
845 1685 976 1740 τοῦτον.
1009 1712 1051 1724 -
1072 1681 1113 1741 A.
1133 1671 1208 1742 Ἐπί
1230 1682 1334 1743 παντί
1356 1681 1422 1765 ἀρα
1445 1684 1465 1745 6

2 1759 12 1782 ’
167 1781 308 1860 τὸνμὲν
332 1777 446 1862 λόγον,
476 1781 507 1841 εί
528 1771 613 1842 καθ’
639 1781 740 1843 αὐτόν
764 1777 915 1862 λέγοιτο,
936 1777 1081 1866 μηόενὸς
1103 1783 1201 1866 έργσυ
1224 1785 1423 1866 προσόντος,

167 1883 288 1967 ἀκυρον
310 1884 414 1968 ήγήση
436 1884 493 1945 καί
516 1883 554 1944 ού
577 1886 719 1945 πιστόν·
741 1885 779 1945 τό
798 1873 831 1946 ‹i'
858 1884 955 1966 ἔργον
972 1884 1054 1945 αὐτὸ
1070 1885 1195 1945 πιστόν
1210 1904 1246 1946 τε
1267 1886 1324 1946 καί
1346 1881 1425 1969 ἀλη-

119 1991 147 2042 ῶ
168 1985 248 2063 θές,
277 1986 336 2048 έάν
356 1987 413 2048 καί
437 1987 483 2070 μή
514 1988 646 2069 προάγῃ
672 1981 787 2068 λόγος;
815 2017 857 2029 -·
890 1983 1016 2060 Οὕτως.
1045 2015 1088 2028 -
1115 1987 1155 2046 A.
1185 1986 1338 2069 Πότερον
1368 1986 1426 2048 ούν

167 2089 330 2171 γεωργίας
345 2089 420 2150 ίστί
434 2108 510 2149 τινα
527 2087 606 2171 ἔργα
621 2089 678 2152 καί
701 2089 895 2172 παρασκευή
918 2088 975 2148 καί
997 2081 1171 2161 ναυτιλίας
1192 2088 1248 2147 καί
1270 2083 1355 2147 ἀλλα
1378 2085 1424 2169 τῴ

167 2196 325 2276 κυνηγέτῃ
339 2192 554 2275 προσήκοντα
566 2192 623 2252 καί
637 2187 686 2272 τῷ
701 2189 899 2272 ἀστρονόμῳ
915 2191 972 2250 καί
986 2181 1068 2272 [ini]
1083 2193 1156 2262 τοῖς
1171 2184 1289 2262 ἀλλοις
1303 2190 1424 2264 ἅπασι,

31 2304 156 2357 (mann)
172 2287 383 2377 φιλοσοφίας
407 2289 443 2354 ἀὲ
468 2288 566 2355 ούόέν
587 2293 680 2354 έστιν
704 2291 828 2354 οἰκεῖον
850 2293 947 2374 ἔργον
970 2287 1046 2352 οὐδὲ
1064 2297 1199 2374 πρᾶγμα
1216 2286 1292 2351 odii
1316 2308 1425 2372 παρα-

168 2395 265 2478 σκευή
272 2415 284 2468 ;
305 2425 349 2438 -
369 2395 466 2457 Πάνυ
489 2395 551 2474 μὲν
576 2393 642 2455 σύν.
666 2425 710 2436 -
730 2395 772 2454 A.
785 2383 886 2455 Ἀλλὰ
909 2399 1014 2454 ταῦτα
1035 2393 1096 2471 μὲν
1119 2388 1228 2476 ἀόηλα
1250 2391 1292 2452 τά
1316 2407 1422 2476 προσ·
1446 2393 1463 2454 7

120 2503 149 2554 ²0
170 2496 292 2580 ήκοντα
314 2494 361 2578 τῷ
379 2494 561 2581 φιλοσόφῳ
577 2496 633 2558 καὶ
650 2492 852 2580 φιλοσοφίᾳ,
875 2494 917 2556 τά
941 2491 977 2556 ii
999 2500 1066 2556 τῶν
1079 2495 1240 2578 ίμπόρων
1254 2496 1309 2557 καὶ
1323 2513 1425 2578 γεωρ-

166 2604 233 2678 γῶν
261 2600 317 2661 καὶ
344 2605 516 2679 μουσικῶν
538 2600 595 2661 καί
624 2599 844 2682 ἀστρονόμων
871 2593 996 2658 καλῶν
1024 2603 1082 2658 νῦν
1113 2593 1152 2682 όή
1181 2594 1280 2659 εἶπον
1303 2593 1424 2681 έκόηλα

166 2701 222 2762 καί
245 2704 393 2786 φανερό;
422 2733 464 2746 --
497 2699 547 2763 Ού
574 2721 635 2781 μοι
665 2697 765 2763 ύοκεῖ.
797 2731 840 2744 -
867 2701 908 2761 A.
929 2689 1030 2760 Ἀλλά
1061 2694 1100 2784 όν)
1129 2701 1186 2761 καί
1216 2695 1310 2781 λόγοι
1336 2703 1425 2773 τινές

168 2803 264 2880 είσιν,
288 2802 334 2866 ὧν
358 2801 414 2866 όεῖ
431 2806 489 2866 τόν
506 2800 763 2889 φιλοσοφοῦντα
780 2803 923 2878 ἀκούειν,
945 2801 1002 2863 καί
1016 2801 1216 2885 μαθήματα,
1240 2797 1334 2863 όόεῖ
1342 2821 1424 2880 μαν-

168 2905 306 2984 θάνειν,
334 2909 391 2970 καί
415 2903 547 2983 όίαιτα,
576 2907 617 2990 ήν
641 2903 698 2968 όεῖ
716 2902 920 2966 διαιτᾶσθαι
929 2951 938 2980 ,
966 2905 1024 2965 καί
1050 2900 1203 2964 καθόλου
1225 2903 1301 2983 βίος
1322 2899 1425 2978 ἀλλος

4 3031 16 3064 ν
120 3015 149 3064 15
169 3010 230 3087 μὲν
252 3017 314 3070 τοῦ
336 3005 624 3093 φιλοσοφοῦντος,
648 3003 751 3082 ἀλλος
774 3003 809 3069 ἀὲ
831 3012 899 3068 τῶν
923 3001 1059 3066 πολλῶν
1082 3005 1295 3085 ἀνθρώπων·
1324 3006 1426 3085 όμὲν

171 3111 259 3191 πρὸς
279 3106 447 3193 ἀλήθειαν
469 3111 526 3171 καί
542 3112 707 3193 φρόνησιν
723 3109 842 3170 τείνων
856 3109 912 3170 καί
926 3107 1020 3169 θεῶν
1035 3103 1235 3188 έπιμίλειαν
1248 3109 1304 3170 καί
1319 3107 1424 3192 θερα-

256 3359 267 3408 1
288 3349 373 3425 ἤρου
390 3354 459 3426 μηδὲ
477 3353 525 3408 ΗΡ
595 3357 659 3424 περί
677 3354 831 3412 τοιαῦταΡ
850 3356 970 3411 τοιαῦτα
987 3362 1050 3420 (om.
1068 3357 1143 3427 περὶ)
1156 3355 1182 3408 Η
1251 3349 1345 3412 σννόιν
1362 3362 1425 3420 ταῖς

169 3439 279 3506 Ηείιὲο,
298 3435 350 3497 σὺν
367 3439 502 3505 τοτςλίλιτλ
553 3435 711 3511 ΒφήσηςΡ
763 3436 817 3495 τὸν
833 3440 880 3495 όία
895 3437 967 3494 [inii
1020 3431 1219 3509 α’στρονσμίαν
1236 3439 1299 3494 libri
1316 3443 1425 3508 praeter

170 3523 199 3577 Μ
216 3528 296 3590 (corr.
315 3522 349 3592 U)
417 3528 478 3580 iu
496 3540 549 3579 om.
569 3523 647 3579 ΠΒΜ
714 3525 835 3597 κυβείαν
850 3523 914 3578 libri
932 3529 1041 3592 praeter
1058 3523 1086 3578 Μ
1104 3529 1185 3588 (corr.
1204 3524 1239 3589 U)
1308 3519 1424 3581 ἀπλεύ-

169 3629 250 3668 οεται
267 3611 317 3667 UB
333 3605 487 3682 πλεόσηται
505 3610 534 3664 Μ
613 3612 700 3666 (irai
717 3609 831 3674 (σίτυΡ
904 3604 976 3680 μήτε
994 3609 1024 3665 oi
1041 3606 1147 3676 ναύτας
1165 3610 1194 3664 Μ
1250 3628 1424 3684 παρεσκευα-

167 3695 329 3766 σμένουςλλ
342 3695 647 3768 παρεσκευασμέναςΡ
716 3693 907 3768 maiitiam
958 3690 1132 3780 φόρεουΰλξ
1200 3695 1304 3768 μηδένα
1316 3693 1425 3758 nenio,

167 3780 254 3854 μηδὲν
270 3781 332 3836 libri
401 3784 416 3836 ⁸
433 3785 500 3854 περὶ
517 3785 608 3839 ταῦτα
626 3795 761 3853 superent.
779 3779 805 3834 Η
859 3783 887 3832 11
908 3777 1030 3851 λέγοντα
1047 3779 1100 3849 μὲν
1117 3781 1204 3850 ἡττον
1215 3780 1246 3838 ii
1257 3774 1424 3853 πράττοντα

167 3866 202 3928 Η,
219 3866 284 3920 item
302 3882 354 3922 οι.
373 3865 403 3924 ii
419 3865 442 3920 P
515 3872 544 3921 12
563 3857 616 3924 οὖν
633 3869 740 3924 τοῦτον
755 3866 778 3921 Ρ
797 3858 831 3923 oi
848 3864 992 3922 ταῦτσνΗ
1063 3869 1093 3920 13
1111 3861 1233 3938 μηδενὸς
1251 3861 1338 3937 ἔργου
1355 3882 1425 3935 προ-

169 3949 275 4017 σόντος
291 3951 400 4016 Jacobs,
419 3951 506 4024 μηδὲν
522 3956 659 4025 περὶτοῦ
676 3948 842 4024 προσόντος
859 3950 889 4005 Μ
906 3949 993 4021 μηόλν
1011 3944 1085 4022 ἔχων
1103 3954 1168 4023 περί
1186 3955 1239 4008 τοῦ
1260 3944 1425 4023 προσόντος

170 4036 216 4092 UB
233 4040 299 4106 περὶ
311 4039 363 4094 τοῦ
374 4037 542 4109 προσόντος
553 4038 639 4110 μηδὲν
650 4036 699 4092 ΡΗ
753 4040 784 4090 14
801 4035 1035 4105 καίριύετοω.Β
1087 4035 1177 4094 einp
1232 4042 1262 4090 15
1279 4035 1317 4108 μή
1335 4037 1384 4092 καὶ
1398 4033 1425 4088 Η

168 4123 230 4186 (hoo
247 4121 315 4188 ord.)
384 4120 519 4195 προσάγῃ
536 4119 625 4195 λόγος
641 4123 663 4178 Ρ
681 4121 816 4196 προσάγῃ
834 4118 940 4192 λόγους
958 4121 1021 4187 U&
1046 4125 1143 4193 προσῇ
1161 4122 1282 4177 Heriloin
1372 4121 1426 4188 μὲν

168 4197 220 4262 οόν
236 4204 258 4259 Ρ
275 4209 323 4263 καί
341 4221 391 4277 pro
409 4198 462 4265 οὖν
474 4207 501 4262 Η
554 4213 586 4262 iii
603 4207 667 4266 ἐστί
684 4227 747 4265 τινα
758 4207 833 4272 Wil.,
852 4201 926 4262 εἶναί
942 4226 1007 4263 τινα
1019 4206 1080 4261 libri
1139 4203 1304 4279 παρασκευὴ
1322 4205 1424 4262 λευσίνε

168 4293 233 4362 περὶ
251 4282 335 4364 σκεόη
347 4291 403 4346 ΜΗ
421 4289 508 4366 σκεύη
524 4293 598 4350 PUB
667 4293 791 4350 xaiwii.
811 4288 829 4364 ἢ
846 4290 933 4357 ΠΒΜ,
951 4307 1003 4346 om.
1022 4292 1071 4348 ΡΗ
1141 4290 1215 4351 ἄλλα
1232 4309 1284 4349 om.
1303 4289 1359 4348 ΒΜ

170 4381 199 4429 ii
217 4373 265 4432 ἐπὶ
282 4377 361 4434 UBM
379 4373 421 4436 ἔτι
439 4379 495 4446 ΡΗ,
514 4381 579 4436 neci.
598 4381 661 4436 Wil.
741 4385 772 4436 18
791 4375 878 4452 ἔργον
898 4395 1032 4449 summer.
1051 4378 1078 4433 Η
1166 4383 1197 4432 iii
1215 4373 1359 4450 ταύτηνΡ

168 4465 198 4514 21
218 4462 312 4518 mi?
329 4467 391 4528 (om.
410 4461 454 4536 δὴ)
535 4471 569 4521 23
587 4463 618 4538 δὴ
636 4482 687 4537 pro
705 4470 747 4524 ότῑ
764 4466 810 4521 BP
896 4470 929 4520 24
946 4468 1059 4523 δίαιταν
1075 4463 1138 4520 libri
1155 4463 1306 4534 praeterii
1373 4461 1426 4532 μὲν

168 4541 256 4611 όλλος
273 4547 334 4613 (hoc
351 4548 421 4615 ord.)
439 4551 487 4606 ΡΗ
552 4556 585 4606 26
603 4547 678 4624 πρὸς
696 4567 748 4607 om.
768 4551 794 4606 Η
811 4557 891 4620 (corr.
910 4551 945 4620 U)
1002 4553 1106 4608 τείνων
1122 4548 1239 4614 Baition..
1257 4555 1347 4619 τιμῶν
1362 4547 1426 4604 libri

1172 4637 1224 4690 12*
