<?xml version="1.0" encoding="UTF-8"?>
<!DOCTYPE html PUBLIC "-//W3C//DTD XHTML 1.0 Transitional//EN"
    "http://www.w3.org/TR/xhtml1/DTD/xhtml1-transitional.dtd">
<html xmlns="http://www.w3.org/1999/xhtml" xml:lang="en" lang="en">
 <head>
  <title>
</title>
<meta http-equiv="Content-Type" content="text/html;charset=utf-8" />
  <meta name='ocr-system' content='tesseract 3.04.00' />
  <meta name='ocr-capabilities' content='ocr_page ocr_carea ocr_par ocr_line ocrx_word'/>
</head>
<body>
  <div class='ocr_page' id='page_1' title='image "./quaeexstantomni01diogoog_0012.png"; bbox 0 0 3452 5264; ppageno 0'>
   <div class='ocr_carea' id='block_1_1' title="bbox 569 1255 997 1360">
    <p class='ocr_par' dir='ltr' id='par_1_1' title="bbox 569 1255 997 1360">
     <span class='ocr_line' id='line_1_1' title="bbox 569 1255 997 1360; baseline 0 -4"><span class='ocrx_word' id='word_1_1' title='bbox 569 1255 997 1360; x_wconf 80' lang='lat' dir='ltr'><strong>PRAEFATIO.</strong></span> 
     </span>
    </p>
   </div>
   <div class='ocr_carea' id='block_1_2' title="bbox 155 1439 1415 1515">
    <p class='ocr_par' dir='ltr' id='par_1_2' title="bbox 155 1439 1415 1515">
     <span class='ocr_line' id='line_1_2' title="bbox 155 1439 1415 1515; baseline 0.004 -19"><span class='ocrx_word' id='word_1_2' title='bbox 155 1442 281 1509; x_wconf 77' lang='lat' dir='ltr'><strong>(Adioets</strong></span> <span class='ocrx_word' id='word_1_3' title='bbox 289 1443 331 1498; x_wconf 89' lang='lat' dir='ltr'><strong>est</strong></span> <span class='ocrx_word' id='word_1_4' title='bbox 340 1441 373 1498; x_wconf 92' lang='lat' dir='ltr'><strong>de</strong></span> <span class='ocrx_word' id='word_1_5' title='bbox 382 1439 484 1498; x_wconf 82' lang='lat' dir='ltr'><strong>Getieis</strong></span> <span class='ocrx_word' id='word_1_6' title='bbox 494 1441 591 1498; x_wconf 85' lang='lat' dir='ltr'><strong>Dionis</strong></span> <span class='ocrx_word' id='word_1_7' title='bbox 599 1443 736 1512; x_wconf 75' lang='lat' dir='ltr'><strong>inquisitio</strong></span> <span class='ocrx_word' id='word_1_8' title='bbox 747 1457 797 1498; x_wconf 88' lang='lat' dir='ltr'><strong>neo</strong></span> <span class='ocrx_word' id='word_1_9' title='bbox 810 1458 863 1500; x_wconf 94' lang='lat' dir='ltr'><strong>uon</strong></span> <span class='ocrx_word' id='word_1_10' title='bbox 875 1441 1006 1500; x_wconf 89' lang='lat' dir='ltr'><strong>librorum</strong></span> <span class='ocrx_word' id='word_1_11' title='bbox 1019 1441 1219 1514; x_wconf 67' lang='lat' dir='ltr'><strong>deperditarum</strong></span> <span class='ocrx_word' id='word_1_12' title='bbox 1229 1447 1415 1515; x_wconf 83' lang='lat' dir='ltr'><strong>conspectus.)</strong></span> 
     </span>
    </p>
   </div>
   <div class='ocr_carea' id='block_1_3' title="bbox 158 1681 1414 2075">
    <p class='ocr_par' dir='ltr' id='par_1_3' title="bbox 158 1681 1414 2075">
     <span class='ocr_line' id='line_1_3' title="bbox 243 1681 1412 1771; baseline 0.006 -24"><span class='ocrx_word' id='word_1_13' title='bbox 243 1681 294 1748; x_wconf 80' lang='lat' dir='ltr'><strong>lix</strong></span> <span class='ocrx_word' id='word_1_14' title='bbox 309 1702 373 1766; x_wconf 86' lang='lat' dir='ltr'><strong>quo</strong></span> <span class='ocrx_word' id='word_1_15' title='bbox 388 1683 477 1767; x_wconf 90' lang='lat' dir='ltr'><strong>prius</strong></span> <span class='ocrx_word' id='word_1_16' title='bbox 493 1683 608 1752; x_wconf 89' lang='lat' dir='ltr'><strong>Dionis</strong></span> <span class='ocrx_word' id='word_1_17' title='bbox 622 1686 773 1754; x_wconf 86' lang='lat' dir='ltr'><strong>volumen</strong></span> <span class='ocrx_word' id='word_1_18' title='bbox 789 1684 879 1756; x_wconf 90' lang='lat' dir='ltr'><strong>edidi</strong></span> <span class='ocrx_word' id='word_1_19' title='bbox 894 1689 959 1753; x_wconf 87' lang='lat' dir='ltr'><strong>tres</strong></span> <span class='ocrx_word' id='word_1_20' title='bbox 973 1684 1050 1751; x_wconf 81' lang='lat' dir='ltr'><strong>unni</strong></span> <span class='ocrx_word' id='word_1_21' title='bbox 1065 1690 1154 1760; x_wconf 88' lang='lat' dir='ltr'><strong>sunt;</strong></span> <span class='ocrx_word' id='word_1_22' title='bbox 1168 1685 1242 1770; x_wconf 90' lang='lat' dir='ltr'><strong>plus</strong></span> <span class='ocrx_word' id='word_1_23' title='bbox 1257 1687 1412 1771; x_wconf 87' lang='lat' dir='ltr'><strong>temporis</strong></span> 
     </span>
     <span class='ocr_line' id='line_1_4' title="bbox 159 1787 1414 1872; baseline 0.001 -19"><span class='ocrx_word' id='word_1_24' title='bbox 159 1792 384 1870; x_wconf 89' lang='lat' dir='ltr'><strong>ooneumptum</strong></span> <span class='ocrx_word' id='word_1_25' title='bbox 407 1790 457 1853; x_wconf 88' lang='lat' dir='ltr'><strong>ost</strong></span> <span class='ocrx_word' id='word_1_26' title='bbox 480 1787 514 1852; x_wconf 92' lang='lat' dir='ltr'><strong>in</strong></span> <span class='ocrx_word' id='word_1_27' title='bbox 536 1787 682 1871; x_wconf 77' lang='lat' dir='ltr'><strong>parendo</strong></span> <span class='ocrx_word' id='word_1_28' title='bbox 704 1789 869 1856; x_wconf 86' lang='lat' dir='ltr'><strong>volumine</strong></span> <span class='ocrx_word' id='word_1_29' title='bbox 891 1788 1004 1872; x_wconf 76' lang='lat' dir='ltr'><strong>altero,</strong></span> <span class='ocrx_word' id='word_1_30' title='bbox 1020 1805 1117 1870; x_wconf 85' lang='lat' dir='ltr'><strong>quum</strong></span> <span class='ocrx_word' id='word_1_31' title='bbox 1132 1793 1206 1856; x_wconf 90' lang='lat' dir='ltr'><strong>tuno</strong></span> <span class='ocrx_word' id='word_1_32' title='bbox 1221 1788 1290 1855; x_wconf 87' lang='lat' dir='ltr'><strong>iore</strong></span> <span class='ocrx_word' id='word_1_33' title='bbox 1305 1788 1414 1856; x_wconf 86' lang='lat' dir='ltr'><strong>existi·</strong></span> 
     </span>
     <span class='ocr_line' id='line_1_5' title="bbox 158 1885 1413 1977; baseline 0.002 -24"><span class='ocrx_word' id='word_1_34' title='bbox 158 1887 296 1954; x_wconf 80' lang='lat' dir='ltr'><strong>ruebam.</strong></span> <span class='ocrx_word' id='word_1_35' title='bbox 334 1885 406 1966; x_wconf 82' lang='lat' dir='ltr'><strong>Quo</strong></span> <span class='ocrx_word' id='word_1_36' title='bbox 427 1889 548 1955; x_wconf 83' lang='lat' dir='ltr'><strong>tostum</strong></span> <span class='ocrx_word' id='word_1_37' title='bbox 572 1895 631 1974; x_wconf 88' lang='lat' dir='ltr'><strong>est,</strong></span> <span class='ocrx_word' id='word_1_38' title='bbox 649 1896 686 1957; x_wconf 89' lang='lat' dir='ltr'><strong>ut</strong></span> <span class='ocrx_word' id='word_1_39' title='bbox 706 1889 944 1977; x_wconf 74' lang='lat' dir='ltr'><strong>prolegomenis</strong></span> <span class='ocrx_word' id='word_1_40' title='bbox 965 1889 1126 1973; x_wconf 74' lang='lat' dir='ltr'><strong>prioribus</strong></span> <span class='ocrx_word' id='word_1_41' title='bbox 1147 1907 1253 1974; x_wconf 80' lang='lat' dir='ltr'><strong>puuos</strong></span> <span class='ocrx_word' id='word_1_42' title='bbox 1274 1889 1338 1956; x_wconf 83' lang='lat' dir='ltr'><strong>ism</strong></span> <span class='ocrx_word' id='word_1_43' title='bbox 1361 1907 1413 1956; x_wconf 89' lang='lat' dir='ltr'><strong>me</strong></span> 
     </span>
     <span class='ocr_line' id='line_1_6' title="bbox 158 1981 459 2075; baseline -0.007 -17"><span class='ocrx_word' id='word_1_44' title='bbox 158 1991 279 2058; x_wconf 76' lang='lat' dir='ltr'><strong>addere</strong></span> <span class='ocrx_word' id='word_1_45' title='bbox 302 1981 459 2075; x_wconf 77' lang='lat' dir='ltr'><strong>oporteat.</strong></span> 
     </span>
    </p>
   </div>
   <div class='ocr_carea' id='block_1_4' title="bbox 154 2091 1416 2994">
    <p class='ocr_par' dir='ltr' id='par_1_4' title="bbox 154 2091 1416 2994">
     <span class='ocr_line' id='line_1_7' title="bbox 245 2091 1414 2177; baseline -0.001 -17"><span class='ocrx_word' id='word_1_46' title='bbox 245 2091 436 2177; x_wconf 77' lang='lat' dir='ltr'><strong>Complures</strong></span> <span class='ocrx_word' id='word_1_47' title='bbox 458 2092 521 2158; x_wconf 85' lang='lat' dir='ltr'><strong>viri</strong></span> <span class='ocrx_word' id='word_1_48' title='bbox 544 2091 646 2174; x_wconf 78' lang='lat' dir='ltr'><strong>duod,</strong></span> <span class='ocrx_word' id='word_1_49' title='bbox 661 2099 831 2176; x_wconf 83' lang='lat' dir='ltr'><strong>postquem</strong></span> <span class='ocrx_word' id='word_1_50' title='bbox 846 2095 936 2177; x_wconf 89' lang='lat' dir='ltr'><strong>prius</strong></span> <span class='ocrx_word' id='word_1_51' title='bbox 950 2092 1103 2159; x_wconf 76' lang='lat' dir='ltr'><strong>uolumen</strong></span> <span class='ocrx_word' id='word_1_52' title='bbox 1117 2093 1276 2176; x_wconf 81' lang='lat' dir='ltr'><strong>apparuit,</strong></span> <span class='ocrx_word' id='word_1_53' title='bbox 1291 2097 1414 2160; x_wconf 89' lang='lat' dir='ltr'><strong>textum</strong></span> 
     </span>
     <span class='ocr_line' id='line_1_8' title="bbox 158 2189 1414 2276; baseline -0.001 -15"><span class='ocrx_word' id='word_1_54' title='bbox 158 2195 275 2262; x_wconf 87' lang='lat' dir='ltr'><strong>Dionis</strong></span> <span class='ocrx_word' id='word_1_55' title='bbox 297 2193 470 2262; x_wconf 81' lang='lat' dir='ltr'><strong>emendare</strong></span> <span class='ocrx_word' id='word_1_56' title='bbox 499 2194 554 2260; x_wconf 88' lang='lat' dir='ltr'><strong>vol</strong></span> <span class='ocrx_word' id='word_1_57' title='bbox 583 2212 672 2261; x_wconf 89' lang='lat' dir='ltr'><strong>meos</strong></span> <span class='ocrx_word' id='word_1_58' title='bbox 701 2211 824 2262; x_wconf 88' lang='lat' dir='ltr'><strong>errores</strong></span> <span class='ocrx_word' id='word_1_59' title='bbox 853 2209 1029 2276; x_wconf 87' lang='lat' dir='ltr'><strong>ooorguere</strong></span> <span class='ocrx_word' id='word_1_60' title='bbox 1058 2189 1256 2258; x_wconf 79' lang='lat' dir='ltr'><strong>studuerunt.</strong></span> <span class='ocrx_word' id='word_1_61' title='bbox 1300 2193 1414 2276; x_wconf 78' lang='lat' dir='ltr'><strong>Itaque</strong></span> 
     </span>
     <span class='ocr_line' id='line_1_9' title="bbox 157 2292 1414 2380; baseline -0.002 -17"><span class='ocrx_word' id='word_1_62' title='bbox 157 2315 241 2380; x_wconf 85' lang='lat' dir='ltr'><strong>quse</strong></span> <span class='ocrx_word' id='word_1_63' title='bbox 262 2313 342 2362; x_wconf 82' lang='lat' dir='ltr'><strong>vers</strong></span> <span class='ocrx_word' id='word_1_64' title='bbox 367 2294 420 2362; x_wconf 86' lang='lat' dir='ltr'><strong>rel</strong></span> <span class='ocrx_word' id='word_1_65' title='bbox 442 2293 629 2378; x_wconf 77' lang='lat' dir='ltr'><strong>probabilis</strong></span> <span class='ocrx_word' id='word_1_66' title='bbox 649 2296 812 2364; x_wconf 83' lang='lat' dir='ltr'><strong>iuvenisse</strong></span> <span class='ocrx_word' id='word_1_67' title='bbox 833 2294 1020 2362; x_wconf 81' lang='lat' dir='ltr'><strong>viderentur</strong></span> <span class='ocrx_word' id='word_1_68' title='bbox 1041 2294 1189 2376; x_wconf 70' lang='lat' dir='ltr'><strong>congessi</strong></span> <span class='ocrx_word' id='word_1_69' title='bbox 1211 2293 1244 2360; x_wconf 91' lang='lat' dir='ltr'><strong>in</strong></span> <span class='ocrx_word' id='word_1_70' title='bbox 1259 2292 1414 2378; x_wconf 81' lang='lat' dir='ltr'><strong>‚,Ar1dito-</strong></span> 
     </span>
     <span class='ocr_line' id='line_1_10' title="bbox 157 2393 1414 2484; baseline -0.001 -20"><span class='ocrx_word' id='word_1_71' title='bbox 157 2403 266 2464; x_wconf 80' lang='lat' dir='ltr'><strong>mento</strong></span> <span class='ocrx_word' id='word_1_72' title='bbox 290 2396 333 2463; x_wconf 84' lang='lat' dir='ltr'><strong>od</strong></span> <span class='ocrx_word' id='word_1_73' title='bbox 355 2396 426 2463; x_wconf 83' lang='lat' dir='ltr'><strong>Vol.</strong></span> <span class='ocrx_word' id='word_1_74' title='bbox 451 2393 488 2462; x_wconf 89' lang='lat' dir='ltr'><strong>I“</strong></span> <span class='ocrx_word' id='word_1_75' title='bbox 511 2415 595 2482; x_wconf 83' lang='lat' dir='ltr'><strong>quoe</strong></span> <span class='ocrx_word' id='word_1_76' title='bbox 617 2397 694 2466; x_wconf 92' lang='lat' dir='ltr'><strong>inde</strong></span> <span class='ocrx_word' id='word_1_77' title='bbox 715 2417 736 2464; x_wconf 88' lang='lat' dir='ltr'><strong>o</strong></span> <span class='ocrx_word' id='word_1_78' title='bbox 758 2417 832 2484; x_wconf 85' lang='lat' dir='ltr'><strong>pug.</strong></span> <span class='ocrx_word' id='word_1_79' title='bbox 856 2400 918 2464; x_wconf 84' lang='grc'><strong>337</strong></span> <span class='ocrx_word' id='word_1_80' title='bbox 941 2395 1035 2463; x_wconf 88' lang='lat' dir='ltr'><strong>buius</strong></span> <span class='ocrx_word' id='word_1_81' title='bbox 1057 2393 1231 2463; x_wconf 86' lang='lat' dir='ltr'><strong>voluminis</strong></span> <span class='ocrx_word' id='word_1_82' title='bbox 1256 2396 1414 2478; x_wconf 83' lang='lat' dir='ltr'><strong>leguntur.</strong></span> 
     </span>
     <span class='ocr_line' id='line_1_11' title="bbox 157 2497 1413 2583; baseline -0.001 -17"><span class='ocrx_word' id='word_1_83' title='bbox 157 2497 286 2566; x_wconf 83' lang='lat' dir='ltr'><strong>Grotius</strong></span> <span class='ocrx_word' id='word_1_84' title='bbox 308 2517 371 2583; x_wconf 82' lang='lat' dir='ltr'><strong>ogo</strong></span> <span class='ocrx_word' id='word_1_85' title='bbox 393 2498 464 2565; x_wconf 85' lang='lat' dir='ltr'><strong>viro</strong></span> <span class='ocrx_word' id='word_1_86' title='bbox 480 2497 669 2566; x_wconf 86' lang='lat' dir='ltr'><strong>doetissimo</strong></span> <span class='ocrx_word' id='word_1_87' title='bbox 685 2499 798 2583; x_wconf 87' lang='lat' dir='ltr'><strong>Puton,</strong></span> <span class='ocrx_word' id='word_1_88' title='bbox 814 2500 871 2583; x_wconf 86' lang='lat' dir='ltr'><strong>qui</strong></span> <span class='ocrx_word' id='word_1_89' title='bbox 887 2497 1135 2565; x_wconf 81' lang='lat' dir='ltr'><strong>Wilomowitsio</strong></span> <span class='ocrx_word' id='word_1_90' title='bbox 1151 2498 1183 2564; x_wconf 93' lang='lat' dir='ltr'><strong>in</strong></span> <span class='ocrx_word' id='word_1_91' title='bbox 1198 2515 1306 2565; x_wconf 90' lang='lat' dir='ltr'><strong>meum</strong></span> <span class='ocrx_word' id='word_1_92' title='bbox 1320 2515 1413 2565; x_wconf 87' lang='lat' dir='ltr'><strong>usum</strong></span> 
     </span>
     <span class='ocr_line' id='line_1_12' title="bbox 158 2595 1416 2687; baseline -0.001 -20"><span class='ocrx_word' id='word_1_93' title='bbox 158 2599 245 2667; x_wconf 84' lang='lat' dir='ltr'><strong>houd</strong></span> <span class='ocrx_word' id='word_1_94' title='bbox 266 2619 387 2685; x_wconf 80' lang='lat' dir='ltr'><strong>pouoes</strong></span> <span class='ocrx_word' id='word_1_95' title='bbox 408 2601 497 2668; x_wconf 84' lang='lat' dir='ltr'><strong>misit</strong></span> <span class='ocrx_word' id='word_1_96' title='bbox 511 2601 721 2669; x_wconf 82' lang='lat' dir='ltr'><strong>oonieoturue.</strong></span> <span class='ocrx_word' id='word_1_97' title='bbox 756 2601 890 2670; x_wconf 66' lang='lat' dir='ltr'><strong>hoster</strong></span> <span class='ocrx_word' id='word_1_98' title='bbox 904 2599 989 2669; x_wconf 90' lang='lat' dir='ltr'><strong>buno</strong></span> <span class='ocrx_word' id='word_1_99' title='bbox 1003 2600 1144 2687; x_wconf 86' lang='lat' dir='ltr'><strong>plurimo</strong></span> <span class='ocrx_word' id='word_1_100' title='bbox 1158 2595 1416 2668; x_wconf 76' lang='lat' dir='ltr'><strong>subministravit</strong></span> 
     </span>
     <span class='ocr_line' id='line_1_13' title="bbox 156 2699 1413 2789; baseline 0.003 -21"><span class='ocrx_word' id='word_1_101' title='bbox 156 2701 393 2770; x_wconf 83' lang='lat' dir='ltr'><strong>Herwerdeuus</strong></span> <span class='ocrx_word' id='word_1_102' title='bbox 412 2702 447 2768; x_wconf 91' lang='lat' dir='ltr'><strong>in</strong></span> <span class='ocrx_word' id='word_1_103' title='bbox 468 2702 695 2789; x_wconf 81' lang='lat' dir='ltr'><strong>Mnemosynes</strong></span> <span class='ocrx_word' id='word_1_104' title='bbox 720 2711 797 2771; x_wconf 90' lang='lat' dir='ltr'><strong>tom.</strong></span> <span class='ocrx_word' id='word_1_105' title='bbox 819 2703 932 2789; x_wconf 84' lang='lat' dir='ltr'>xx11;</span> <span class='ocrx_word' id='word_1_106' title='bbox 963 2702 1050 2771; x_wconf 89' lang='lat' dir='ltr'><strong>buud</strong></span> <span class='ocrx_word' id='word_1_107' title='bbox 1077 2721 1183 2787; x_wconf 82' lang='lat' dir='ltr'><strong>puuoo</strong></span> <span class='ocrx_word' id='word_1_108' title='bbox 1203 2699 1413 2772; x_wconf 81' lang='lat' dir='ltr'><strong>Entboveuus</strong></span> 
     </span>
     <span class='ocr_line' id='line_1_14' title="bbox 154 2803 1413 2890; baseline 0.002 -19"><span class='ocrx_word' id='word_1_109' title='bbox 154 2804 292 2888; x_wconf 83' lang='lat' dir='ltr'><strong>ibidem,</strong></span> <span class='ocrx_word' id='word_1_110' title='bbox 323 2803 556 2875; x_wconf 86' lang='lat' dir='ltr'><strong>Weudlsndius</strong></span> <span class='ocrx_word' id='word_1_111' title='bbox 585 2805 618 2872; x_wconf 89' lang='lat' dir='ltr'><strong>iu</strong></span> <span class='ocrx_word' id='word_1_112' title='bbox 647 2803 765 2873; x_wconf 87' lang='lat' dir='ltr'><strong>Philol.</strong></span> <span class='ocrx_word' id='word_1_113' title='bbox 789 2804 1048 2874; x_wconf 82' lang='lat' dir='ltr'><strong>Woobensobritt</strong></span> <span class='ocrx_word' id='word_1_114' title='bbox 1071 2807 1154 2871; x_wconf 83' lang='lat'>1894</span> <span class='ocrx_word' id='word_1_115' title='bbox 1176 2824 1208 2890; x_wconf 94' lang='lat' dir='ltr'><strong>p.</strong></span> <span class='ocrx_word' id='word_1_116' title='bbox 1233 2807 1306 2890; x_wconf 83' lang='lat'><strong>321,</strong></span> <span class='ocrx_word' id='word_1_117' title='bbox 1329 2805 1357 2872; x_wconf 90' lang='lat' dir='ltr'>B</span> <span class='ocrx_word' id='word_1_118' title='bbox 1379 2806 1413 2873; x_wconf 92' lang='lat' dir='ltr'><strong>in</strong></span> 
     </span>
     <span class='ocr_line' id='line_1_15' title="bbox 155 2905 1411 2994; baseline 0.001 -19"><span class='ocrx_word' id='word_1_119' title='bbox 155 2909 301 2977; x_wconf 80' lang='lat' dir='ltr'><strong>Zemlres</strong></span> <span class='ocrx_word' id='word_1_120' title='bbox 321 2907 551 2977; x_wconf 77' lang='lat' dir='ltr'><strong>litterarisohee</strong></span> <span class='ocrx_word' id='word_1_121' title='bbox 569 2907 782 2976; x_wconf 77' lang='lat' dir='ltr'><strong>centrulblott</strong></span> <span class='ocrx_word' id='word_1_122' title='bbox 806 2910 887 2976; x_wconf 86' lang='grc'>1893</span> <span class='ocrx_word' id='word_1_123' title='bbox 902 2929 934 2994; x_wconf 89' lang='lat' dir='ltr'><strong>p.</strong></span> <span class='ocrx_word' id='word_1_124' title='bbox 950 2912 1002 2993; x_wconf 78' lang='lat'><strong>44,</strong></span> <span class='ocrx_word' id='word_1_125' title='bbox 1025 2905 1189 2975; x_wconf 87' lang='lat' dir='ltr'><strong>Vublenus</strong></span> <span class='ocrx_word' id='word_1_126' title='bbox 1205 2909 1239 2974; x_wconf 93' lang='lat' dir='ltr'><strong>in</strong></span> <span class='ocrx_word' id='word_1_127' title='bbox 1254 2907 1321 2974; x_wconf 86' lang='lat' dir='ltr'><strong>iud.</strong></span> <span class='ocrx_word' id='word_1_128' title='bbox 1337 2909 1411 2976; x_wconf 79' lang='lat' dir='ltr'><strong>leot</strong></span> 
     </span>
    </p>
   </div>
   <div class='ocr_carea' id='block_1_5' title="bbox 12 3009 871 3080">
    <p class='ocr_par' dir='ltr' id='par_1_5' title="bbox 12 3009 871 3080">
     <span class='ocr_line' id='line_1_16' title="bbox 12 3009 871 3080; baseline -0.002 -2"><span class='ocrx_word' id='word_1_129' title='bbox 12 3017 24 3042; x_wconf 61' lang='lat'><strong>&#39;³</strong></span> <span class='ocrx_word' id='word_1_130' title='bbox 156 3012 261 3080; x_wconf 93' lang='lat' dir='ltr'><strong>Berol.</strong></span> <span class='ocrx_word' id='word_1_131' title='bbox 287 3014 369 3078; x_wconf 84' lang='lat'>1895</span> <span class='ocrx_word' id='word_1_132' title='bbox 391 3019 425 3079; x_wconf 81' lang='lat' dir='ltr'><strong>et</strong></span> <span class='ocrx_word' id='word_1_133' title='bbox 445 3013 479 3078; x_wconf 91' lang='lat' dir='ltr'><strong>iu</strong></span> <span class='ocrx_word' id='word_1_134' title='bbox 500 3011 640 3079; x_wconf 87' lang='lat' dir='ltr'><strong>Hermus</strong></span> <span class='ocrx_word' id='word_1_135' title='bbox 663 3018 740 3078; x_wconf 88' lang='lat' dir='ltr'><strong>tom.</strong></span> <span class='ocrx_word' id='word_1_136' title='bbox 763 3009 871 3078; x_wconf 86' lang='lat' dir='ltr'>XXX.</span> 
     </span>
    </p>
   </div>
   <div class='ocr_carea' id='block_1_6' title="bbox 153 3111 1485 4531">
    <p class='ocr_par' dir='ltr' id='par_1_6' title="bbox 153 3111 1485 3711">
     <span class='ocr_line' id='line_1_17' title="bbox 246 3111 1414 3200; baseline 0 -19"><span class='ocrx_word' id='word_1_137' title='bbox 246 3114 513 3182; x_wconf 83' lang='lat' dir='ltr'><strong>Wilemowituiue</strong></span> <span class='ocrx_word' id='word_1_138' title='bbox 536 3115 569 3180; x_wconf 91' lang='lat' dir='ltr'><strong>in</strong></span> <span class='ocrx_word' id='word_1_139' title='bbox 591 3111 653 3181; x_wconf 91' lang='lat' dir='ltr'><strong>hoo</strong></span> <span class='ocrx_word' id='word_1_140' title='bbox 675 3133 802 3199; x_wconf 85' lang='lat' dir='ltr'><strong>quoque</strong></span> <span class='ocrx_word' id='word_1_141' title='bbox 816 3114 979 3181; x_wconf 84' lang='lat' dir='ltr'><strong>volumine</strong></span> <span class='ocrx_word' id='word_1_142' title='bbox 994 3111 1207 3200; x_wconf 85' lang='lat' dir='ltr'><strong>perpoliendo</strong></span> <span class='ocrx_word' id='word_1_143' title='bbox 1221 3117 1350 3180; x_wconf 70' lang='lat' dir='ltr'><strong>suenus</strong></span> <span class='ocrx_word' id='word_1_144' title='bbox 1363 3133 1414 3181; x_wconf 92' lang='lat' dir='ltr'><strong>me</strong></span> 
     </span>
     <span class='ocr_line' id='line_1_18' title="bbox 154 3213 1485 3300; baseline -0.002 -17"><span class='ocrx_word' id='word_1_145' title='bbox 154 3216 289 3283; x_wconf 77' lang='lat' dir='ltr'><strong>adiurit.</strong></span> <span class='ocrx_word' id='word_1_146' title='bbox 334 3217 371 3284; x_wconf 92' lang='lat' dir='ltr'><strong>Iu</strong></span> <span class='ocrx_word' id='word_1_147' title='bbox 394 3214 584 3283; x_wconf 80' lang='lat' dir='ltr'><strong>Sohwartzii</strong></span> <span class='ocrx_word' id='word_1_148' title='bbox 614 3235 691 3283; x_wconf 87' lang='lat' dir='ltr'><strong>vero</strong></span> <span class='ocrx_word' id='word_1_149' title='bbox 721 3217 827 3284; x_wconf 89' lang='lat' dir='ltr'><strong>looum</strong></span> <span class='ocrx_word' id='word_1_150' title='bbox 849 3217 1003 3284; x_wconf 85' lang='lat' dir='ltr'><strong>suooeesit</strong></span> <span class='ocrx_word' id='word_1_151' title='bbox 1023 3215 1136 3283; x_wconf 86' lang='lat' dir='ltr'><strong>Idrious</strong></span> <span class='ocrx_word' id='word_1_152' title='bbox 1158 3213 1278 3300; x_wconf 80' lang='lat' dir='ltr'><strong>Boibe,</strong></span> <span class='ocrx_word' id='word_1_153' title='bbox 1301 3216 1356 3300; x_wconf 88' lang='lat' dir='ltr'><strong>qui</strong></span> <span class='ocrx_word' id='word_1_154' title='bbox 1379 3216 1412 3281; x_wconf 90' lang='lat' dir='ltr'><strong>iu</strong></span> <span class='ocrx_word' id='word_1_155' title='bbox 1484 3219 1485 3222; x_wconf 76' lang='grc'>’</span> 
     </span>
     <span class='ocr_line' id='line_1_19' title="bbox 153 3315 1411 3404; baseline 0.001 -20"><span class='ocrx_word' id='word_1_156' title='bbox 153 3319 295 3404; x_wconf 88' lang='lat' dir='ltr'><strong>ploguiis</strong></span> <span class='ocrx_word' id='word_1_157' title='bbox 335 3316 534 3402; x_wconf 89' lang='lat' dir='ltr'><strong>oorrigendis</strong></span> <span class='ocrx_word' id='word_1_158' title='bbox 571 3337 702 3403; x_wconf 80' lang='lat' dir='ltr'><strong>oporam</strong></span> <span class='ocrx_word' id='word_1_159' title='bbox 736 3324 769 3385; x_wconf 89' lang='lat' dir='ltr'><strong>et</strong></span> <span class='ocrx_word' id='word_1_160' title='bbox 800 3320 969 3386; x_wconf 87' lang='lat' dir='ltr'><strong>eonsilium</strong></span> <span class='ocrx_word' id='word_1_161' title='bbox 1001 3320 1105 3386; x_wconf 81' lang='lat' dir='ltr'><strong>smioe</strong></span> <span class='ocrx_word' id='word_1_162' title='bbox 1138 3315 1218 3384; x_wconf 91' lang='lat' dir='ltr'><strong>mibi</strong></span> <span class='ocrx_word' id='word_1_163' title='bbox 1251 3318 1411 3404; x_wconf 78' lang='lat' dir='ltr'><strong>praebuit.</strong></span> 
     </span>
     <span class='ocr_line' id='line_1_20' title="bbox 155 3420 1412 3506; baseline 0.001 -20"><span class='ocrx_word' id='word_1_164' title='bbox 155 3421 269 3506; x_wconf 71' lang='lat' dir='ltr'><strong>Itaque</strong></span> <span class='ocrx_word' id='word_1_165' title='bbox 290 3421 419 3505; x_wconf 88' lang='lat' dir='ltr'><strong>utrique</strong></span> <span class='ocrx_word' id='word_1_166' title='bbox 434 3420 505 3488; x_wconf 84' lang='lat' dir='ltr'><strong>viro</strong></span> <span class='ocrx_word' id='word_1_167' title='bbox 528 3420 623 3488; x_wconf 88' lang='lat' dir='ltr'><strong>dooto</strong></span> <span class='ocrx_word' id='word_1_168' title='bbox 645 3422 783 3505; x_wconf 80' lang='lat' dir='ltr'><strong>gratiam</strong></span> <span class='ocrx_word' id='word_1_169' title='bbox 805 3421 910 3488; x_wconf 90' lang='lat' dir='ltr'><strong>debeo</strong></span> <span class='ocrx_word' id='word_1_170' title='bbox 933 3440 1028 3505; x_wconf 81' lang='lat' dir='ltr'><strong>quam</strong></span> <span class='ocrx_word' id='word_1_171' title='bbox 1051 3421 1245 3505; x_wconf 79' lang='lat' dir='ltr'><strong>maximom3</strong></span> <span class='ocrx_word' id='word_1_172' title='bbox 1267 3440 1329 3488; x_wconf 87' lang='lat' dir='ltr'><strong>neo</strong></span> <span class='ocrx_word' id='word_1_173' title='bbox 1348 3439 1412 3488; x_wconf 90' lang='lat' dir='ltr'><strong>non</strong></span> 
     </span>
     <span class='ocr_line' id='line_1_21' title="bbox 154 3522 1411 3608; baseline 0.001 -18"><span class='ocrx_word' id='word_1_174' title='bbox 154 3522 326 3590; x_wconf 80' lang='lat' dir='ltr'><strong>tirsovouo</strong></span> <span class='ocrx_word' id='word_1_175' title='bbox 353 3524 409 3607; x_wconf 86' lang='lat' dir='ltr'><strong>qui</strong></span> <span class='ocrx_word' id='word_1_176' title='bbox 437 3524 538 3591; x_wconf 88' lang='lat' dir='ltr'><strong>libros</strong></span> <span class='ocrx_word' id='word_1_177' title='bbox 559 3523 724 3591; x_wconf 85' lang='lat' dir='ltr'><strong>Porisiuos</strong></span> <span class='ocrx_word' id='word_1_178' title='bbox 752 3528 785 3590; x_wconf 92' lang='lat' dir='ltr'><strong>et</strong></span> <span class='ocrx_word' id='word_1_179' title='bbox 804 3523 983 3608; x_wconf 75' lang='lat' dir='ltr'><strong>Romanos,</strong></span> <span class='ocrx_word' id='word_1_180' title='bbox 1012 3525 1139 3607; x_wconf 87' lang='lat' dir='ltr'><strong>quoties</strong></span> <span class='ocrx_word' id='word_1_181' title='bbox 1167 3522 1208 3591; x_wconf 92' lang='lat' dir='ltr'><strong>de</strong></span> <span class='ocrx_word' id='word_1_182' title='bbox 1237 3524 1348 3608; x_wconf 78' lang='lat' dir='ltr'><strong>aliquo</strong></span> <span class='ocrx_word' id='word_1_183' title='bbox 1375 3543 1411 3591; x_wconf 88' lang='lat' dir='ltr'><strong>re</strong></span> 
     </span>
     <span class='ocr_line' id='line_1_22' title="bbox 154 3624 954 3711; baseline 0 -18"><span class='ocrx_word' id='word_1_184' title='bbox 154 3643 267 3710; x_wconf 86' lang='lat' dir='ltr'><strong>porum</strong></span> <span class='ocrx_word' id='word_1_185' title='bbox 290 3625 371 3693; x_wconf 91' lang='lat' dir='ltr'><strong>mibi</strong></span> <span class='ocrx_word' id='word_1_186' title='bbox 395 3626 573 3711; x_wconf 85' lang='lat' dir='ltr'><strong>ooustsbot,</strong></span> <span class='ocrx_word' id='word_1_187' title='bbox 596 3645 617 3692; x_wconf 85' lang='lat' dir='ltr'><strong>o</strong></span> <span class='ocrx_word' id='word_1_188' title='bbox 638 3644 691 3692; x_wconf 91' lang='lat' dir='ltr'><strong>me</strong></span> <span class='ocrx_word' id='word_1_189' title='bbox 712 3631 843 3709; x_wconf 78' lang='lat' dir='ltr'><strong>rogatus</strong></span> <span class='ocrx_word' id='word_1_190' title='bbox 863 3624 954 3693; x_wconf 83' lang='lat' dir='ltr'><strong>odiit</strong></span> 
     </span>
    </p>

    <p class='ocr_par' dir='ltr' id='par_1_7' title="bbox 154 3725 1412 4324">
     <span class='ocr_line' id='line_1_23' title="bbox 240 3725 1412 3806; baseline -0.001 -10"><span class='ocrx_word' id='word_1_191' title='bbox 240 3726 425 3796; x_wconf 73' lang='lat' dir='ltr'><strong>Orationem</strong></span> <span class='ocrx_word' id='word_1_192' title='bbox 448 3725 688 3795; x_wconf 82' lang='lat' dir='ltr'><strong>Oorintbiooom</strong></span> <span class='ocrx_word' id='word_1_193' title='bbox 710 3726 894 3806; x_wconf 83' lang='lat' dir='ltr'>(XXXVII)</span> <span class='ocrx_word' id='word_1_194' title='bbox 921 3747 942 3794; x_wconf 89' lang='lat' dir='ltr'><strong>o</strong></span> <span class='ocrx_word' id='word_1_195' title='bbox 965 3725 1133 3797; x_wconf 85' lang='lat' dir='ltr'><strong>Diodorfio</strong></span> <span class='ocrx_word' id='word_1_196' title='bbox 1158 3727 1202 3795; x_wconf 85' lang='lat' dir='ltr'><strong>sd</strong></span> <span class='ocrx_word' id='word_1_197' title='bbox 1224 3727 1319 3795; x_wconf 86' lang='lat' dir='ltr'><strong>tinem</strong></span> <span class='ocrx_word' id='word_1_198' title='bbox 1342 3727 1412 3795; x_wconf 93' lang='lat' dir='ltr'><strong>edi·</strong></span> 
     </span>
     <span class='ocr_line' id='line_1_24' title="bbox 154 3829 1411 3915; baseline 0.002 -19"><span class='ocrx_word' id='word_1_199' title='bbox 154 3830 251 3898; x_wconf 89' lang='lat' dir='ltr'><strong>tionis</strong></span> <span class='ocrx_word' id='word_1_200' title='bbox 281 3831 458 3914; x_wconf 75' lang='lat' dir='ltr'><strong>relegatum</strong></span> <span class='ocrx_word' id='word_1_201' title='bbox 487 3829 521 3896; x_wconf 91' lang='lat' dir='ltr'><strong>in</strong></span> <span class='ocrx_word' id='word_1_202' title='bbox 549 3849 641 3898; x_wconf 87' lang='lat' dir='ltr'><strong>suum</strong></span> <span class='ocrx_word' id='word_1_203' title='bbox 670 3831 776 3898; x_wconf 87' lang='lat' dir='ltr'><strong>looum</strong></span> <span class='ocrx_word' id='word_1_204' title='bbox 805 3831 953 3915; x_wconf 89' lang='lat' dir='ltr'><strong>reposui,</strong></span> <span class='ocrx_word' id='word_1_205' title='bbox 983 3837 1019 3897; x_wconf 85' lang='lat' dir='ltr'><strong>ut</strong></span> <span class='ocrx_word' id='word_1_206' title='bbox 1046 3830 1192 3898; x_wconf 86' lang='lat' dir='ltr'><strong>ordiuem</strong></span> <span class='ocrx_word' id='word_1_207' title='bbox 1216 3831 1259 3897; x_wconf 83' lang='lat' dir='ltr'><strong>ob</strong></span> <span class='ocrx_word' id='word_1_208' title='bbox 1280 3837 1411 3898; x_wconf 71' lang='lat' dir='ltr'><strong>duotore</strong></span> 
     </span>
     <span class='ocr_line' id='line_1_25' title="bbox 154 3929 1411 4019; baseline 0.002 -23"><span class='ocrx_word' id='word_1_209' title='bbox 154 3929 250 3999; x_wconf 84' lang='lat' dir='ltr'><strong>buius</strong></span> <span class='ocrx_word' id='word_1_210' title='bbox 279 3932 478 4001; x_wconf 86' lang='lat' dir='ltr'><strong>oolleotionis</strong></span> <span class='ocrx_word' id='word_1_211' title='bbox 508 3933 685 4001; x_wconf 80' lang='lat' dir='ltr'><strong>institutum</strong></span> <span class='ocrx_word' id='word_1_212' title='bbox 708 3934 742 3998; x_wconf 93' lang='lat' dir='ltr'><strong>in</strong></span> <span class='ocrx_word' id='word_1_213' title='bbox 765 3934 912 4000; x_wconf 88' lang='lat' dir='ltr'><strong>omnibus</strong></span> <span class='ocrx_word' id='word_1_214' title='bbox 933 3951 1102 4018; x_wconf 88' lang='lat' dir='ltr'><strong>sequerer,</strong></span> <span class='ocrx_word' id='word_1_215' title='bbox 1127 3953 1199 4001; x_wconf 88' lang='lat' dir='ltr'><strong>oum</strong></span> <span class='ocrx_word' id='word_1_216' title='bbox 1220 3933 1411 4019; x_wconf 78' lang='lat' dir='ltr'><strong>praesertim</strong></span> 
     </span>
     <span class='ocr_line' id='line_1_26' title="bbox 154 4033 1411 4120; baseline 0 -20"><span class='ocrx_word' id='word_1_217' title='bbox 154 4033 240 4101; x_wconf 80' lang='lat' dir='ltr'><strong>oliuo</strong></span> <span class='ocrx_word' id='word_1_218' title='bbox 262 4053 390 4120; x_wconf 86' lang='lat' dir='ltr'><strong>quoque</strong></span> <span class='ocrx_word' id='word_1_219' title='bbox 411 4035 571 4103; x_wconf 83' lang='lat' dir='ltr'><strong>erutiones</strong></span> <span class='ocrx_word' id='word_1_220' title='bbox 587 4034 716 4120; x_wconf 82' lang='lat' dir='ltr'><strong>spuriae</strong></span> <span class='ocrx_word' id='word_1_221' title='bbox 731 4035 878 4119; x_wconf 81' lang='lat' dir='ltr'><strong>genuinis</strong></span> <span class='ocrx_word' id='word_1_222' title='bbox 893 4035 1073 4119; x_wconf 70' lang='lat' dir='ltr'><strong>permixtae</strong></span> <span class='ocrx_word' id='word_1_223' title='bbox 1087 4035 1279 4120; x_wconf 89' lang='lat' dir='ltr'><strong>legerentur.</strong></span> <span class='ocrx_word' id='word_1_224' title='bbox 1317 4033 1411 4114; x_wconf 82' lang='lat' dir='ltr'><strong>Quod</strong></span> 
     </span>
     <span class='ocr_line' id='line_1_27' title="bbox 154 4135 1411 4224; baseline 0.003 -22"><span class='ocrx_word' id='word_1_225' title='bbox 154 4154 232 4204; x_wconf 84' lang='lat' dir='ltr'><strong>vero</strong></span> <span class='ocrx_word' id='word_1_226' title='bbox 248 4135 485 4206; x_wconf 83' lang='lat' dir='ltr'><strong>Coriutbisosm</strong></span> <span class='ocrx_word' id='word_1_227' title='bbox 501 4138 663 4223; x_wconf 82' lang='lat' dir='ltr'><strong>Anonymi</strong></span> <span class='ocrx_word' id='word_1_228' title='bbox 686 4156 757 4206; x_wconf 87' lang='lat' dir='ltr'><strong>esse</strong></span> <span class='ocrx_word' id='word_1_229' title='bbox 772 4138 886 4224; x_wconf 88' lang='lat' dir='ltr'><strong>seripsi</strong></span> <span class='ocrx_word' id='word_1_230' title='bbox 901 4157 985 4206; x_wconf 89' lang='lat' dir='ltr'><strong>nuno</strong></span> <span class='ocrx_word' id='word_1_231' title='bbox 1000 4139 1153 4223; x_wconf 79' lang='lat' dir='ltr'><strong>poenitet</strong></span> <span class='ocrx_word' id='word_1_232' title='bbox 1187 4137 1271 4205; x_wconf 84' lang='lat' dir='ltr'><strong>Nous</strong></span> <span class='ocrx_word' id='word_1_233' title='bbox 1286 4140 1411 4206; x_wconf 87' lang='lat' dir='ltr'><strong>oouieo·</strong></span> 
     </span>
     <span class='ocr_line' id='line_1_28' title="bbox 154 4236 1411 4324; baseline 0 -18"><span class='ocrx_word' id='word_1_234' title='bbox 154 4245 228 4306; x_wconf 82' lang='lat' dir='ltr'><strong>turs</strong></span> <span class='ocrx_word' id='word_1_235' title='bbox 249 4236 290 4306; x_wconf 90' lang='lat' dir='ltr'><strong>de</strong></span> <span class='ocrx_word' id='word_1_236' title='bbox 313 4239 475 4308; x_wconf 76' lang='lat' dir='ltr'><strong>Favorino</strong></span> <span class='ocrx_word' id='word_1_237' title='bbox 498 4241 569 4308; x_wconf 84' lang='lat' dir='ltr'><strong>eius</strong></span> <span class='ocrx_word' id='word_1_238' title='bbox 591 4246 723 4309; x_wconf 84' lang='lat' dir='ltr'><strong>suetoso</strong></span> <span class='ocrx_word' id='word_1_239' title='bbox 745 4242 825 4308; x_wconf 82' lang='lat' dir='ltr'><strong>satis</strong></span> <span class='ocrx_word' id='word_1_240' title='bbox 846 4239 946 4308; x_wconf 85' lang='lat' dir='ltr'><strong>firmis</strong></span> <span class='ocrx_word' id='word_1_241' title='bbox 968 4242 1166 4324; x_wconf 78' lang='lat' dir='ltr'><strong>argumentis</strong></span> <span class='ocrx_word' id='word_1_242' title='bbox 1188 4239 1332 4308; x_wconf 71' lang='lat' dir='ltr'><strong>stabilito</strong></span> <span class='ocrx_word' id='word_1_243' title='bbox 1353 4247 1411 4308; x_wconf 86' lang='lat' dir='ltr'><strong>est.</strong></span> 
     </span>
    </p>

    <p class='ocr_par' dir='ltr' id='par_1_8' title="bbox 154 4341 1412 4531">
     <span class='ocr_line' id='line_1_29' title="bbox 239 4341 1410 4428; baseline 0.002 -21"><span class='ocrx_word' id='word_1_244' title='bbox 239 4341 395 4410; x_wconf 80' lang='lat' dir='ltr'><strong>lduoomio</strong></span> <span class='ocrx_word' id='word_1_245' title='bbox 417 4341 555 4427; x_wconf 76' lang='lat' dir='ltr'><strong>comas,</strong></span> <span class='ocrx_word' id='word_1_246' title='bbox 586 4342 674 4427; x_wconf 87' lang='lat' dir='ltr'><strong>quod</strong></span> <span class='ocrx_word' id='word_1_247' title='bbox 694 4342 783 4428; x_wconf 84' lang='lat' dir='ltr'><strong>opud</strong></span> <span class='ocrx_word' id='word_1_248' title='bbox 805 4341 975 4428; x_wconf 83' lang='lat' dir='ltr'><strong>Synesium</strong></span> <span class='ocrx_word' id='word_1_249' title='bbox 996 4343 1116 4427; x_wconf 87' lang='lat' dir='ltr'><strong>legitur</strong></span> <span class='ocrx_word' id='word_1_250' title='bbox 1137 4343 1171 4408; x_wconf 91' lang='lat' dir='ltr'><strong>iu</strong></span> <span class='ocrx_word' id='word_1_251' title='bbox 1193 4341 1326 4410; x_wconf 80' lang='lat' dir='ltr'><strong>Oulvitii</strong></span> <span class='ocrx_word' id='word_1_252' title='bbox 1347 4342 1410 4409; x_wconf 80' lang='lat' dir='ltr'><strong>liu·</strong></span> 
     </span>
     <span class='ocr_line' id='line_1_30' title="bbox 154 4441 1412 4531; baseline -0.003 -17"><span class='ocrx_word' id='word_1_253' title='bbox 154 4445 261 4514; x_wconf 82' lang='lat' dir='ltr'><strong>comio</strong></span> <span class='ocrx_word' id='word_1_254' title='bbox 283 4449 316 4512; x_wconf 88' lang='lat' dir='ltr'><strong>et</strong></span> <span class='ocrx_word' id='word_1_255' title='bbox 334 4443 375 4512; x_wconf 90' lang='lat' dir='ltr'><strong>iis</strong></span> <span class='ocrx_word' id='word_1_256' title='bbox 390 4463 474 4531; x_wconf 84' lang='lat' dir='ltr'><strong>quse</strong></span> <span class='ocrx_word' id='word_1_257' title='bbox 489 4465 532 4514; x_wconf 87' lang='lat' dir='ltr'><strong>ex</strong></span> <span class='ocrx_word' id='word_1_258' title='bbox 547 4445 676 4531; x_wconf 83' lang='lat' dir='ltr'><strong>Synosii</strong></span> <span class='ocrx_word' id='word_1_259' title='bbox 692 4446 798 4513; x_wconf 91' lang='lat' dir='ltr'><strong>Dione</strong></span> <span class='ocrx_word' id='word_1_260' title='bbox 814 4450 967 4530; x_wconf 81' lang='lat' dir='ltr'><strong>exoorptu</strong></span> <span class='ocrx_word' id='word_1_261' title='bbox 981 4443 1171 4512; x_wconf 90' lang='lat' dir='ltr'><strong>testimoniis</strong></span> <span class='ocrx_word' id='word_1_262' title='bbox 1187 4441 1348 4529; x_wconf 80' lang='lat' dir='ltr'><strong>(Append.</strong></span> <span class='ocrx_word' id='word_1_263' title='bbox 1363 4443 1412 4510; x_wconf 89' lang='lat'><strong>111</strong></span> 
     </span>
    </p>
   </div>
   <div class='ocr_carea' id='block_1_7' title="bbox 12 4545 1411 4650">
    <p class='ocr_par' dir='ltr' id='par_1_9' title="bbox 12 4545 1411 4650">
     <span class='ocr_line' id='line_1_31' title="bbox 12 4545 1411 4650; baseline 0 -37"><span class='ocrx_word' id='word_1_264' title='bbox 12 4601 14 4650; x_wconf 75' lang='lat'><em>;</em></span> <span class='ocrx_word' id='word_1_265' title='bbox 153 4567 186 4632; x_wconf 94' lang='lat' dir='ltr'><strong>p.</strong></span> <span class='ocrx_word' id='word_1_266' title='bbox 211 4548 285 4626; x_wconf 86' lang='grc'>313)</span> <span class='ocrx_word' id='word_1_267' title='bbox 308 4547 437 4634; x_wconf 87' lang='lat' dir='ltr'><strong>inserui,</strong></span> <span class='ocrx_word' id='word_1_268' title='bbox 459 4549 651 4640; x_wconf 78' lang='lat' dir='ltr'><strong>vorietutem</strong></span> <span class='ocrx_word' id='word_1_269' title='bbox 672 4547 821 4616; x_wconf 88' lang='lat' dir='ltr'><strong>leotionis</strong></span> <span class='ocrx_word' id='word_1_270' title='bbox 839 4547 953 4616; x_wconf 84' lang='lat' dir='ltr'><strong>sddidi</strong></span> <span class='ocrx_word' id='word_1_271' title='bbox 971 4565 1013 4614; x_wconf 90' lang='lat' dir='ltr'><strong>ex</strong></span> <span class='ocrx_word' id='word_1_272' title='bbox 1028 4545 1244 4615; x_wconf 76' lang='lat' dir='ltr'><strong>Laurentiano</strong></span> <span class='ocrx_word' id='word_1_273' title='bbox 1259 4547 1298 4630; x_wconf 84' lang='grc' dir='ltr'><strong>Δ,</strong></span> <span class='ocrx_word' id='word_1_274' title='bbox 1314 4563 1411 4631; x_wconf 84' lang='lat' dir='ltr'><strong>quern</strong></span> 
     </span>
    </p>
   </div>
   <div class='ocr_carea' id='block_1_8' title="bbox 688 4745 960 4866">
    <p class='ocr_par' dir='ltr' id='par_1_10' title="bbox 688 4745 960 4866">
     <span class='ocr_line' id='line_1_32' title="bbox 688 4745 960 4866; baseline -0.066 0"><span class='ocrx_word' id='word_1_275' title='bbox 688 4745 960 4866; x_wconf 62' lang='lat'><strong>349398</strong></span> 
     </span>
    </p>
   </div>
   <div class='ocr_carea' id='block_1_9' title="bbox 0 0 1730 5264">
    <p class='ocr_par' dir='ltr' id='par_1_11' title="bbox 0 0 1730 5264">
     <span class='ocr_line' id='line_1_33' title="bbox 0 0 1730 5264; baseline 0 1"><span class='ocrx_word' id='word_1_276' title='bbox 0 0 1730 5264; x_wconf 95' lang='lat' dir='ltr'><strong> </strong></span> 
     </span>
    </p>
   </div>
  </div>
 </body>
</html>
