3526 5264
348 357 411 418 186
800 358 926 418 molus
942 359 995 416 DE
1013 357 1151 415 HABITU

346 541 499 612 νοοῦσιν,
527 537 574 610 ὡς
595 542 892 619 καταφρονοῦντας
913 535 1023 598 αύτῶν
1044 537 1101 598 καί
1121 535 1454 616 καταγιγνώσκοντας
1476 530 1606 620 πολλήν

348 639 505 718 ἀμαθίαν
526 639 584 700 καί
607 634 796 716 δυστυχίαν,
817 639 874 701 καί
895 640 949 700 δτι
965 645 1121 724 φανερῶς
1140 640 1201 718 μὲν
1217 638 1255 699 ού
1270 632 1510 717 καταγελῶσιν,
1533 633 1607 719 ίδίᾳ

348 737 386 802 δὲ
416 731 503 824 παρ’
535 741 651 815 αὐτοῖς
673 741 781 815 οὕτως
809 742 958 820 ίχουσιν,
990 742 1036 817 ῶς
1063 743 1195 816 πάντας
1223 736 1369 814 ἀθλίους
1399 739 1498 813 ὄντας
1527 739 1607 813 τούς

348 840 594 920 ἀπαιδεύτους,
628 839 835 928 ἀρξαμένους
863 844 934 906 ἀπὸ
963 850 1030 906 τῶν
1060 840 1234 906 πλουσίων
1268 839 1307 927 δή
1343 843 1399 904 καί
1430 842 1606 924 μακαρίων

348 942 554 1023 δοκούντων,
583 946 641 1022 οὓς
664 946 761 1008 αύτοί
783 941 921 1031 ζηλοῦσι
941 947 997 1008 καί
1021 948 1160 1029 σμικρὸν
1183 943 1360 1030 διαφέρειν
1383 941 1516 1006 οἴονται
1536 949 1604 1004 τῶν
1626 956 1641 1004 5

348 1047 443 1109 θεῶν
466 1043 682 1127 εὐδαιμονίας
710 1049 834 1109 ἕνεκεν·
862 1048 919 1109 καί
945 1050 1000 1110 δτι
1021 1042 1224 1127 ἀτιμάζουσι
1245 1048 1302 1109 καί
1324 1042 1507 1128 διαγελῶσι
1529 1047 1608 1119 τούς

351 1146 546 1224 πολυτελῶς
568 1150 752 1225 ἐσθίοντάς
773 1169 810 1212 τε
831 1152 888 1213 καί
903 1151 1066 1226 πίνοντας
1080 1152 1137 1213 καί
1150 1146 1332 1212 καθεύδειν
1348 1146 1508 1228 μαλακῶς
1529 1148 1606 1230 βου-

351 1249 511 1332 λομένους
538 1253 595 1314 καί
621 1253 706 1332 μετὰ
734 1261 898 1335 γυναικῶν
926 1255 1086 1316 ἑκάστοτε
1115 1254 1250 1335 ὡραίων
1278 1253 1335 1315 καί
1364 1247 1499 1314 παίδων
1528 1251 1607 1312 ἀνα·

350 1355 529 1417 παύεσθαι
557 1357 614 1417 καί
642 1353 754 1418 πολλά
781 1357 935 1441 χρήματα
964 1359 1051 1436 ίχειν
1078 1359 1136 1419 καί
1169 1351 1416 1436 θαυμάζεσθαι
1449 1355 1517 1416 ύπύ
1547 1359 1609 1414 τοῦ

350 1454 482 1519 πολλοῦ
502 1455 601 1536 ἀχλου
624 1460 680 1521 καί
702 1456 995 1541 περιβλέπεσθαι·
1018 1459 1065 1522 ὥν
1088 1456 1185 1522 οὐδὲν
1206 1463 1367 1544 ήγοῦνται
1387 1451 1503 1537 μειζον
1525 1452 1603 1517 ούδὲ
1629 1465 1655 1514 1⁰

307 1558 327 1622 8
348 1555 494 1622 κάλλιον.
536 1557 593 1622 διδ
617 1556 655 1646 δή
678 1564 802 1646 ταύτην
824 1563 884 1647 τήν
899 1562 1056 1644 ὑποψίαν
1072 1559 1329 1642 δυσχεραίνουσι
1343 1560 1423 1632 τούς
1437 1559 1481 1644 μή
1498 1557 1735 1620 cathamum

351 1663 454 1746 σφίσι
476 1657 717 1742 θαυμάζοντας
738 1660 823 1748 μηδὲ
846 1670 1015 1742 τιμῶντας
1035 1659 1120 1746 μηδὲ
1143 1664 1204 1747 τήν
1227 1661 1329 1746 αύτήν
1359 1661 1438 1742 περί
1460 1666 1526 1721 τῶν
1548 1679 1607 1738 με·

348 1764 475 1844 γίστων
497 1765 635 1843 ἔχοντας
658 1761 822 1827 διάνοιαν.
869 1765 985 1827 ούκοῦν
1008 1761 1394 1848 προκαταλαμβάνουσιν
1417 1763 1515 1824 αύτοί
1537 1757 1607 1824 λοι-

350 1861 527 1950 δοροῦντες
548 1868 605 1930 καί
626 1861 855 1944 τωθάζοντες,
878 1868 925 1942 ὡς
947 1863 1093 1942 ἀθλίους
1113 1867 1170 1928 καί
1192 1866 1371 1950 ἀνοήτους,
1402 1862 1531 1939 είδότες
1553 1867 1607 1926 δτι

347 1969 379 2030 εί
401 1970 462 2048 μέν
484 1972 625 2044 τούτους
653 1969 893 2055 ἀποφανοῦσιν
923 1971 1076 2055 ἄφρονας
1103 1971 1160 2030 καί
1186 1972 1427 2048 μαινομένους,
1456 1969 1526 2047 ἅμα
1547 1968 1605 2030 καί
1626 1973 1655 2025 ιε

350 2074 471 2148 αὐτούς
492 2068 717 2148 ἀποδείξουσι
741 2079 1001 2157 σωφρονοῦντας
1022 2073 1079 2135 καί
1100 2078 1178 2133 νοῦν
1200 2072 1353 2150 ίχοντας·
1381 2071 1413 2132 εί
1434 2067 1472 2132 δέ
1496 2089 1607 2152 παρα-

344 2176 573 2260 χωρήσουσιν,
605 2176 651 2250 ὡς
678 2178 807 2237 τούτων
830 2177 851 2236 ά
877 2177 938 2260 χρή
968 2176 1219 2257 γιγνωσκόντων
1247 2174 1304 2235 καί
1332 2168 1463 2235 πολλοῦ
1490 2169 1605 2250 ἀξίων,

347 2279 417 2358 ἅμα
439 2279 496 2340 καί
517 2278 640 2352 αύτούς
662 2274 911 2363 ὁμολογήσουσι
933 2274 1106 2356 δυστυχεῖς
1120 2278 1177 2338 καί
1191 2275 1424 2360 ἀναισθήτους
1437 2275 1494 2337 καί
1510 2273 1607 2340 ούδέν

308 2379 328 2442 9
350 2377 486 2455 εἰδότας
500 2377 620 2454 ἁπλῶς
635 2379 682 2442 ὥν
705 2381 870 2466 προσήκει
892 2381 1101 2463 ἀνθρώπους
1116 2376 1317 2458 ἐλευθέρους
1333 2375 1468 2440 εἰδέναι
1555 2379 1607 2442 ἔτι
1620 2387 1711 2438 (σωκ)

348 2480 385 2544 δέ
407 2483 466 2545 ἐὰν
487 2487 549 2562 μέν
571 2503 647 2545 τινα
671 2479 791 2546 ἴδωσιν
814 2483 861 2558 ὡς
876 2485 999 2567 ναύτην
1013 2478 1227 2562 ἐσταλμένον,
1249 2479 1348 2542 ἴσασι
1368 2487 1488 2542 τοῦτον
1503 2477 1603 2542 πλευ-
1625 2487 1657 2538 ²⁰

351 2587 524 2664 σούμενον,
546 2585 607 2647 κάν
631 2586 678 2660 ὡς
699 2587 845 2668 γεωργὸν
868 2587 998 2668 ἕτερον,
1021 2586 1272 2669 γεωργήσοντα·
1301 2585 1360 2644 τόν
1381 2602 1419 2665 γε
1439 2585 1505 2668 μήν
1529 2601 1606 2645 ποι·

349 2691 450 2766 μένος
472 2688 590 2766 έχοντα
615 2684 737 2774 στολήν
760 2685 857 2750 ἴσασι
879 2688 935 2749 καί
956 2694 1075 2749 τοῦτον
1093 2689 1146 2750 δτι
1161 2687 1302 2749 ἄπεισιν
1316 2687 1376 2747 έπί
1391 2686 1433 2746 τὰ
1450 2686 1606 2770 πρόβατα

349 2789 406 2851 καί
428 2790 508 2873 περί
529 2791 639 2852 έκεῖνο
664 2786 856 2873 διατρίψει,
887 2792 974 2851 ὥστε
995 2780 1056 2851 ὑπ’
1090 2785 1226 2863 ούδενδς
1249 2784 1456 2866 λυπούμενοι
1477 2789 1606 2850 τούτων

349 2891 452 2954 ίῶσιν
475 2881 614 2967 αὐτούς·
643 2895 723 2954 δταν
746 2889 784 2954 δέ
805 2912 881 2954 τινα
905 2889 1006 2954 ἴδωσι
1028 2893 1067 2953 τὸ
1091 2899 1200 2976 σχῆμα
1223 2891 1341 2970 ἔχοντα
1362 2889 1401 2951 τδ
1424 2897 1486 2951 τοῦ
1507 2886 1607 2975 φιλο·

350 2997 471 3080 σόφου,
496 2989 685 3077 λογίζονται
707 2999 761 3058 δτι
784 2993 882 3070 οδτος
905 2995 981 3058 ούτε
1003 2997 1091 3078 πρὸς
1112 2996 1151 3055 τὸ
1174 2991 1273 3056 πλεῖν
1289 2985 1406 3076 [ἐστιν]
1420 2991 1497 3054 οδτε
1516 2995 1605 3076 πρὸς
1625 2999 1657 3050 κύ

348 3100 513 3182 γεωργίαν
536 3097 612 3160 οὔτε
635 3099 817 3182 προβάτων
839 3101 947 3161 ίνεκεν
970 3099 1076 3173 οὕτως
1098 3093 1269 3173 ίσταλται,
1292 3086 1368 3158 ἀλλ’
1394 3085 1453 3156 ἐπ’
1471 3095 1607 3176 ἀνθρώ·

350 3221 437 3276 πους
461 3203 749 3285 παρεσκεύασται,
779 3203 825 3277 ὡς
849 3202 1066 3286 νουθετήσων
1088 3219 1124 3262 τε
1145 3201 1202 3263 καί
1223 3195 1402 3281 ἐξελέγξων
1430 3198 1488 3258 καί
1510 3187 1606 3257 οὐδέν

349 3325 384 3367 τι
405 3305 600 3366 θωπεύσων
623 3295 744 3366 οὐδένα
768 3293 877 3367 αἰτῶν
900 3295 977 3366 οὐδὲ
1001 3305 1205 3388 φεισόμενος
1227 3293 1381 3379 οὐδενός,
1411 3291 1606 3362 τούναντίον

350 3403 387 3470 δὲ
409 3404 564 3469 κολάσων
586 3409 633 3482 ὡς
653 3408 696 3470 ἀν
719 3405 859 3493 δύνηται
874 3399 996 3482 αὐτούς
1011 3403 1158 3487 μάλιστα
1174 3402 1324 3489 τῷλόγῳ
1347 3405 1404 3467 καί
1423 3395 1607 3478 ἐπιδείξων

440 3608 746 3682 λκαταφρονοῦσινΒ
815 3601 1086 3680 καταγινώσκοντες
1104 3603 1178 3660 UHB
1230 3606 1460 3676 λκαταγελῶσιν
1476 3600 1504 3656 Η
1519 3621 1606 3658 κατα·

348 3699 452 3768 γελῶσι
470 3692 492 3747 P
509 3697 693 3770 καταγελῷεν
710 3693 788 3749 UBM
859 3691 1038 3764 ῦμικρύνϋ
1092 3686 1210 3748 θένεκα
1229 3689 1251 3742 Β
1268 3684 1365 3747 ἕνεκεν
1382 3702 1416 3742 ex
1433 3681 1557 3744 ένεκαΡ

350 3775 521 3851 ἀτιμάζουσι
537 3784 586 3838 καί
603 3782 753 3851 διαγελῶσι
771 3777 911 3838 Βείεὶὶεις
936 3770 1103 3847 α’τιμάζοιεν
1124 3779 1173 3832 καί
1196 3778 1352 3850 διαγελῷεν
1374 3771 1436 3828 libn·
1539 3765 1608 3838 τοὺς

349 3867 456 3935 scripsi,
474 3865 514 3932 ὡς
525 3867 589 3921 libri
640 3870 654 3919 7
673 3869 880 3931 πολυτελῶς-
894 3884 926 3921 τε
940 3866 990 3920 καί
1006 3879 1059 3919 om.
1071 3860 1151 3916 PHM
1203 3859 1398 3932 βουλομένους
1409 3872 1462 3913 om.
1475 3854 1555 3911 Ussu

351 3955 367 4006 8
384 3946 591 4023 ἀναπάβεσθαι
608 3950 631 4004 P
701 3953 717 4004 9
735 3953 829 4007 ποτοῦ
845 3953 909 4018 post
924 3947 982 4006 ύπδ
1002 3951 1054 4005 τοῦ
1071 3945 1132 4000 εδδ.
1148 3944 1178 4000 Μ
1232 3951 1260 4000 11
1281 3938 1371 4003 ταδτά
1389 3945 1458 4015 φησί
1475 3941 1498 3996 Β
1515 3935 1606 4000 ταύτὰ

351 4037 433 4108 σφίσι
451 4041 501 4103 (αα
517 4039 546 4092 εί
563 4037 574 4091 ί
591 4050 609 4090 ι
627 4050 714 4102 ιαμ-,ς
732 4035 784 4090 hoc
802 4033 856 4089 fuit
873 4039 899 4106 η)
917 4033 939 4088 U
959 4025 1049 4090 ταύτὰ
1068 4033 1148 4104 φύσιν
1166 4033 1205 4096 (ει
1221 4029 1250 4085 in
1268 4029 1360 4094 litura)
1378 4029 1408 4084 M
1484 4033 1515 4082 15
1533 4019 1607 4085 ἀπο-

350 4125 494 4194 φανυίυιν
505 4137 576 4177 corr.
591 4119 713 4188 Μάιος),
725 4114 940 4191 ἀποφαίνουσιν
950 4116 1014 4173 libri
1062 4120 1090 4170 17
1104 4113 1308 4188 γινωσκόντων
1319 4113 1368 4167 ΗΡ
1414 4106 1512 4180 ἀξίους
1524 4111 1573 4169 ΠΒ

352 4213 384 4264 18
404 4200 507 4273 αύτούς
524 4205 546 4260 P
613 4209 646 4260 20
664 4200 861 4274 πλευσόμεναν
876 4219 912 4259 ex
929 4197 1142 4270 πλευσούμενον
1158 4199 1180 4254 Ρ
1251 4203 1281 4253 21
1301 4201 1351 4256 καί
1368 4214 1417 4268 pro
1434 4193 1490 4256 κάν
1507 4197 1555 4252 ΡΗ

352 4289 554 4350 ίίίττααινΜ
604 4295 638 4346 23
651 4291 797 4361 διατρίψει
807 4289 877 4354 libri,
889 4303 958 4345 corr.
970 4287 1071 4343 Βείείιο
1122 4289 1229 4342 τοῦτον
1240 4283 1289 4341 UB
1343 4288 1376 4338 21
1388 4278 1538 4341 αύτοῦῦΒ

351 4379 386 4436 τὸ
403 4393 456 4434 om.
474 4377 524 4433 PH
593 4380 625 4431 25
643 4372 720 4450 πρὸς
736 4379 780 4450 τῷ
796 4379 879 4432 πλεῖν
896 4373 925 4428 H
1010 4369 1090 4429 ἐστιν
1107 4369 1214 4438 seclusi,
1232 4373 1324 4438 ponent
1339 4367 1450 4436 εεττεά,
1467 4369 1492 4422 εἰ
1507 4366 1607 4425 ἐσταλ-

350 4463 438 4533 μένος
453 4463 591 4518 scribatur
640 4459 717 4531 πρὸς
734 4462 860 4539 γεωργίᾳ
876 4459 908 4516 Μ
964 4462 995 4512 21
1015 4451 1290 4530 παρασκεύασταιΡ
1342 4471 1389 4510 ται
1407 4467 1457 4522 pro
1475 4471 1506 4510 τε
1524 4453 1554 4507 M

350 4547 476 4621 ἐλίγχαν
492 4561 566 4618 (mg.
584 4567 629 4620 γρ.
648 4543 813 4619 ἐξελέγχων)
830 4545 857 4600 Η
