3466 5268
353 388 393 447 48
768 388 892 447 1³10le
909 390 960 446 DE
979 390 1190 448 concomm

313 567 331 627 7
356 567 491 639 πόντος.
543 565 619 626 έπεί
648 561 683 626 δὲ
715 565 818 649 ἀρχὴν
847 562 980 646 ἔλαβεν,
1009 568 1073 628 όσα
1102 569 1163 647 μέν
1193 571 1293 644 αὑτός
1316 569 1452 633 ἔπαθον
1480 579 1615 656 μετρῶν

353 668 410 729 καὶ
433 662 622 748 διαμετρῶν
649 666 706 728 καί
735 660 962 748 λογιζόμενος,
990 670 1085 744 ὅπως
1113 671 1157 755 μη
1188 676 1320 752 γένοιτο
1350 673 1504 756 ἀπρεπές
1525 672 1613 759 μηδὲ
1631 687 1723 738 <ms

354 769 498 851 ἀχρεῖον,
522 767 626 829 όποῖα
650 769 730 851 έργα
754 765 864 830 πολλὰ
880 774 993 851 γέγονε
1010 763 1095 854 παρ’
1122 776 1251 857 έτέροις
1271 776 1381 858 μάτην
1404 771 1612 855 ἀπολόμενα,
1630 785 1727 838 συνεί

353 871 409 932 καί
438 865 630 932 τελευταῖον
659 871 709 945 εἰς
737 871 779 932 τά
809 873 869 956 όρη
902 871 1148 957 φθειρόμενος,
1183 876 1241 936 οὑκ
1274 877 1321 936 ῶν
1351 876 1514 961 ἔμπειρος
1543 886 1612 940 τῶν

353 974 517 1034 τοιούτων
547 967 683 1046 οὑδενδς
712 969 788 1034 οὑδὲ
818 973 960 1056 ἀπορῶν
988 974 1085 1057 έργου
1115 979 1222 1052 τινός,
1251 968 1328 1038 ἀλλ’
1354 979 1450 1061 ἔτερα
1478 975 1648 1058 μᾶλλονε

354 1076 517 1158 πράττειν
541 1070 724 1154 δυνάμενος
748 1072 999 1159 σπουδαιότερα
1023 1074 1124 1152 ἴσως,
1153 1069 1218 1162 ἀφ’
1244 1077 1290 1140 ῶν
1314 1080 1352 1140 οὑ
1376 1079 1470 1162 παρά
1493 1083 1614 1159 μόνοις

352 1177 431 1255 ὑμῖν
460 1172 829 1256 εὑδοκιμεῖνέμελλον,
859 1179 903 1238 ἰῶ
933 1185 990 1239 νῦν
1019 1175 1200 1255 ἐπεξιέναι.
1252 1177 1348 1242 οὐδὲν
1376 1181 1439 1265 γάρ
1468 1177 1508 1266 ἦν
1537 1185 1615 1262 έμοί

315 1283 334 1348 8
358 1279 444 1362 βαρὺ
469 1269 518 1340 δι’
550 1281 637 1359 ὑμᾶς
665 1281 879 1357 ὑπομένοντι.
933 1277 1027 1361 λόγοι
1056 1277 1092 1343 δὲ
1120 1283 1290 1364 ἐγίγνοντο
1320 1280 1442 1345 πολλοὶ
1464 1289 1541 1364 μέν,
1575 1287 1614 1346 οὑ

356 1380 450 1464 παρά
474 1377 610 1443 πολλῶν
634 1377 759 1458 δέ,καί
783 1377 918 1466 σφόδρα
940 1379 1073 1466 ἀηδεῖς,
1098 1385 1144 1458 ὡς
1165 1388 1392 1447 κατασκάπτω
1416 1387 1476 1471 την
1499 1384 1614 1464 πόλιν,

353 1485 401 1557 ὡς
423 1485 612 1545 ἀνάστατον
635 1485 807 1568 πεποίηκα
831 1480 949 1562 σχεδόν
971 1481 1156 1562 ἐξελαύνων
1178 1489 1258 1561 τοὺς
1280 1483 1434 1565 πολίτας,
1458 1491 1505 1565 ὡς
1528 1488 1609 1574 ἀνῄ-
1634 1500 1664 1552 10

354 1605 455 1669 ρηται
478 1587 604 1661 πάντα,
630 1591 840 1666 συγκέχυται,
866 1582 988 1648 λοιπόν
1011 1584 1108 1649 οὐδέν
1131 1591 1233 1651 ἐστιν.
1277 1591 1336 1651 καί
1357 1610 1445 1665 τινες
1468 1587 1554 1678 ἦσαν
1579 1594 1614 1653 οἰ

357 1684 492 1772 σφόδρα
515 1683 714 1770 ὀδυρόμενοι
735 1690 774 1750 τό
795 1685 950 1767 χαλκεῖον
973 1691 1011 1751 τό
1042 1697 1104 1752 τοῦ
1130 1687 1256 1768 δεῖνος,
1281 1687 1441 1772 χαλεπῶς
1469 1694 1612 1776 ἔχοντες,

355 1791 386 1851 εἰ
407 1791 451 1874 μη
469 1793 568 1869 μενεῖ
578 1796 682 1851 ταῦτα
698 1790 739 1851 τό
755 1791 982 1876 ὑπομνήματα
997 1800 1057 1877 τῆς
1072 1791 1225 1870 παλαιᾶς
1240 1791 1467 1876 εὐδαιμονίας,
1492 1795 1611 1879 ὥσπερ

352 1898 420 1953 τῶν
445 1882 612 1977 Ἀθήνησι
641 1889 874 1974 Προπυλαίων
901 1899 1107 1974 κινουμένων
1134 1898 1153 1981 ἢ
1185 1904 1247 1958 τοὺ
1273 1898 1506 1981 Παρθενῶνος
1527 1897 1547 1982 ἢ
1572 1900 1612 1959 τὸ

352 1995 490 2074 Σαμίων
506 1986 651 2078 Ἥραιον
672 1998 761 2080 ημᾶς
784 1997 1038 2080 ἀνατρέποντας
1060 1998 1079 2082 ἢ
1113 2000 1151 2060 τδ
1175 1995 1358 2084 Μιλησίων
1380 1997 1566 2080 Διδύμειον
1588 2001 1609 2084 ἢ
1635 2011 1664 2062 15

312 2101 332 2164 9
355 2097 414 2158 τόν
443 2097 526 2159 νεὼν
555 2105 615 2182 τῆς
633 2089 790 2183 Ἐφεσίας
816 2087 1028 2181 Ἀρτέμιδος,
1057 2091 1133 2160 ἀλλ’
1160 2101 1218 2161 οὑκ
1247 2102 1368 2185 αἰσχροὶ
1390 2103 1446 2164 καί
1473 2106 1613 2183 καταγέ-

356 2194 464 2260 λαστα
487 2201 633 2282 ἐρείπια,
658 2195 746 2261 πολὺ
769 2197 995 2285 ταπεινότερα
1017 2208 1085 2262 τῶν
1101 2197 1269 2281 κλεισίων,
1293 2203 1345 2278 οίς
1359 2199 1547 2268 ὑποδύεται
1569 2205 1612 2265 τά
1630 2215 1727 2268 αωεῑι

355 2299 521 2384 πρόβατα,
545 2307 612 2363 τῶν
635 2306 808 2380 ποιμένων
832 2299 868 2364 δε
892 2300 1001 2378 οὑδείς
1025 2304 1066 2365 ἀν
1090 2301 1228 2366 δὺναιτο
1248 2301 1419 2368 εἰσελθεῖν
1443 2297 1521 2370 οὑδὲ
1544 2313 1613 2368 τῶν

352 2407 593 2487 γενναιοτέρων
621 2410 744 2466 κυνῶν·
773 2395 834 2488 ἐφ’
869 2404 920 2480 οίς
948 2406 1044 2485 ὑμεῖς
1072 2408 1133 2485 μέν
1162 2407 1346 2490 ἠρυθριᾶτε
1374 2401 1464 2492 (καί)
1487 2406 1614 2493 διετρέ-

353 2506 467 2568 πεσθε
489 2512 556 2567 τῶν
578 2504 749 2592 ηγεμόνων
772 2504 964 2585 εἰσιόντων,
995 2509 1029 2569 οἰ
1059 2505 1095 2570 δὲ
1126 2506 1239 2594 ἀηδῶς
1261 2511 1392 2589 ἔχοντες
1416 2514 1502 2595 πρός
1524 2513 1610 2592 ὑμᾶς
1631 2520 1661 2572 M

353 2608 535 2691 ἐπέχαιρον
557 2609 614 2671 καί
635 2605 774 2691 ἐγέλων·
797 2611 885 2671 όπου
907 2606 992 2693 μηδὲ
1016 2614 1090 2686 τοῖς
1109 2608 1287 2690 χαλκεῦσιν
1316 2609 1393 2698 έξην
1417 2610 1613 2700 διάρασθαι

354 2706 482 2789 σχεδόν,
506 2707 591 2772 ἀλλά
615 2705 807 2795 εἰργάζοντο
829 2709 1026 2796 κεκυφότες·
1049 2715 1232 2776 καὶταῦτα
1256 2715 1429 2777 πίπτοντα
1451 2717 1508 2782 καί
1529 2718 1612 2778 ὑπε-

353 2817 567 2898 ρηρεισμένα,
592 2815 613 2874 δ
636 2815 723 2897 πρός
739 2817 798 2900 την
815 2810 944 2899 πληγην
960 2821 1021 2876 τοὺ
1035 2817 1219 2902 ῥαιστῆρος
1234 2816 1351 2899 έτρεμε
1365 2819 1422 2880 καί
1438 2814 1611 2882 διίστατο·

354 2906 431 2975 ἀλλ’
454 2917 546 2994 όμως
574 2911 660 3000 ἦσαν
691 2916 725 2977 οί
749 2913 908 2995 χαλεπῶς
937 2919 1052 3000 ἐώρων
1080 2911 1312 3002 ἀφανιζόμενα
1341 2919 1383 2980 τά
1407 2925 1530 3004 σημεῖα
1553 2928 1613 3005 τῆς

354 3018 554 3102 ἔμπροσθεν
577 3018 698 3092 πενίας
719 3019 777 3081 καί
798 3014 948 3096 ἀδοξίας,
973 3009 1032 3098 οὑχ
1054 3021 1107 3083 δτι
1122 3027 1189 3082 τῶν
1211 3018 1333 3082 κιόνων
1355 3019 1471 3101 ἔμελεν
1494 3013 1612 3097 αὐτοῖς
1633 3031 1665 3082 15

354 3126 421 3181 τῶν
445 3121 633 3199 ἱσταμένων
656 3111 733 3182 οὐδὲ
757 3127 825 3182 τῶν
846 3123 978 3202 γείσων,
1002 3113 1040 3183 οὐ
1058 3128 1125 3184 τῶν
1142 3119 1434 3204 οἰκοδομουμένων
1449 3125 1610 3209 έργαστη-

304 3223 343 3286 10
356 3222 439 3304 ρίων
461 3218 595 3298 ἀλλοσε,
619 3214 695 3283 ἀλλ’
722 3223 775 3284 ίνα
797 3218 970 3306 μηδέποτε
983 3218 1098 3304 μεῖζον
1113 3226 1209 3305 ὑμεῖς
1224 3228 1360 3289 έκείνων
1377 3234 1533 3312 φρονῆτε.
1573 3225 1612 3288 εὑ

352 3325 415 3408 γὰρ
440 3322 512 3386 ἴστε
534 3327 588 3387 ότι
609 3327 666 3388 καί
688 3329 760 3400 τοῖς
780 3321 1027 3411 οἰκοδομήμασι
1049 3329 1105 3390 καί
1128 3333 1203 3404 ταῖς
1226 3333 1361 3412 έορταῖς
1381 3329 1438 3390 καί
1452 3325 1499 3410 τῷ
1517 3325 1610 3390 δικά-

355 3421 422 3504 ζειν
452 3418 550 3490 αὐτοὶ
576 3430 633 3491 καί
662 3427 710 3510 τῷ
739 3429 782 3514 μη
808 3421 893 3512 παρ’
920 3433 1049 3515 ἑτέροις
1071 3425 1293 3506 έξετάζεσθαι
1322 3427 1407 3516 μηδὲ
1439 3426 1608 3494 συντελεῖν

355 3526 474 3606 ἀλλοις
495 3531 655 3615 καθάπερ
680 3527 777 3611 οἶμαι
799 3534 930 3617 κώμην,
961 3540 1049 3595 πᾶσι
1071 3535 1206 3608 τούτοις
1230 3532 1456 3614 συναίρεσθαι
1479 3536 1609 3618 πέφυκε
1631 3545 1661 3596 ευ
1726 3585 1727 3596 .

437 3707 574 3786 θάχριον
593 3711 622 3767 Μ
726 3707 806 3786 παρὰ
825 3711 854 3767 Μ
957 3705 1140 3783 ἀπολλύμενα
1158 3712 1206 3770 UB
1225 3705 1454 3782 ἀπολλύμεθαΤ
1543 3705 1611 3778 ὅδε
1721 3699 1727 3780 λ

355 3789 421 3855 οὑδὲ
438 3797 468 3852 Μ
537 3795 724 3870 θέγίγνοντο
742 3795 773 3850 M
824 3792 973 3872 θσφόδρα
991 3791 1107 3870 ἦδεῑςΤ
1177 3803 1206 3853 11
1225 3795 1327 3855 ἐστιΤ
1381 3801 1412 3853 13
1430 3797 1509 3868 μένει
1528 3797 1559 3853 M
1726 3837 1727 3880 η

352 3876 388 3940 τὰ
408 3897 461 3938 0111.
480 3880 552 3938 ΠΒΤ
661 3889 690 3937 15
707 3884 863 3955 μειλησίων
879 3882 933 3938 ΜΤ
950 3885 1087 3955 μιλησίων
1103 3887 1123 3952 (ι
1140 3883 1216 3954 prius
1233 3897 1251 3938 a
1269 3882 1392 3950 corr.)U
1483 3879 1610 3953 διόὺμιον
1726 3881 1727 3898 ’

351 3968 422 4033 libri,
440 3983 511 4023 corr.
530 3967 659 4024 Reiskluu
732 3973 761 4023 16
779 3966 905 4039 έφεσίων
922 3966 996 4023 UBT
1074 3975 1103 4024 11
1121 3969 1247 4042 κλησίοιν
1264 3968 1318 4024 ΒΜ
1334 3971 1453 4027 κλισίαν
1470 3968 1495 4026 U
1513 3983 1549 4026 m.
1567 3984 1608 4038 pr.

352 4057 471 4111 κλισιῶν
489 4068 560 4110 τοτε.
579 4051 638 4120 UT,
655 4055 789 4111 κλεισίον
807 4051 888 4108 Dind.
962 4057 993 4108 19
1011 4057 1108 4124 κυρῶν
1125 4054 1154 4108 M
1233 4048 1390 4126 ἠρυθριᾶτε
1408 4053 1609 4125 διετρέπεσθαι

352 4139 406 4194 ΒΜ
423 4133 578 4213 ἠρυθριᾶτε
602 4137 786 4209 διετρέπεσθε
810 4137 835 4195 U
852 4136 1007 4212 έρυθριᾶτε
1032 4139 1215 4214 διετρέπεσθε
1233 4139 1273 4206 Τ,
1294 4143 1343 4197 καὶ
1360 4139 1423 4196 εδδ.
1441 4139 1522 4211 Εαη).

352 4227 384 4280 2⁰
403 4218 496 4296 ἀηδῶς
513 4223 716 4296 (ηευοεεηΰ
787 4228 816 4278 21
836 4221 975 4296 έπέχερον
993 4224 1024 4279 Μ
1092 4227 1124 4280 2²
1143 4229 1234 4284 ταῦτα
1252 4239 1304 4282 om.
1322 4225 1352 4280 M
1369 4241 1405 4280 m.
1422 4240 1465 4294 pr.
1540 4218 1608 4282 ὑπε·
1726 4275 1727 4280 ,

352 4307 507 4383 ρηρισμένα
525 4308 556 4364 11
625 4313 658 4364 ²³
676 4301 695 4365 ἀ
714 4323 766 4364 ουτ
785 4309 815 4364 M
901 4307 1047 4383 ραστῆρος
1065 4309 1094 4364 M
1172 4315 1204 4365 25
1223 4309 1330 4366 videtur
1346 4310 1449 4379 aliquid
1466 4309 1562 4366 δεεεεε
1579 4311 1609 4366 in
1726 4317 1727 4376 j

351 4395 423 4449 hanc
445 4392 620 4449 sententhm:
644 4387 696 4466 οὑχ
722 4383 767 4450 δτι
786 4389 878 4466 (καλὰ
902 4388 1000 4462 αὑτοῖς
1016 4391 1110 4454 ίδόιιει
1133 4399 1182 4454 καί
1204 4392 1343 4469 χρήσιμα,
1367 4389 1432 4454 οὑδὲ
1456 4389 1530 4469 γὰρ)
1548 4399 1609 4453 τῶν

349 4475 457 4536 κιόνων
475 4493 498 4536 ε.
516 4494 541 4547 q.
559 4493 582 4536 ε.
634 4475 751 4548 ἔμελλεν
767 4479 838 4546 libri,
858 4495 927 4539 corr.
946 4479 1047 4537 ΒείεΙιε
1107 4487 1140 4538 26
1158 4481 1304 4554 γεισυῖνῐ]
1365 4485 1397 4536 21
1415 4478 1510 4548 ἀλλοις
1529 4479 1608 4537 UMB

350 4561 439 4630 ἄλλος
455 4564 488 4634 Τ,
507 4562 614 4624 ἄλλοσε
632 4565 712 4636 Mmp.
783 4571 815 4622 30
834 4562 931 4634 ἀλλοις
948 4567 1082 4636 Valesius,
1100 4563 1233 4639 ἀλλήλοις
1250 4566 1312 4622 libri
