3520 5270
670 341 809 397 ORATIO
826 341 899 397 Lxd.
1352 340 1415 402 13?

158 527 216 588 καί
244 526 331 608 πρὸς
360 524 506 607 ῥήτορας
533 519 593 581 καί
620 520 708 601 πρὸς
737 518 907 603 σοφιστάς
940 520 997 580 καί
1024 517 1112 599 πρὸς
1141 520 1332 599 γεωμέτρας
1359 517 1417 579 καί

158 627 342 709 μουσικούς
370 625 427 686 καί
454 619 683 704 παιάστρίβας
710 622 767 683 καί
787 623 867 696 τούς
889 618 1012 694 ἄλλους
1035 615 1273 704 δημιουργούς,
1302 619 1360 681 καί
1380 620 1416 681 ἐν

160 726 390 812 παλαίστραις
416 726 474 787 καί
501 725 537 786 ἐν
567 724 775 804 συμποσίοις
802 725 859 786 καί
887 725 923 786 ἐν
958 720 1064 806 ἀγορᾶ
1101 721 1159 783 σύν
1187 717 1350 783 ἐκωλύετο
1379 719 1417 799 ἐξ

161 834 313 906 ἅπαντας
348 830 478 912 τρόπου
515 822 721 912 φιλοσοφεῖν
755 827 813 888 καί
849 830 1056 909 προτρέπειν
1090 815 1149 886 ἐπ’
1182 824 1303 907 ἀρετήν
1336 824 1418 898 τούς

125 948 141 998 d
163 936 333 1010 συνόντας,
357 931 415 992 οὐκ
430 926 521 992 ίύίσν
537 929 706 1014 εἰσφέρων
728 928 899 990 ὑπόθεσιν
915 924 992 989 oddd
1008 923 1190 1011 πρόβλημα
1204 926 1416 1004 ἐσκεμμένον,

160 1027 236 1098 ἀλλ’
262 1036 316 1098 ἀεί
338 1041 379 1118 τῇ
402 1033 558 1116 παρούσῃ
579 1031 751 1114 χρώμενος
772 1031 829 1092 καί
850 1032 973 1114 ταύτην
998 1030 1179 1109 προσάγων
1208 1030 1296 1106 πρὸς
1319 1023 1418 1113 φιλο·

162 1139 298 1224 σοφίαν.

688 1331 884 1342 -ι-ι--ιιι

598 1584 672 1660 (44)
701 1577 990 1662 ΧΡΥΣΗΙΣ.

243 1879 284 1939 Δ.
297 1867 390 1938 Ἐπεί
411 1876 583 1956 τυγχάνεις
606 1873 644 1934 ού
668 1869 807 1958 φαύλως
828 1868 1174 1961 ἐπαινούσαὍμηρον
1198 1875 1274 1941 σύάέ
1298 1881 1414 1965 ὥσπερ
1440 1889 1454 1949 1

160 1980 194 2040 ol
217 1974 339 2041 πολλοί
362 1979 571 2040 πιστεύουσα
594 1983 636 2060 τῇ
659 1972 738 2060 ἐόξη
763 1983 942 2060 προσποιῇ
963 1973 1169 2056 θαυμάζειν·
1202 1981 1221 2042 d
1251 1978 1286 2043 dd
1310 1978 1417 2046 άεινὸ-

9 2105 11 2120 >
112 2089 141 2140 ιο
161 2073 264 2156 τατός
292 2082 401 2156 ἐστιν,
429 2071 587 2164 ᾔσθησαι
613 2085 674 2140 τού
695 2085 857 2162 ποιητοῦ,
886 2079 946 2163 την
975 2080 1055 2162 περί
1084 2081 1248 2166 τὰπάθη
1272 2089 1339 2144 τῶν
1361 2083 1417 2146 ἐν·

160 2183 315 2266 θρώπων
337 2183 534 2264 ἐμπειρίαν·
563 2176 670 2241 τᾶλλα
690 2182 752 2259 μέν
773 2181 942 2259 ἐάσωμεν,
973 2183 1004 2242 τί
1026 2178 1176 2258 ἐθέλεις,
1207 2183 1344 2254 τὰνῦν,
1374 2183 1416 2245 τά

159 2293 226 2348 τῶν
248 2281 418 2367 βασιλέων
438 2285 495 2346 καί
518 2289 731 2367 στρατηγῶν,
764 2284 843 2366 περί
866 2279 902 2344 dd
923 2289 1005 2361 μιᾶς
1027 2286 1183 2365 γυναικὸς
1206 2285 1417 2366 σκεψώμεθα

159 2395 227 2450 τῶν
250 2384 482 2468 αἰχμαλώτων,
506 2385 631 2448 ύποίαν
653 2386 729 2447 τινά
753 2386 921 2470 πεποίηκε
943 2387 1003 2472 τὴν
1018 2386 1191 2469 θυγατέρα
1214 2393 1276 2448 τού
1290 2387 1416 2470 ἱερέως,

25 2499 145 2554 dmm
159 2489 199 2576 ἦς
222 2482 326 2565 εὐθύς
348 2489 501 2574 ἐμνήσθη
525 2478 602 2550 κατ’
628 2489 732 2568 ἀρχάς
755 2496 814 2574 τῆς
831 2489 1013 2572 ποιήσεως.
1052 2488 1072 2548 d
1093 2489 1155 2567 μέν
1169 2488 1231 2573 γάρ
1252 2481 1417 2572 Ἀγαμέμ-

113 2601 142 2651 15
165 2611 231 2654 νων
254 2580 292 2653 οὐ
315 2588 420 2671 μόνον
441 2593 479 2653 τὸ
504 2588 610 2669 είάος,
640 2587 724 2652 άλλά
753 2593 810 2653 καὶ
838 2592 896 2652 τὸν
918 2587 1047 2672 τρόπον
1069 2591 1224 2654 ἐπαινεῖν
1247 2591 1335 2653 ἐοικε
1357 2599 1417 2677 τῆς

161 2689 352 2778 παιδίσκης.
400 2689 486 2775 λέγει
508 2693 571 2775 γάρ
594 2694 640 2768 ὡς
664 2689 760 2755 σύέἐν
782 2690 833 2778 εἴη
857 2692 918 2769 τάς
941 2696 1068 2779 φρένας
1086 2696 1209 2778 χείρων
1231 2701 1291 2780 τῆς
1314 2695 1419 2756 αύτού

159 2797 330 2876 γυναικός·
355 2791 456 2880 δῆλον
480 2791 516 2856 dd
539 2796 586 2869 ὡς
608 2797 736 2880 ἐκείνην
758 2797 914 2875 οίύμενος
936 2802 1014 2856 νοῦν
1036 2797 1132 2875 ἔχειν.
1156 2831 1198 2839 -
1216 2799 1259 2859 Ίί
1281 2793 1336 2872 ἐέ,·
1358 2799 1416 2859 σύκ
1438 2787 1458 2850 2

163 2894 275 2972 άλλως
297 2903 396 2959 τοῦτο
420 2895 530 2982 εἴρηκε
546 2893 603 2958 ded
626 2899 684 2958 τὸν
700 2899 809 2979 ἐρωτα
825 2898 1067 2976 ἀπατώμενος;
1081 2931 1125 2940 -
1138 2902 1180 2962 Δ.
1192 2891 1288 2962 Ἰάεῖν
1305 2897 1417 2976 ἄξιον·

159 3000 273 3062 καίτοι
295 2996 538 3079 χαλεπώτατον
566 3000 706 3061 πείθειν
732 3001 811 3074 τούς
837 3001 993 3082 ἐρῶντας.
1041 3003 1098 3063 καί
1122 3001 1184 3084 γάρ
1210 3003 1417 3064 ύπονοσύσιν

112 3114 142 3165 νύ
164 3103 198 3163 ol
220 3098 343 3164 πολλοί
363 3103 420 3164 καί
443 3095 632 3183 ὀργίζονται
654 3097 791 3185 ρᾳάίως,
814 3103 871 3164 καί
893 3098 1059 3164 οὐδέποτέ
1081 3120 1187 3189 φασιν
1210 3105 1417 3186 ἀγαπᾶσθαι

158 3195 235 3266 κατ’
262 3200 360 3281 άξίσν
375 3204 443 3265 ὑπὸ
459 3210 526 3264 τῶν
541 3205 728 3285 ἐρωμένων,
752 3198 863 3278 άλλως
878 3223 914 3265 τε
929 3207 1009 3266 ύταν
1025 3202 1091 3266 ὦσι
1105 3207 1277 3288 κρείττους
1298 3215 1417 3270 τοσοῦ-

159 3326 218 3369 τον
239 3307 296 3369 καί
324 3309 479 3380 συνέντες
506 3297 582 3385 μετ’
615 3301 782 3382 ἐξουσίας.
814 3335 855 3348 -
887 3308 1001 3368 Ταῦτα
1032 3303 1070 3369 dd
1102 3328 1192 3394 φημι
1222 3312 1417 3391 συμβαίνειν

159 3415 232 3486 τοῖς
256 3405 401 3496 φαύλοις
422 3410 592 3489 ἐρασταῖς.
615 3439 657 3451 -
679 3410 720 3470 Δ.
745 3405 823 3470 Εἴτε
847 3407 905 3470 οὖν
935 3405 1126 3486 σπουδαῖος
1147 3407 1188 3496 ἦν
1211 3404 1417 3496 ύἈγαμέμ·

159 3533 242 3588 νων,
266 3512 383 3594 ὀρθῶς
404 3512 583 3592 ἐγίγνωσκε
605 3511 685 3591 περί
713 3509 831 3595 αὐτῆς,
862 3508 930 3572 εἴτε
952 3515 1025 3586 τοῖς
1049 3508 1192 3588 πολλοῖς
1219 3517 1354 3594 ὅμοιος,
1379 3516 1418 3577 ού
1531 3567 1533 3572 .
1615 3509 1617 3516 ’

9 3689 11 3702 Ι
112 3624 142 3674 25
164 3610 285 3698 ρᾴύιον
308 3609 441 3699 φαύλην
464 3611 567 3674 οὖσαν
590 3613 712 3696 ἀρέσαι
732 3613 791 3674 τὸν
814 3619 986 3690 τοιοῦτον,
1017 3614 1104 3675 ὥστε
1133 3614 1267 3703 ἀγαθὴν
1289 3614 1417 3679 ύπολα-
1536 3649 1540 3655 ,

160 3716 242 3796 βιΐν.
289 3719 370 3800 φέρε
399 3710 438 3801 άη
467 3716 524 3776 καὶ
551 3711 657 3777 ιάλλα
687 3711 822 3794 ἴάωμεν.
854 3745 890 3758 -
915 3715 984 3776 Καί
1012 3716 1088 3777 τίνα
1110 3713 1215 3802 άλλην
1236 3714 1457 3796 ἀπόδειξιν3

161 3819 248 3897 έχιις
270 3819 364 3900 παρά
393 3835 429 3898 γε
448 3807 578 3902 Ὁμήρῳ
608 3825 670 3879 τοῦ
690 3819 820 3900 τρόπον
851 3823 911 3902 τῆς
932 3820 1105 3898 γυναικός;
1132 3817 1228 3882 ούάέν
1255 3827 1335 3902 γσύν
1357 3840 1417 3884 πε·

161 3921 301 4005 ποίηκεν
325 3920 427 4004 αύτην
450 3921 665 4002 πράττουσαν
686 3920 706 4004 ἢ
732 3914 902 4000 λέγουσαν,
926 3915 1011 3983 άλλά
1029 3930 1106 4006 σιγῇ
1128 3921 1176 4005 τῷ
1199 3924 1304 4007 πατρί
1327 3920 1418 3986 ἐλιάσ-

247 4163 335 4230 doda
351 4169 384 4240 ἐξ
399 4171 428 4227 Μ
514 4171 700 4244 ύχρωμένον
717 4169 767 4227 BU
785 4187 820 4226 m.
838 4187 880 4240 pr.
968 4169 1057 4245 ταύτη
1074 4173 1104 4229 Μ
1184 4171 1284 4235 ίίὸίέ
1301 4175 1351 4234 UB

164 4250 427 4329 ιοῇιεῆιοιιῦτ
480 4262 509 4312 ιι
529 4256 670 4324 maen
727 4251 945 4314 ιιιὸιοαμ
1001 4258 1352 4331 ddcd.n0m.11.1‚1¹d

166 4345 194 4394 ιι
213 4341 303 4412 τινες
322 4341 400 4408 wid,
418 4341 569 4400 εἰσίοιεν
675 4344 706 4398 ιι
724 4340 794 4398 ωιτν
812 4337 895 4409 ἄξιοι
912 4342 993 4399 Dioni
1009 4343 1127 4400 reddidit
1144 4345 1207 4401 wd.
1313 4353 1346 4404 τι
1363 4347 1421 4424 dyd-

162 4427 297 4568 ηφγιιὲΒ
407 4430 439 4482 25
458 4431 511 4484 τοῦ
528 4421 664 4485 τοιούτου
681 4425 705 4484 U
724 4442 760 4481 m.
776 4442 818 4497 pr.
836 4430 889 4500 (τῷ
913 4425 1035 4505 τοιαύτη
1055 4445 1074 4486 ι
1091 4434 1173 4497 corr.)
1288 4437 1320 4488 27
1339 4428 1422 4494 οὐδὲν
