3476 5264
611 366 749 425 ORATIO
766 365 853 422 XXX.
1298 365 1359 426 299

106 544 141 605 οὶ
163 539 199 604 δέ
221 543 278 605 καί
293 538 441 616 πλείους.
478 543 592 620 μένειν
614 538 651 604 δέ
668 543 726 622 ούχ
741 544 888 619 ἑκόντας,
912 539 996 604 ἀλλά
1012 541 1077 626 μιᾷ
1093 545 1224 617 πάντας
1242 538 1363 605 ἁλύσει

107 641 273 708 δεδέσθαι
294 647 335 706 τά
358 663 394 707 τε
424 646 564 725 σώματα
594 644 733 720 καὶτὰς
755 647 876 726 ψυχάς,
900 637 1071 726 [καθάπερ
1100 647 1156 707 καί
1178 637 1239 730 έφ)
1263 650 1361 731 ημῶν

107 743 192 810 ἰδεῖν
215 747 308 808 έστιν
336 747 372 808 έν
394 740 514 808 ἁλύσει
533 744 597 829 μιᾷ
628 743 824 826 δεδεμένους
853 743 1002 822 πολλούς
1030 742 1175 832 έφεξῆς],
1197 749 1277 822 τούς
1298 750 1361 828 μέν

108 851 217 912 αύτῶν
234 851 404 933 σμικρούς,
426 850 506 924 τούς
528 845 564 912 δὲ
579 846 754 932 μεγάλους,
776 851 834 913 καί
848 851 927 925 τούς
948 851 1010 930 μέν
1027 851 1195 932 αἰσχρούς,
1218 852 1298 924 τούς
1324 842 1359 913 δ’

72 951 308 1035 σεύπρεπεῖς,
333 947 429 1013 ούδέν
453 948 488 1012 δὲ
511 951 612 1037 ηττον
633 953 788 1027 ἅπαντας
810 945 871 1013 ἐπ’
904 950 980 1036 ἴσης
1002 954 1037 1014 έν
1065 959 1107 1036 τῇ
1130 951 1213 1036 αὐτῇ
1236 953 1360 1036 ἀνάγκη

106 1053 258 1132 ἔχεσθαι.
297 1054 424 1133 δμοίως
447 1049 482 1115 δὲ
497 1054 554 1116 καί
575 1058 652 1129 ταῖς
665 1057 782 1133 τύχαις
796 1075 832 1116 τε
847 1056 904 1116 καί
919 1051 1036 1133 δόξαις
1057 1056 1114 1116 καί
1127 1059 1244 1133 τιμαῖς
1259 1051 1359 1139 άλλη·
1376 1056 1415 1120 18

107 1151 174 1218 λων
189 1156 374 1235 ὑπερέχειν,
399 1156 514 1240 ὥσπερ
531 1160 604 1231 τοῖς
621 1158 784 1236 σώμασιν.
829 1154 918 1219 εἶναι
933 1157 996 1240 γάρ
1012 1158 1091 1232 τούς
1106 1157 1167 1234 μὲν
1188 1152 1362 1236 βασιλέας,

106 1259 185 1331 τούς
208 1254 244 1319 δὲ
268 1253 425 1334 ίύιώτας,
447 1259 503 1319 καί
524 1260 604 1333 τούς
625 1260 687 1339 μέν
710 1256 913 1335 πλουσίους,
936 1260 1016 1333 τούς
1039 1255 1075 1320 δέ
1098 1259 1259 1342 ἀπύρους.
1304 1257 1363 1320 καί

107 1356 205 1422 σύύέν
225 1376 263 1440 γε
286 1360 380 1444 παρά
403 1367 502 1421 τοῦτο
518 1357 657 1423 ἔλαττον
672 1361 887 1424 κακοπαθεῖν
901 1363 957 1423 καί
974 1360 1178 1440 συνέχεσθαι
1200 1359 1247 1442 τῴ
1271 1357 1362 1442 αύτῷ

57 1471 88 1522 10
110 1458 222 1545 δεσμῷ
245 1463 325 1536 τούς
348 1459 549 1542 εὐδαίμονας
570 1460 796 1543 καλουμένους
817 1471 885 1526 τῶν
909 1465 1061 1548 πενήτων
1084 1483 1120 1524 τε
1142 1464 1199 1524 καί
1220 1458 1362 1539 ἀδόξων,

107 1559 192 1626 ἀλλά
214 1559 342 1644 μᾶλλον
365 1567 494 1626 τούτων
512 1567 667 1640 ἐκείνους.
705 1567 913 1645 ἰσχνοτέροις
935 1565 998 1647 γάρ
1015 1565 1110 1627 ούσιν
1127 1566 1243 1639 αύτοῖς
1264 1584 1360 1643 κεχα·
1376 1568 1415 1631 19

13 1678 51 1725 sss
65 1661 240 1733 ιιιλάσθαι
262 1666 322 1728 τὸν
345 1663 469 1746 δεσμὸν
490 1669 547 1730 καὶ
563 1665 796 1752 λαγαρώτερον
818 1669 946 1750 ἑκάστῳ
964 1668 1203 1752 περικεῖσθαι·
1226 1671 1300 1741 τοῖς
1326 1663 1362 1728 δέ

105 1764 284 1848 βασιλεῦσι
294 1770 351 1832 καί
361 1772 546 1854 τυράννοις,
564 1769 620 1832 οία
634 1767 673 1856 δη
688 1775 943 1856 πεφυσημένοις
957 1773 1017 1856 την
1035 1773 1144 1856 ψυχὴν
1158 1771 1214 1832 καί
1226 1765 1360 1855 σφόδρα

106 1869 293 1948 εύεκτοῦσι,
315 1867 444 1950 μᾶλλον
472 1872 650 1954 έγκεῖσθαι
677 1873 735 1935 καί
755 1868 907 1952 θλίβειν·
940 1874 1056 1957 ὥσπερ
1079 1874 1114 1934 έν
1136 1877 1210 1946 τοῖς
1232 1872 1274 1933 τά
1299 1872 1364 1933 σώ-

59 1981 91 2033 is
112 1991 203 2049 ματα
227 1969 419 2052 δεδεμένοις
439 1975 519 2048 τούς
542 1978 663 2053 παχεῖς
684 1994 720 2036 τε
742 1976 798 2037 καί
828 1971 986 2057 ὀγκώδεις
1009 1982 1075 2037 τῶν
1099 1972 1232 2037 λεπτῶν
1253 1973 1367 2037 τεκαὶ

109 2077 269 2161 ἀτρόφων
290 2072 418 2154 μᾶλλον
442 2078 461 2138 ύ
487 2074 611 2156 δεσμὸς
635 2071 761 2152 πιέζει·
789 2077 885 2151 τινάς
913 2081 1031 2156 μέντοι
1052 2078 1108 2138 καί
1131 2073 1207 2138 λίαν
1230 2073 1367 2156 ὀλίγους

109 2178 255 2259 πάρεσίν
282 2197 359 2240 τινα
388 2179 476 2257 ἔχειν
503 2181 540 2241 έκ
568 2185 631 2240 τοῦ
650 2178 752 2256 θεοῦ,
774 2181 831 2241 καί
853 2176 1019 2240 δεδέσθαι
1039 2182 1116 2258 μέν,
1147 2175 1305 2263 ἐλαφρῶς
1329 2174 1365 2240 δὲ

110 2280 199 2340 πάνυ
229 2270 278 2340 δι’
310 2279 512 2342 ἐπιείκειαν·
542 2281 628 2364 ὑπὲρ
660 2278 706 2343 ὧν
736 2280 841 2355 αδθις
871 2277 1017 2360 λέξομεν.
1127 2281 1294 2363 πρότερον
1323 2276 1360 2341 δέ
1376 2281 1417 2344 20

110 2380 222 2442 εἰπεῖν
237 2377 343 2458 ἄξιον,
368 2383 414 2455 ώς
429 2383 493 2461 έγώ
510 2400 595 2444 ποτε
610 2385 736 2468 ηκουσα
759 2381 882 2466 ἀνδρὸς
898 2385 1041 2466 ἀγύρτου
1058 2387 1142 2460 παῖς
1158 2383 1214 2459 ών,
1238 2382 1365 2443 ὁποίαν

59 2490 91 2542 2⁰
112 2481 188 2544 τινά
205 2483 351 2568 ἔφασκεν
366 2482 455 2546 εἶναι
469 2485 530 2570 την
545 2481 673 2564 ἅλυσιν,
698 2487 772 2550 ούτι
794 2505 862 2548 που
883 2482 1003 2548 ταῖσδε
1018 2485 1149 2565 ύμοίαν,
1173 2486 1210 2546 έκ
1226 2481 1365 2569 σιδήρου

109 2602 146 2645 τε
160 2587 216 2647 καί
227 2580 355 2664 χαλκοῦ
368 2590 612 2670 πεποιημένην,
630 2580 718 2647 πολύ
732 2588 851 2664 μέντοι
872 2587 1126 2668 κραταιοτέραν,
1143 2583 1181 2644 τί
1200 2579 1235 2646 δέ
1254 2590 1363 2668 σχῆμα

108 2688 246 2774 κοίτην
274 2686 403 2776 πλοκην
433 2685 688 2775 παραπλησίαν.
735 2689 850 2769 ὥσπερ
880 2686 942 2770 γάρ
973 2681 1048 2748 αίδε
1077 2686 1163 2748 είσίν
1185 2686 1221 2746 ἐκ
1242 2685 1364 2767 κρίκων

14 2796 210 2854 inmunis
235 2787 492 2871 κεχαλκευμέναι
524 2783 572 2854 δι’
598 2787 751 2876 ἀλλήλων
774 2785 1062 2872 διαβεβλημένων,
1089 2789 1146 2849 καί
1174 2794 1274 2849 τοῦτο
1298 2777 1364 2848 ἀπ’

109 2894 212 2978 ἀρχῆς
232 2896 331 2977 μέχρι
359 2891 491 2968 τέλους·
523 2895 610 2956 ούτω
641 2889 680 2978 δή
709 2893 863 2976 κάκείνην
893 2891 996 2970 έχειν,
1026 2881 1049 2974 ᾖ
1073 2887 1111 2975 δή
1136 2890 1265 2974 έφαμεν
1287 2891 1367 2964 τούς

59 3003 92 3054 25
114 2997 322 3079 ἀνθρώπους
336 2997 404 3059 ὑπὸ
420 3003 489 3058 τῶν
503 2996 597 3059 θεῶν
610 2991 783 3058 δεδέσθαι.
813 2993 1047 3078 συνηρτῆσθαι
1063 2989 1098 3054 δέ
1112 2991 1214 3077 αύτην
1225 2993 1365 3054 άπασαν
1377 2995 1411 3057 21

109 3093 146 3173 έξ
166 3093 290 3183 ηδονῆς
311 3117 347 3159 τε
368 3099 426 3161 καί
450 3093 572 3182 λύπης,
595 3097 779 3159 καὶταῦτα
802 3092 839 3174 ἐξ
860 3091 1013 3180 ἀλλήλων
1036 3089 1244 3173 πεπλέχθαι,
1267 3096 1306 3155 τό
1329 3113 1366 3155 τε

110 3195 171 3281 ηδύ
194 3200 251 3262 καί
273 3195 433 3284 λυπηρόν,
455 3200 512 3262 καί
534 3196 580 3281 τῷ
604 3202 706 3282 ἑτέρῳ
730 3200 769 3260 τὸ
791 3201 906 3282 έτερον
928 3194 965 3275 έξ
979 3199 1123 3282 ἀνάγκης
1145 3197 1199 3260 ἀεί
1222 3193 1365 3258 ἀκολου-

109 3300 206 3379 θεῖν,
237 3301 353 3386 ὥσπερ
384 3300 481 3382 οίμαι
508 3302 587 3376 τούς
615 3301 748 3384 κρίκους
769 3309 828 3386 της
850 3297 1020 3375 ἁλύσεως·
1049 3300 1202 3362 έπεσθαι
1225 3297 1261 3362 δὲ
1285 3303 1364 3374 ταῖς

109 3404 171 3482 μέν
192 3399 356 3485 μεγάλαις
377 3401 516 3489 ηύοναῖς
541 3399 689 3484 μεγάλας
713 3398 838 3478 λύπας,
867 3407 943 3477 ταῖς
974 3399 1010 3465 δέ
1041 3406 1198 3485 σμικραῖς
1229 3418 1365 3485 σμικρο-

59 3511 91 3564 ω
112 3507 222 3589 τέρας,
243 3506 300 3569 καί
321 3507 381 3590 τήν
402 3524 439 3588 γε
461 3505 621 3589 μεγίστην
642 3501 764 3589 ηδονην
792 3505 852 3566 ἐπί
874 3501 991 3579 τέλους
1013 3503 1102 3567 εἶναι
1122 3507 1182 3566 τὸν
1203 3505 1365 3566 θάνατον.

112 3605 169 3672 διδ
192 3615 292 3671 τοῦτο
314 3609 371 3671 καί
393 3605 503 3692 λύπην
532 3609 599 3692 πρὸ
631 3608 735 3670 αὐτοῦ
762 3607 958 3686 συμβαίνειν
979 3606 1155 3690 μεγίστην·
1180 3602 1280 3692 δῆλον
1303 3608 1365 3691 γάρ

194 3853 264 3918 isi
283 3857 464 3918 ssussiva'
482 3855 555 3916 τεΤ
622 3849 1052 3930 έφ’ἧμῶνΒύφ’ἦμώνῦΜ
1121 3849 1301 3926 θάλησειΜ

17 3989 18 3994 1
87 4015 90 4022 Ι
109 3941 296 4021 καθάπερ-
314 3941 439 4011 πολλοὺς
461 3942 562 4016 ἐφεξῆς
582 3943 693 3999 lectoris
714 3942 915 3998 adnotationem
938 3956 954 3997 ο
977 3942 1097 4010 margins
1119 3941 1262 4011 irrepsisse
1283 3945 1367 4012 put03

109 4045 172 4086 nsm
190 4045 277 4100 nsque
294 4023 346 4103 ὑφ’
365 4025 447 4102 ἡμῶν
462 4030 533 4086 bens
549 4043 580 4084 ιε
597 4028 689 4097 hsbst,
706 4043 794 4099 neque
810 4020 861 4097 ἐφ’
885 4021 967 4099 ἡμῶν
984 4026 1161 4084 Charidemus
1179 4025 1299 4082 scribere
1317 4042 1367 4097 ρο-

109 4116 175 4184 tuit;
201 4116 308 4172 accedit
325 4116 398 4186 quod
415 4116 497 4172 verbs
514 4109 583 4182 τοὺς
597 4114 651 4184 μὲν
668 4107 764 4172 αὐτῶν
780 4129 803 4169 s.
816 4129 841 4184 q.
854 4128 877 4170 s.
896 4129 956 4168 cum
973 4112 1197 4169 sntscsdsntibus
1224 4112 1367 4178 (έεύέοθαι

110 4195 147 4260 τύ
164 4220 196 4259 τι
214 4197 335 4272 σώματα
351 4204 402 4260 καί
418 4200 472 4269 τάς
489 4195 593 4273 ψυχὰς)
610 4205 669 4256 arte
686 4199 951 4268 coniungentium
969 4203 1077 4254 constat
1145 4201 1161 4252 9
1179 4191 1258 4271 αύτῷ
1275 4197 1368 4251 mslim

109 4285 206 4342 sbssss
221 4293 333 4358 proptor
349 4287 501 4356 genetivum
519 4287 566 4356 qui
582 4285 706 4356 sequitur
759 4290 790 4340 10
808 4284 971 4342 πενίτωνῐί
1025 4289 1053 4338 si
1073 4280 1311 4357 ίσχυροτέροιςῐί

113 4375 143 4426 13
161 4367 213 4444 τὴν
230 4370 324 4446 φυχὴν
339 4372 445 4445 scripsi,
462 4375 497 4444 τῇ
515 4375 592 4444 ψυχῇ
609 4371 671 4428 libri
775 4376 805 4427 21
824 4370 1024 4444 κρατεοτίραν
1041 4369 1071 4423 Μ
1166 4371 1198 4424 22
1216 4371 1325 4436 κρικῶν
1344 4365 1368 4422 U

108 4459 278 4532 κρίκκωνΜ
364 4462 398 4514 24
415 4455 444 4530 ἧι
461 4458 537 4531 ύηῦ
624 4463 655 4513 2⁵
674 4453 810 4516 δεδόσθαι
828 4457 858 4511 Μ
944 4451 1014 4529 αύτῆ
1030 4455 1062 4510 Μ
1148 4457 1180 4509 26
1198 4447 1244 4511 άεί
1261 4450 1368 4510 πεπλέ-

108 4549 179 4617 χθαι
197 4542 221 4599 U
291 4548 325 4599 29
341 4553 456 4618 μικραῖς
473 4544 503 4599 Μ
565 4547 599 4600 30
616 4541 796 4602 ἐπιτελοῦσιν
813 4535 903 4600 αύτδν
921 4541 1052 4602 θάνατον
1068 4540 1099 4595 Μ
