3454 5272
317 381 380 441 332
563 379 755 437 APPENDIX
771 379 821 436 111.
855 379 1077 437 THEODORUS
1095 379 1323 436 ΜΕΤΟΟΗῙΤΔ.

317 561 375 621 τὸν
400 565 477 620 νούν
501 556 553 631 οίς
576 553 682 638 λέγει·
713 552 814 641 δῆλος
838 553 874 619 δέ
896 558 953 618 καί
974 559 1027 618 δτι
1051 553 1174 641 δεῆσαν
1197 557 1287 642 αύτῷ
1316 560 1403 642 πρὸς
1432 559 1586 641 ἄσκησιν

317 667 379 721 τού
401 656 508 741 λέγειν
525 656 779 721 έκκαλέσασθαί
794 679 870 721 τινα
886 665 953 720 τῶν
968 655 1174 743 ἐπιτηδείων
1187 662 1244 722 καί
1259 657 1476 745 παραδοῦναι
1497 661 1585 732 τούς

318 765 353 825 έκ
383 769 450 824 τῶν
479 757 588 822 πάλαι
619 762 786 844 πρότερον
816 757 962 842 δοκίμων
990 761 1047 823 καὶ
1075 767 1142 822 τῶν
1171 754 1300 844 έγγιστ’
1334 759 1424 843 αύτῷ
1451 761 1511 823 καί
1539 761 1583 821 ού

319 867 437 949 πόρρω
461 871 528 926 τῶν
548 865 678 948 χρόνων
702 859 983 948 λυσιτελήσοντας
1007 863 1057 938 είς
1079 862 1347 946 δπροτρέπετοι
1371 865 1442 948 (τὴν
1466 865 1583 948 τύφω-

281 978 296 1028 5
318 968 393 1029 νίαν
416 967 518 1050 αὐτὴν
542 960 668 1049 δηλαδὴ
692 965 748 1026 καί
763 966 823 1048 την
838 971 901 1025 τού
915 961 1021 1045 λέγειν
1038 965 1084 1038 ὡς
1102 960 1262 1044 βέλτιστα
1277 962 1442 1048 μελέτην),
1465 984 1583 1048 παρα-

318 1071 458 1132 τίθεται
472 1069 533 1148 μὲν
550 1064 640 1148 αύτῷ
665 1063 787 1151 φίλους
809 1063 944 1150 ἀνδρας,
969 1065 1021 1141 οίς
1038 1063 1111 1128 δέοι
1126 1067 1167 1127 ἀν
1183 1067 1220 1126 έν
1236 1071 1310 1142 τοῖς
1328 1063 1478 1148 βιβλίοις
1501 1083 1583 1148 συγ-

318 1170 479 1254 γίνεσθαι
515 1169 572 1230 καὶ
602 1163 778 1250 γυμνάζειν
818 1172 879 1254 την
913 1171 1028 1254 φωνην
1061 1159 1137 1230 κατ’
1173 1169 1321 1244 ἐκείνους
1353 1171 1581 1248 τυπούμενον,

318 1271 467 1355 μάλιστα
484 1263 516 1334 δ’
535 1273 676 1333 έπαινεῖ
685 1273 741 1333 καί
766 1272 961 1356 συνίστησιν
984 1273 1034 1346 είς
1056 1271 1196 1355 τούργσν
1218 1273 1274 1332 καί
1296 1273 1355 1356 την
1378 1267 1583 1351 ἐπιμέλειαν

319 1379 443 1459 ταύτην
465 1370 672 1459 Ξενοφῶντα
696 1375 754 1435 τὸν
776 1371 943 1456 Γρύλλου,
966 1376 1025 1436 τὸν
1043 1363 1196 1436 Ἀττικὸν
1221 1377 1299 1453 μέν,
1329 1375 1360 1436 εί
1383 1370 1423 1458 δή
1446 1394 1500 1449 τις
1522 1375 1583 1434 καὶ

269 1489 298 1539 10
321 1476 432 1554 ἀλλος,
455 1478 512 1539 καί
533 1481 628 1558 γένος
650 1476 707 1537 καί
728 1472 888 1558 γλῶτταν,
912 1484 954 1560 τῇ
978 1473 1014 1538 δέ
1036 1484 1096 1561 τῆς
1120 1483 1235 1562 φωνῆς
1259 1472 1335 1557 ίδέᾳ
1354 1479 1582 1560 χρησάμενον,

319 1582 404 1662 μετά
419 1589 478 1665 τῆς
493 1579 578 1640 κατά
592 1580 695 1663 φύσιν
710 1579 766 1639 καί
778 1580 813 1639 έν
826 1586 929 1663 σκηνῇ
940 1579 996 1641 καί
1009 1575 1156 1662 δράματι
1166 1581 1291 1663 ταύτης
1302 1574 1475 1663 ἀφελείας,
1490 1581 1584 1638 πάν-

320 1702 387 1743 των
402 1677 551 1760 μάλιστα
567 1685 634 1740 τῶν
650 1674 762 1741 ἀλλων
773 1671 935 1763 Ἑλλήνων
950 1677 1109 1744 παλαιῶν
1124 1702 1160 1743 τε
1175 1683 1231 1743 καί
1247 1685 1330 1742 νέων
1345 1682 1402 1742 καί
1412 1682 1489 1742 ύσοι
1499 1673 1579 1742 κατ’

322 1784 422 1845 αὐτὸν
450 1781 659 1864 Σωκρατικοὶ
687 1780 744 1842 καί
770 1782 855 1860 μετά
886 1779 1082 1868 φιλοσόφου
1112 1783 1317 1866 προθέσεως
1347 1783 1495 1863 ἐβίωσαν
1522 1783 1584 1844 καί

321 1889 398 1948 ὅσοι
420 1875 497 1946 κατ’
516 1884 617 1945 αὐτὸν
640 1880 745 1946 πάλιν
761 1887 957 1969 ῥητορικῶς.
1002 1886 1089 1946 ούτω
1107 1882 1145 1971 δη
1161 1885 1345 1947 κάντεῦθεν
1361 1882 1583 1969 προδείκνυσι

270 1997 299 2048 15
320 1989 378 2051 καί
400 1993 584 2048 πιστούται
606 1987 647 2047 τά
672 1988 752 2070 περὶ
775 1987 878 2048 αὐτοῦ
899 1993 955 2049 νύν
978 1991 1057 2070 ημῖν
1087 1983 1259 2070 λεγόμενα.
1304 1985 1356 2062 οίς
1383 1987 1446 2068 γάρ
1466 1988 1583 2070 χαίρει

321 2091 378 2152 καί
401 2088 453 2164 οίς
476 2085 593 2171 ἥδεται
616 2085 721 2164 ξυνὼν
743 2091 799 2151 καί
823 2086 943 2175 φίλους
966 2087 1092 2173 ἀνδρας
1112 2091 1170 2153 καί
1192 2089 1243 2164 οίς
1265 2090 1307 2152 τά
1326 2085 1485 2169 βέλτιστα
1500 2089 1582 2170 βού-

324 2188 418 2254 λεται
441 2192 674 2276 προτρέπεταί
695 2212 732 2273 γε
755 2197 828 2266 τοῖς
851 2193 961 2254 αύτῶν
987 2193 1157 2278 χρῆσθαι,
1187 2198 1343 2266 τοιοῦτος
1371 2191 1471 2265 αύτύς
1494 2193 1582 2266 έστι,

323 2297 462 2369 πάντως
484 2285 582 2356 ταῦτ’
609 2296 761 2357 ἐπαινῶν
785 2295 837 2370 οίς
863 2303 1001 2381 χρῆται,
1029 2296 1086 2356 καί
1114 2297 1287 2377 χρώμενος
1316 2293 1418 2368 αὐτὸς
1445 2295 1583 2368 τούτοις

324 2397 377 2471 οίς
398 2399 455 2458 καί
477 2399 556 2471 τούς
578 2394 794 2481 ἐπιτηδείους
810 2403 989 2481 προσέχειν
1009 2394 1177 2478 βούλεται.
1215 2397 1253 2457 ού
1275 2396 1338 2480 γάρ
1362 2391 1485 2470 ἀλλους
1505 2393 1584 2476 βελ-

271 2509 301 2560 20
323 2501 433 2561 τίοσιν
455 2501 475 2582 ἠ
498 2500 555 2560 καί
583 2500 684 2574 αύτδς
705 2501 869 2584 ἐχρήσατο
893 2505 1074 2583 προσέχειν
1100 2496 1244 2585 ἠξίωσεν
1270 2499 1328 2576 ἀν,
1358 2494 1435 2560 οὐδὲ
1459 2493 1584 2582 φίλους

322 2602 450 2684 ἔκρινεν
473 2603 514 2662 άν
538 2600 625 2662 ὥστε
647 2601 703 2662 καί
725 2608 792 2662 τῶν
807 2597 995 2664 καλλίστων
1019 2593 1068 2664 δι’
1087 2607 1209 2663 έουτοῦ
1223 2605 1332 2680 τυχεῖν
1355 2597 1454 2662 πλεῖν
1469 2601 1489 2685 ἢ
1506 2603 1584 2661 έαυ-

322 2706 390 2779 τδν,
418 2699 493 2764 ούδέ
516 2705 583 2788 μην
608 2702 722 2780 αὖθις,
746 2701 791 2764 ὥν
815 2702 924 2785 έαοτῴ
946 2701 1132 2783 βελτίστων
1156 2696 1265 2789 ᾠήθη,
1292 2704 1454 2765 τάναντία
1476 2721 1583 2786 παρε-

322 2804 443 2866 τίθετε
468 2801 601 2889 φίλοις,
630 2806 687 2867 καί
708 2797 847 2885 μάλιστ’
874 2803 1003 2869 ἀδικεῖν
1026 2804 1152 2890 ἀνδρας
1181 2803 1397 2890 έπιτηδείοας
1419 2807 1582 2888 έπειρᾶτο

326 2903 461 2992 σφόδρα
484 2913 655 2986 τιμῶντας
678 2908 778 2970 αύτδν
800 2911 857 2971 καί
880 2909 1113 2989 πειθομένους
1135 2909 1359 2984 ἀνυπόπτως,
1383 2908 1402 2968 δ
1423 2897 1505 2990 μηδ’
1531 2909 1584 2985 έχ-

274 3019 303 3070 25
325 3010 434 3091 θρούς
463 3006 592 3071 ἀδικεῖν
621 3007 668 3091 τῴ
697 3011 761 3091 βίῳ
792 3012 1025 3094 προθέμενος,
1060 3013 1116 3073 καί
1148 3014 1279 3085 πάντας
1312 3011 1362 3084 είς
1391 3011 1450 3094 την
1479 3009 1584 3092 αὐτὴν

327 3111 458 3191 αἳρεσιν
483 3108 604 3196 φίλους
626 3132 662 3173 τε
684 3114 739 3174 καί
762 3116 805 3199 μη
833 3115 1045 3194 συμπείθων.

416 3366 445 3418 18
464 3359 578 3428 τούτοις
595 3361 700 3431 scripsi,
719 3361 790 3428 τέως
807 3361 886 3431 vulgo
959 3366 990 3417 19
1007 3355 1111 3427 ἀλλους
1128 3359 1235 3430 scripsi,
1252 3355 1350 3426 ἀλλοις
1366 3357 1445 3427 vulgo
