3520 5270
368 344 409 403 96
679 343 803 402 ΒΙΟΝΙΒ
819 344 1024 402 REOUSATIO
1044 340 1304 400 mulsimus

366 517 436 596 δεῑ,·
459 525 561 582 ποῖον
585 517 620 582 δὲ
643 515 770 604 <ούτω>
792 527 981 603 πανοῦργον
996 521 1052 583 καί
1069 515 1252 600 ἐπίβουλον
1274 519 1330 580 καὶ
1354 514 1559 600 προδοτικόν
1576 522 1623 598 ὡς

364 619 486 704 ἡδοναί
506 643 542 685 τε
564 624 620 685 καί
635 623 833 704 ἐπιθυμίαι,
857 620 903 684 ὧν
920 622 1021 685 αὐτόν
1040 617 1204 684 οὐδέποτε
1226 621 1402 707 ἡττοῖσθαι
1425 617 1483 683 δεῖ
1484 643 1496 697 ,·
1519 628 1622 687 ποῖον

365 720 401 786 δὲ
419 726 506 786 ούταν
521 725 637 806 βίαιον
651 726 707 787 καλ
728 720 1046 808 καταπληττόμενον
1071 725 1128 787 καί
1149 729 1332 786 ταπεινοῦν
1355 722 1416 797 τύς
1439 724 1551 805 ψυχάς
1574 727 1621 801 ὡς

364 825 470 912 φόβοι
492 847 528 889 τε
549 828 606 890 καί
630 823 744 906 λῦπαι,
768 827 821 902 οίς
843 827 969 889 ούποτε
986 827 1087 889 αὐτόν
1104 830 1231 909 πρέπει
1246 826 1428 887 ὑπείκοντα
1446 825 1621 912 όφθὴναι,·

312 932 351 1005 10
361 933 448 991 ποῖα
470 925 507 991 δὲ
530 925 630 1006 δπλα,
653 935 739 992 ποῖα
761 926 797 992 δέ
821 930 970 1013 ἐρύματα
993 930 1081 1014 πρδς
1102 935 1206 990 ταῦτα
1230 923 1478 1012 προβέβληται,
1502 913 1558 995 olii
1583 930 1651 992 οίλ

360 1051 398 1093 τε
423 1027 578 1112 βασιλεῖς
599 1033 655 1094 καὶ
686 1033 866 1116 στρατηγοὶ
895 1027 1028 1105 πόλεως
1056 1031 1144 1114 πρός
1165 1029 1244 1104 τούς
1267 1025 1471 1108 πολεμίους,·
1500 1033 1618 1108 ποίοις

363 1128 398 1194 δὲ
423 1137 611 1215 συμμάχοις
632 1133 651 1219 ἢ
676 1130 882 1220 δορυφόροις
904 1134 964 1196 ἐπί
985 1139 1091 1194 ταῦτα
1110 1132 1265 1218 χρῆσθαι
1283 1127 1435 1209 δυνατόν,
1459 1133 1491 1194 εί
1511 1135 1557 1218 μὴ
1580 1154 1616 1216 γε

361 1242 434 1313 τοῖς
465 1242 589 1323 σοφοῖς
616 1239 673 1300 καί
701 1237 883 1322 φρονίμοις
912 1231 1043 1317 λόγοις,·
1076 1235 1148 1296 τίσι
1185 1230 1220 1295 δὲ
1250 1229 1367 1308 ἀλλοις
1396 1229 1619 1298 ἐντείλασθαι

362 1337 555 1426 φυλακάςῆ
590 1341 778 1424 ἐπιτρέψαι
808 1343 984 1424 φρουρεῖν,
1013 1337 1032 1423 ἢ
1063 1337 1181 1411 ποίοις
1206 1336 1405 1422 χρὴσασθαι
1429 1333 1617 1414 διακόνοις,·
1630 1349 1740 1402 1111311]

361 1434 418 1525 ἀρ’
445 1443 503 1504 ούκ
528 1443 629 1504 αύτδν
652 1438 782 1504 δεῖκαὶ
802 1443 930 1525 νύκτωρ
951 1441 1008 1503 καί
1033 1430 1119 1520 μεθ’
1151 1442 1277 1523 ἡμέραν
1305 1433 1526 1524 φροντίζοντα
1554 1441 1611 1502 καλ
1634 1449 1662 1502 11)

360 1545 593 1627 ἀγρυπνοῦντα
616 1539 675 1628 τὴν
700 1539 850 1628 φυλακην
871 1545 995 1626 ταύτην
1016 1543 1112 1622 ἔχειν,
1136 1543 1232 1616 δπως
1251 1543 1296 1627 μὴ
1315 1537 1405 1626 λάθῃ
1423 1541 1524 1604 αύτδν
1539 1543 1617 1627 ἡτοι

361 1647 584 1722 ἀνασεισθεὶς
595 1647 663 1708 ύπό
679 1641 839 1730 ἡδονῶνὴ
855 1641 1083 1727 καταπλαγεὶς
1093 1645 1161 1706 όπδ
1176 1644 1324 1728 φόβωνὴ
1338 1643 1616 1728 παρακρουσθείς

359 1749 427 1810 ύπδ
450 1748 643 1827 ἐπιθυμίας
664 1749 684 1832 ἡ
707 1747 938 1822 ταπεινωθεὶς
960 1749 1028 1809 ύπδ
1052 1743 1176 1831 λύπης,
1208 1747 1295 1808 ὥστε
1324 1747 1517 1831 ἀποστῆναι
1547 1751 1615 1807 τῶν
1739 1741 1740 1746 ’

187 1939 189 1942 ¹
307 1852 344 1914 11
359 1847 544 1932 βελτίστων
565 1852 622 1913 καλ
645 1846 869 1912 ὁμοιοτάτων
892 1851 997 1934 ἔργων
1019 1845 1191 1934 προδότης
1214 1851 1319 1911 αὑτοῦ
1345 1852 1540 1932 γενόμενος,·
1566 1845 1614 1928 τιβ

356 1949 393 2015 δὲ
422 1955 483 2039 τὴν
511 1953 613 2038 ἀρχὴν
641 1955 766 2037 ταύτην
796 1953 940 2036 ἰσχυρῶς
969 1953 1025 2014 καί
1053 1953 1221 2036 ἐγκρατῶς
1242 1951 1380 2035 ἀρχοντι
1403 1951 1440 2013 ού
1460 1946 1611 2030 χαλεπὸν
1634 1961 1662 2014 11

355 2052 419 2142 ἡδη
448 2057 504 2118 καὶ
534 2057 739 2136 συμπάντων
775 2055 971 2138 ἀνθρώπων
1002 2055 1142 2139 κρείττω
1170 2055 1360 2138 γίγνεσθαι.
1419 2049 1548 2116 όπύταν
1578 2049 1614 2114 δὲ

354 2165 461 2220 ταῦτα
485 2154 600 2235 διεξίω
624 2160 704 2241 περὶ
730 2165 798 2221 τῶν
828 2155 1048 2243 φιλοσόφων,
1077 2153 1197 2242 μηδείς
1218 2176 1260 2236 με
1288 2157 1441 2242 ἡγείσθω
1465 2156 1552 2239 πρός
1574 2155 1613 2216 τό

357 2269 466 2347 σχῆμα
490 2262 673 2346 ἀφορῶντα
697 2258 803 2343 λέγειν
831 2263 887 2324 καὶ
917 2262 1003 2343 πρός
1026 2263 1064 2323 τὸ
1088 2261 1203 2340 όνομα.
1257 2258 1332 2321 οῦτε
1354 2259 1416 2343 γάρ
1439 2259 1498 2320 τόν
1521 2254 1613 2319 οἶνον

356 2363 392 2424 ἐκ
412 2371 475 2425 τοῦ
494 2365 640 2447 κεράμου
662 2365 832 2449 κρίνουσιν
856 2365 890 2425 ολ
911 2371 989 2425 νοῦν
1011 2363 1157 2443 ἔχοντες·
1181 2357 1346 2437 πολλάκις
1367 2360 1430 2444 γάρ
1460 2361 1612 2444 εύρὴσεις

355 2465 391 2527 ἐν
415 2462 591 2546 σπουδαίῳ
614 2468 746 2549 κεράμῳ
763 2466 821 2527 τόν
836 2467 872 2527 ἐκ
886 2471 953 2527 τῶν
968 2461 1162 2550 καπηλείων
1178 2463 1271 2527 οἶνον
1291 2459 1509 2548 ἐξεστηκότα·
1533 2460 1609 2522 οότε
1631 2472 1661 2525 λυ

306 2567 415 2632 12τδν
448 2564 554 2650 ἀνδρα
582 2569 641 2629 τόν
675 2562 947 2645 πεπαιδευμένον
981 2569 1018 2629 ἐκ
1045 2575 1107 2629 τοῦ
1142 2569 1319 2652 σχὴματος.
1381 2566 1461 2639 τούς
1494 2567 1611 2643 μέντοι

357 2665 506 2744 πολλούς
535 2669 573 2731 ού
596 2663 762 2750 θαυμάζω
785 2664 1031 2745 ἐξαπατᾶσθαι
1057 2669 1126 2730 ὑπὸ
1155 2675 1216 2730 τοῦ
1244 2670 1411 2731 τοιούτου.
1461 2667 1519 2728 τόν
1547 2666 1610 2747 γάρ

353 2761 517 2834 Ὀδυσσέα
545 2773 602 2834 καὶ
629 2773 688 2834 τόν
705 2751 789 2855 Ἶρον
812 2772 847 2834 οί
867 2778 1053 2856 μνηστῆρες
1084 2767 1266 2852 συνέβαλον
1289 2767 1345 2833 διά
1368 2771 1406 2832 τδ
1432 2776 1540 2854 σχῆμα
1563 2769 1611 2843 ὡς

357 2863 455 2936 οὐδέν
477 2869 713 2958 διαφέροντας.
759 2873 824 2959 ἔφη
850 2868 888 2934 δέ
908 2892 961 2946 τις
983 2879 1050 2934 τῶν
1073 2867 1173 2954 όλίγῳ
1206 2869 1373 2956 πρότερον
1404 2862 1609 2957 φιλοσόφων

357 2965 397 3038 οὐ
420 2971 566 3062 φαῦλον,
589 2977 627 3037 τό
650 2965 817 3060 Ἰσμηνίου
839 2982 939 3037 τοῦτο
960 2971 1109 3055 μάλιστα
1132 2975 1339 3056 ἀγανακτεῖν,
1361 2976 1400 3037 τό
1425 2971 1610 3036 καλεῖσθαι
1632 2985 1662 3035 15

356 3068 504 3163 αὐλητάς
524 3080 604 3152 τούς
625 3074 828 3158 τυμβαύλας,
852 3069 890 3139 οὐ
915 3073 1090 3152 παντελῶς
1112 3079 1230 3158 ύμοιον
1253 3079 1299 3156 όν,
1322 3078 1400 3158 ἐμοί
1422 3074 1523 3140 δοκεῖ.
1569 3065 1608 3138 ού
1623 3091 1720 3143 ‹uolt›

351 3180 414 3264 γάρ
437 3176 648 3261 βλάπτουσιν
670 3171 768 3242 οὐδὲν
791 3181 825 3241 ol
846 3177 1035 3261 τυμβαῦλαι
1056 3183 1135 3256 τούς
1150 3183 1286 3265 νεκρούς
1302 3168 1377 3243 οὐδ’
1402 3177 1607 3261 ἐνοχλοῦσιν,
1621 3192 1740 3246 mann}

351 3287 419 3344 τῶν
441 3277 478 3343 δέ
501 3284 808 3366 προσποιουμένων
824 3279 1030 3370 φιλοσοφεῖν
1052 3285 1138 3346 ένιοι
1159 3285 1216 3346 καί
1231 3280 1342 3346 πολλά
1354 3281 1489 3362 χαλεπά
1511 3278 1606 3365 ἐργά-

304 3386 343 3451 13
356 3377 478 3462 ζονται.
523 3380 608 3446 ἀλλά
631 3391 693 3446 τοῦ
712 3405 749 3467 γε
771 3387 877 3461 όντως
899 3383 1095 3472 φιλοσόφου
1117 3389 1156 3449 τὸ
1179 3387 1275 3470 ἔργον
1298 3378 1356 3465 οὐχ
1378 3383 1493 3467 ἔτερόν
1515 3387 1606 3446 ἐστιν

358 3564 579 3574 ——-—-——-
587 3566 591 3570 -
602 3565 624 3571 -ι-
635 3566 846 3573 ---—----—
861 3568 991 3574 —-——

440 3673 450 3722 1
472 3657 548 3725 οὕτω
565 3667 627 3723 εδδ
644 3667 746 3725 Βαλελιε
809 3675 824 3725 3
842 3668 1076 3744 καταπληκτικόν
1093 3669 1179 3736 Seld.;
1197 3663 1433 3740 καταπλήττομαι
1451 3665 1525 3719 haud
1541 3679 1604 3718 raro

351 3752 403 3808 vim
420 3753 537 3808 ιείίτοοι
553 3754 655 3809 habero
672 3755 738 3810 dicit
757 3755 846 3825 Emp„
863 3756 991 3812 traditam
1008 3755 1151 3810 lectionem
1169 3752 1317 3809 defendens
1388 3757 1403 3805 5
1422 3747 1490 3808 οὔτε
1507 3765 1557 3820 pro
1576 3745 1607 3807 οῗ

350 3857 383 3896 τε
401 3837 475 3893 UBT
543 3843 560 3894 9
578 3835 707 3910 φυλακὰς
723 3839 850 3906 θεαταὶ),
869 3845 995 3912 φυλακῆς
1011 3838 1074 3894 libri
1158 3834 1303 3904 διακόνοις
1319 3829 1359 3902 uic
1374 3833 1496 3902 ἐκείνοις
1515 3837 1537 3891 Β

351 3927 384 3978 10
402 3913 456 3996 ἀρ’
469 3925 522 3982 onix
533 3923 608 3992 wi,
627 3919 693 3982 ἀλλ’
712 3922 764 3983 ούκ
775 3925 838 3982 libri
907 3922 1018 3996 νύκτωρ
1029 3916 1103 3981 καθ’
1115 3917 1224 3996 ἡμέραν
1236 3921 1284 3978 ΒΤ
1352 3925 1396 3980 δεῖ
1405 3921 1541 3986 Reiukim,
1559 3915 1605 3980 ἀεί

348 4006 422 4076 iniri,
439 4008 511 4065 λαιά.
522 4007 665 4066 lectionem
678 4010 798 4066 deiendit
806 4010 885 4079 Emp.
958 4013 984 4064 11
1000 4004 1076 4080 λάθῃ
1089 4008 1160 4072 wil..
1178 4006 1340 4066 λόῦοιίίυτί
1392 4002 1483 4064 αυτὸν
1496 4007 1604 4075 Reme,

348 4085 439 4161 αύτάς
455 4094 518 4150 libri
623 4089 802 4154 11αύτοῦΤ
889 4099 919 4149 15
939 4090 1075 4166 ἔχοντιΤ
1165 4098 1194 4150 16
1210 4093 1391 4166 κρείττωνΤ
1476 4093 1608 4168 γίνεσθαι

347 4177 428 4236 UMT
498 4184 531 4234 20
548 4182 697 4248 καπηλίσιν
714 4181 743 4236 Μ
795 4183 827 4236 λθ
845 4176 911 4252 ίρον
923 4179 971 4235 UT
1024 4179 1202 4252 συνέβαλλον
1219 4179 1249 4232 Μ
1300 4183 1333 4235 25
1351 4173 1470 4253 φαύλων
1482 4179 1555 4236 UB'I'

347 4258 401 4321 τὸν
417 4263 472 4319 ΜΤ
540 4261 677 4336 Ἰσμηνίου
693 4265 798 4336 scripsi,
813 4261 942 4338 Ἰσμηνόν
958 4265 1035 4334 libri3
1052 4261 1192 4337 Ἰσμηνίαν
1208 4263 1335 4322 Valesius
1396 4269 1429 4321 26
1449 4255 1555 4335 ὅμοιον
1572 4261 1608 4324 δν

346 4345 455 4416 ΒείιΙιε,
473 4344 539 4408 οίον
555 4345 583 4408 δ’
602 4347 638 4408 δν
655 4350 728 4408 UBT
746 4344 811 4408 οῖον
822 4343 850 4408 δ’
869 4347 941 4409 ἀνον
957 4349 988 4406 Μ
1057 4353 1137 4408 δοκεῖ
1151 4347 1218 4420 ἐμοί
1235 4351 1298 4417 (hoc
1315 4351 1383 4418 ord.)
1402 4353 1425 4408 B
1495 4355 1527 4408 2⁷
1544 4349 1608 4410 ἐνο-

344 4437 477 4574 {ioniam
496 4434 519 4491 U
537 4441 565 4502 (ν
587 4441 669 4504 em.)
690 4433 839 4507 ἐνοχλοῦσι
861 4436 884 4490 Τ
971 4439 1004 4491 29
1027 4439 1079 4494 τοῦ
1102 4455 1135 4508 γε
1153 4435 1285 4503 casaub..
1308 4433 1397 4495 τοῦτό
1419 4457 1453 4509 γε
1475 4437 1538 4493 libri

366 4536 434 4582 νιος
452 4518 476 4575 U
496 4533 530 4574 m.
549 4535 590 4589 pr.
