3526 5264
683 372 820 431 ORATIO
837 373 898 430 XV.
1358 373 1422 434 288

158 555 266 615 όντων
293 547 466 634 ἐγέλασαν.
517 551 574 612 καὶ
596 549 634 624 δς
657 545 754 612 ούδέν
782 569 818 611 τι
840 545 969 630 μᾶλλον
996 540 1167 634 ᾐσχύνθη,
1197 541 1274 612 ἀλλ’
1300 552 1419 636 ὥσπερ

163 655 197 714 οί
225 649 376 735 ἀνδρεῖοι
404 648 619 736 ἀλεκτρυόνες
648 653 736 734 πρὸς
758 653 818 736 τὴν
846 647 976 736 πληγὴν
998 653 1234 736 ἐπεγείρονται
1254 655 1311 716 καί
1332 655 1421 737 θαρ-

161 763 289 837 ροῦσιν,
311 756 464 829 κάκεῖνος
485 755 661 839 ἐπηγέρθη
684 755 741 816 καὶ
762 754 935 838 ἐθάρρησε
964 755 1052 836 πρὸς
1074 756 1133 840 την
1158 751 1342 840 λοιδορίαν,
1364 759 1423 820 καί

36 849 38 854 ’
161 859 261 942 ᾔρετο
285 858 386 920 αὐτόν
416 857 549 918 ὁπόθεν
571 863 671 918 τοῦτο
700 857 885 918 ἐπίσταται
912 858 952 918 τδ
975 857 1115 939 περίτι
1138 859 1243 920 αὑτοῦ
1262 859 1320 920 καὶ
1342 860 1423 942 περί

129 965 145 1016 ⁶
166 961 303 1023 ἐκείνου.
333 952 418 1038 Ὅτι,
440 960 518 1045 ἔφη,
540 961 599 1021 τδν
620 960 682 1039 μὲν
703 961 852 1040 ἐμαυτοῦ
872 963 1003 1041 πατέρα
1026 958 1218 1038 ἐπίσταμαι
1235 951 1422 1040 Ἀθηναῖον
1445 961 1464 1024 3

163 1064 253 1140 όντα,
276 1061 373 1146 εἴπερ
395 1083 449 1137 τις
472 1058 584 1138 ἀλλος,
610 1063 668 1124 τδν
692 1058 729 1124 δὲ
753 1063 812 1123 σδν
835 1062 966 1146 οίκέτην
988 1067 1051 1123 τοῦ
1072 1057 1192 1140 δεῖνος,
1215 1063 1324 1126 εἰπὼν
1345 1065 1423 1127 τοδ-

31 1243 36 1252 ι
162 1185 258 1245 νομα,
300 1167 358 1228 καί
379 1167 426 1242 ός,
452 1166 497 1226 Τί
518 1163 586 1242 οδν,
609 1163 697 1243 εἷπε,
719 1165 804 1226 κατά
827 1171 927 1226 τοῦτο
948 1161 1071 1226 κωλύει
1091 1183 1134 1244 με
1157 1166 1192 1227 ἐν
1208 1165 1422 1250 Κυνοσάργει

164 1265 376 1346 ἀλείφεσθαι
396 1269 481 1349 μετά
504 1274 571 1330 τῶν
589 1268 714 1344 νόθων,
738 1265 835 1351 εἴπερ
858 1268 894 1328 ἐκ
914 1267 1042 1352 μητρός
1063 1263 1258 1351 ἐλευθέρας,
1283 1265 1368 1343 ἴσως
1386 1264 1423 1330 δὲ

31 1372 218 1436 (manual
240 1371 354 1456 ἀστῆς,
377 1372 526 1453 τυγχάνω
549 1370 694 1453 γεγονὼς
715 1370 772 1431 καί
794 1370 925 1452 πατρὸς
948 1367 991 1430 ού
1011 1370 1051 1430 σύ
1076 1366 1162 1455 φῄς,·
1190 1370 1210 1454 ἢ
1234 1370 1273 1432 ού
1296 1367 1427 1433 πολλοὶ

116 1482 145 1533 10
166 1473 270 1534 ἀσταὶ
290 1476 442 1554 γυναῖκες
465 1463 512 1534 δι’
538 1473 679 1556 ἐρημίαν
702 1474 817 1534 τεκαὶ
839 1472 989 1556 ἀπορίαν
1012 1473 1049 1534 αί
1069 1473 1132 1551 μὲν
1153 1473 1189 1534 ἐκ
1212 1469 1315 1549 ξένων
1330 1476 1425 1559 ἐκύη-

165 1591 243 1652 σαν,
272 1576 310 1636 αλ
332 1570 369 1636 δέ
390 1576 427 1636 ἐκ
449 1570 595 1652 δούλων,
625 1575 715 1649 τινές
742 1576 804 1653 μὲν
832 1575 1016 1655 ἀγνοοῦσαι
1045 1580 1162 1651 τοῦτο,
1192 1576 1283 1650 τινές
1311 1571 1427 1638 δὲκαὶ

58 1678 408 1758 (Μιέπιστάμεναω
428 1678 485 1738 καί
508 1672 618 1750 ούδείς
641 1672 761 1750 δοῦλός
783 1677 886 1753 ἐστιν,
914 1671 1000 1737 ἀλλὰ
1022 1678 1126 1755 μόνον
1149 1675 1208 1737 οάκ
1226 1667 1424 1762 Ἀθηναῖος,

162 1786 230 1842 τῶν
253 1780 360 1856 οὕτως
375 1780 615 1864 γεννηθέντων.
650 1769 744 1841 Ἀλλ’
769 1780 834 1861 ἐγώ
859 1792 930 1856 σου,
953 1778 1031 1864 ἐφη,
1052 1779 1110 1841 καὶ
1126 1779 1186 1865 την
1200 1783 1329 1864 μητέρα
1345 1781 1421 1842 ἐπί·
1444 1779 1464 1839 4

164 1897 292 1963 σταμαι
313 1879 502 1962 όμόδουλον
524 1889 587 1944 τοῦ
607 1884 747 1967 πατρός.
790 1879 878 1958 Εἶεν,
901 1881 986 1967 ἐφη·
1009 1883 1069 1966 την
1093 1877 1129 1943 δέ
1149 1888 1276 1944 σαυτοῦ
1296 1880 1405 1944 οἶσθα
1413 1904 1425 1959 ;

116 1991 147 2044 1ο
167 1980 267 2046 Πάνυ
288 1986 350 2065 μὲν
373 1984 447 2046 οδν·
471 1985 576 2069 ἀστὴν
598 1981 636 2061 ἐξ
657 1985 769 2046 ἀστῶν
791 1985 848 2046 καλ
865 1987 991 2068 προῖκα
1015 1985 1130 2070 ίκανην
1152 1985 1425 2070 ἐπενηνεγμένην.

157 2063 203 2147 'H
219 2087 277 2148 καὶ
298 2085 388 2165 ἔχοις
410 2087 451 2148 ἀν
475 2087 604 2165 ὀμόσας
625 2077 737 2148 εἰπεῖν
758 2088 813 2148 δτι
838 2083 876 2162 ἐξ
901 2083 943 2146 ού
964 2101 1069 2171 φησιν
1091 2087 1217 2170 ἐκείνη,
1245 2088 1282 2148 ἐκ
1303 2090 1425 2149 τούτου

162 2193 320 2270 γέγονας,·
350 2189 450 2267 όμέν
472 2188 535 2272 γάρ
561 2185 756 2273 Τηλέμαχος
779 2189 817 2250 ού
840 2185 930 2250 πάνυ
959 2184 1055 2272 ηξίου
1079 2184 1315 2250 διατείνεσθαι
1336 2189 1425 2272 ὑπὲρ

163 2288 370 2376 Πηνελόπης
391 2299 451 2377 τῆς
462 2281 614 2374 Ἰκαρίου,
639 2287 773 2376 σφόδρα
798 2292 976 2376 σώφρονος
998 2286 1163 2376 δοκούσης
1184 2293 1349 2372 γυναικός,
1372 2293 1427 2353 ότι

164 2389 278 2479 ἀληθῆ
313 2389 401 2474 λέγει
422 2393 481 2455 τδν
500 2383 664 2456 Ὀδυσσέα
687 2394 932 2478 ἀποφαίνουσα
956 2393 1061 2454 αὑτοῦ
1081 2397 1230 2476 πατέρα·
1261 2395 1301 2454 σύ
1325 2389 1362 2455 δὲ
1386 2394 1425 2454 ού

114 2504 145 2558 m
164 2498 269 2576 μόνον
291 2497 378 2578 ὑπὲρ
402 2502 529 2558 σαυτοῦ
547 2489 626 2579 <άν>
645 2497 703 2558 καὶ
723 2504 784 2582 τῆς
807 2503 868 2581 σῆς
888 2497 1033 2580 μητρός,
1055 2495 1117 2557 ἐὰν
1137 2491 1276 2580 κελεύσῃ
1301 2499 1340 2557 σέ
1361 2515 1425 2572 τις,

163 2597 318 2678 ὀμόσαις,
342 2599 390 2674 ὡς
405 2598 522 2676 ἔοικεν,
539 2595 625 2661 ἀλλά
639 2600 792 2682 καὶπερὶ
810 2594 932 2683 δούλης
947 2603 1159 2684 ηστινοσοῦν,
1181 2594 1219 2675 ἐξ
1234 2600 1313 2660 ότου
1337 2599 1422 2660 ποτέ

162 2700 316 2786 ἐκύησεν,
347 2702 463 2786 ὥσπερ
492 2701 532 2784 ἣν
560 2698 666 2784 λέγεις
687 2702 770 2787 ἐμὴν
793 2699 883 2763 εἶναι
904 2704 1043 2785 μητέρα.
1088 2696 1254 2762 ἀδύνατον
1276 2702 1338 2783 γάρ
1365 2716 1422 2762 σοι
1446 2703 1465 2764 5

164 2798 261 2865 δοκεῖ
283 2801 372 2866 εἷναι
397 2800 435 2880 ἐξ
463 2801 566 2866 άλλυυ
595 2800 718 2888 ἀνδρὸς
744 2811 868 2890 κυησαι
896 2798 1079 2886 ἐλευθέρου
1106 2803 1126 2888 ἢ
1155 2803 1213 2864 καλ
1238 2809 1301 2864 τοῦ
1322 2804 1425 2888 αὐτῆς

164 2900 343 2968 δεσπότου.
384 2907 422 2967 ού
446 2903 570 2968 πολλοὶ
587 2898 782 2991 Ἀθηναίων
807 2905 1039 2986 συγγίγνονται
1053 2906 1288 2990 θεραπαίναις
1303 2906 1424 2982 αὐτῶν,

114 3018 146 3070 25
168 3008 203 3068 ol
230 3010 292 3086 μέν
314 3027 404 3082 τινες
425 3009 553 3093 κρύφα,
584 3009 619 3069 ol
641 3004 755 3069 δὲκαὶ
778 3013 951 3092 φανερῶς,·
979 3008 1017 3068 ού
1045 3007 1108 3091 γάρ
1139 3003 1250 3091 δήπου
1271 3002 1426 3088 βελτίους

165 3109 234 3170 είσί
262 3111 388 3183 πάντες
413 3116 476 3170 τοῦ
492 3101 708 3192 Ἡρακλέους,
732 3108 770 3183 ὃς
793 3105 870 3170 οὐδὲ
893 3117 935 3193 τῇ
953 3097 1124 3194 Ἰαρδάνου
1148 3105 1249 3193 δούλη
1275 3111 1425 3190 συγγενέ·

168 3211 257 3272 σθαι
284 3206 489 3295 ἀπηξίωσεν,
518 3206 556 3286 ἐξ
577 3209 617 3295 ἦς
639 3211 792 3292 ἐγένοντο
819 3212 853 3273 ολ
873 3207 1031 3294 Σάρδεων
1053 3209 1217 3293 βασιλεῖς.
1311 3212 1365 3274 ἐτι
1387 3209 1424 3274 δέ
1447 3215 1467 3278 6

166 3306 229 3397 [ού]
253 3308 350 3375 δοκεῖ
368 3328 433 3388 σοι,
458 3312 505 3386 ὡς
527 3312 625 3389 ἔοικε,
649 3309 932 3398 Κλυταιμνήστρα
955 3316 1032 3393 μὲν,
1058 3311 1236 3397 Τυνδάρεω
1259 3315 1425 3400 θυγάτηρ,

253 3467 265 3515 1
285 3453 326 3527 ὥς
342 3475 392 3530 pro
411 3450 444 3526 ὅς
461 3459 491 3514 Μ
581 3462 597 3514 2
616 3457 645 3516 οδ
668 3451 793 3532 ἀνδρεῖοι
816 3453 1009 3533 ἀλεκτρυόνες
1025 3462 1106 3530 Emp.
1131 3459 1160 3518 οί
1176 3457 1279 3534 ἄνδρες
1297 3461 1325 3519 οί
1343 3456 1427 3520 άίεκ·

164 3547 278 3619 τρίονες
296 3545 335 3601 Μ.
363 3543 392 3602 οί
408 3537 599 3617 ἀλεκτρυόνες
615 3547 679 3612 (om.
698 3549 761 3611 cet.)
779 3543 827 3599 UB
931 3541 1061 3617 ἀείρετο
1079 3545 1105 3601 U
1122 3542 1260 3617 είρετοΒ
1363 3545 1425 3603 ἐπί-

164 3651 267 3690 σταιτο
286 3633 356 3705 περί
371 3651 404 3689 τε
423 3631 541 3687 θείνεται
629 3622 720 3688 αὐτοῦ
737 3629 792 3686 UM
886 3627 1025 3688 ῦὲαυτοῦ
1042 3630 1072 3685 Μ
1176 3631 1241 3688 δδὲ
1257 3647 1309 3686 om.
1328 3631 1358 3686 M

164 3720 246 3774 Ἰκαί
265 3710 374 3784 δς·τίς
388 3716 443 3771 ΒΜ
459 3717 509 3773 καί
527 3705 702 3782 Saus-Um.
720 3731 763 3784 pr.
780 3717 863 3779 (τοτε.
883 3709 916 3782 δς
932 3715 972 3778 τί)
1027 3719 1058 3770 10
1076 3708 1160 3772 αύταί
1177 3731 1228 3784 pro
1246 3708 1333 3773 άσταί
1350 3716 1381 3771 Μ

168 3808 198 3858 1³
217 3793 336 3860 οδτωΒ
406 3820 453 3859 σοι
470 3817 520 3872 pro
538 3801 634 3860 σουΒ
705 3805 737 3855 16
754 3804 803 3858 καί
821 3802 914 3857 ουκΒ
984 3797 1092 3872 ἔχειςΒ
1163 3794 1312 3872 ὀνομάσας
1328 3801 1359 3856 Μ

165 3879 212 3946 δτι
229 3888 357 3956 Oobotun,
375 3887 404 3946 εί
418 3887 458 3953 Μ,
476 3902 529 3944 om.
548 3887 597 3944 ΠΒ
672 3891 701 3942 17
720 3885 762 3942 cf.
779 3885 860 3942 Hom.
880 3885 930 3944 Od.
949 3887 1077 3958 1215uq.
1146 3886 1328 3960 διαγενέσθαι
1345 3885 1375 3940 Μ

166 3977 198 4028 19
210 3967 333 4031 αὖτοῦΠ
385 3977 418 4028 20
430 3968 468 4031 άν
477 3975 527 4029 καί
539 3971 656 4040 Θουίίιιε,
669 3965 742 4031 άλλά
754 3975 803 4030 καί
815 3971 863 4028 UB
874 3975 924 4029 καί
935 3975 999 4037 (om.
1012 3965 1096 4041 ἀλλά)
1107 3973 1138 4028 Μ
1189 3976 1220 4027 21
1236 3965 1345 4041 δμόσαι
1356 3968 1427 4037 ἴσως

164 4052 259 4117 ἐόυιεν
276 4058 365 4128 UBM,
383 4073 454 4114 τυιτ.
473 4057 583 4114 Gonnus
637 4061 687 4122 ,22
705 4047 806 4131 ὅσπερ
823 4087 858 4105 -·
873 4057 984 4131 μητέρα
1001 4058 1094 4113 malim
1112 4073 1173 4113 eum
1191 4057 1332 4113 enuntiato
1351 4056 1425 4126 quod

165 4144 288 4213 nequitur
305 4144 475 4213 coniungere,
493 4143 582 4198 deleto
600 4137 657 4217 γάρ
675 4147 703 4198 ετ
719 4144 930 4212 interrogatione
947 4143 1100 4214 significata
1111 4146 1175 4213 post
1186 4137 1343 4210 δεσπότεω
1362 4155 1427 4196 στω

165 4227 188 4283 εἰ
204 4244 260 4283 non
277 4231 350 4284 εεεεί
366 4227 553 4296 interrogatio,
571 4243 627 4284 non
647 4231 742 4299 posset
758 4228 845 4284 ultera
861 4228 1039 4296 interrogatio
1057 4219 1218 4295 άουνδέτως
1234 4227 1338 4283 inferri.

166 4316 199 4368 2³
217 4307 290 4370 εἶναι
308 4314 405 4372 om.U
457 4305 585 4384 αύτῆςΰ
637 4318 669 4370 ²⁴
688 4305 723 4372 ού
740 4329 793 4370 om.
811 4313 842 4366 M
893 4307 989 4370 αὐτῶν
1006 4313 1062 4369 UM
1130 4317 1163 4368 25
1182 4311 1210 4369 οί
1227 4328 1277 4381 pro
1295 4308 1330 4370 ού
1348 4310 1379 4366 Μ

166 4401 199 4452 26
217 4402 262 4470 τῆι
280 4391 406 4472 άρδάνου
417 4398 467 4456 UB
479 4402 515 4470 τῇ
532 4395 571 4468 άρ
588 4393 626 4458 άν
643 4392 677 4457 οὐ
694 4399 725 4454 Μ
737 4399 773 4456 cf.
785 4397 914 4454 Ηειοδοι.
933 4399 955 4465 1,
969 4405 983 4453 τ
1046 4401 1078 4454 28
1097 4391 1132 4457 ού
1149 4398 1256 4462 εεοίαιί,
1275 4413 1329 4468 quo
1342 4413 1425 4467 τιςο-

166 4484 249 4538 menti
266 4499 282 4539 ε
299 4484 435 4540 contrario
453 4485 492 4540 viu
509 4483 707 4554 infringebatur
719 4484 765 4552 (cf.
778 4502 806 4555 ρ.
820 4488 897 4552 234,6
909 4477 945 4556 ἣν
956 4483 986 4542 δὲ
1004 4479 1039 4542 σύ
1057 4483 1147 4556 λέγεις
1163 4487 1240 4552 θεούς
1258 4483 1425 4552 sequebatur

165 4567 259 4639 υιμὲυ
270 4573 333 4624 ante
347 4564 496 4643 Ίυνδάρεο
505 4572 718 4640 transponerem.
745 4570 806 4640 μὲν,
826 4563 978 4642 Τυνδάρεω
995 4569 1101 4639 scripsi,
1122 4563 1274 4642 Τυνδάρεω
1290 4569 1345 4639 μὲν
1360 4569 1426 4624 libri
