3466 5268
639 373 776 431 ORATIO
793 373 906 430 xhvn.
1357 377 1398 438 81

143 551 266 634 σμικρά
295 551 351 614 καί
380 545 486 626 ῦδοξα
516 551 725 634 πράττομεν·
753 551 809 612 καί
838 556 937 612 τοῦτο
969 548 1053 625 ἴσως
1083 551 1263 634 ἀναγκαῖόν
1293 552 1440 616 ἐστινλ

141 654 189 728 ώς
217 653 282 735 έγώ
311 655 478 736 πρότερον
505 654 566 732 μὲν
596 646 792 731 ἐθαύμαζον
820 657 887 714 τῶν
918 647 1121 737 φιλοσόφων
1155 655 1234 730 τούς
1261 652 1398 717 καταλι-

141 757 272 830 πόντας
285 757 347 835 μὲν
361 755 424 829 τάς
439 755 549 816 αὐτῶν
566 750 735 838 πατρίδας
751 750 887 829 ούδενδς
901 748 1155 834 ἀναγκάζοντος,
1175 747 1261 841 παρ’
1280 753 1398 832 ἅλλοις

142 852 179 919 δέ
202 851 260 942 ζῆν
282 853 478 937 ἑλομένους,
507 857 564 920 καί
586 862 690 918 ταῦτα
714 856 1015 940 ἀποφαινομένους
1044 856 1167 932 αύτούς
1187 860 1241 920 δτι
1264 853 1321 920 δεῖ
1337 860 1397 944 την

105 972 122 1022 ό
144 956 294 1043 πατρίδα
316 966 418 1039 τιμάν
440 960 496 1022 καί
518 959 598 1043 περί
619 955 782 1020 πλείστου
806 958 992 1020 ποιεῖσθαι
1016 959 1073 1020 καί
1094 960 1147 1021 δτι
1170 960 1333 1043 πράττειν
1355 960 1397 1021 τά

139 1061 236 1124 κοινά
258 1062 315 1124 καί
337 1057 587 1122 πολιτεύεσθαι
608 1057 656 1141 τῴ
680 1059 856 1145 ἀνθρώπῳ
879 1060 964 1122 κατδ
989 1062 1092 1146 φύσιν
1112 1055 1213 1122 ἐστίν.
1253 1057 1337 1142 λέγω
1361 1057 1397 1122 δὲ

7 1165 198 1228 mmm
227 1163 385 1250 Ζήνωνα,
419 1165 478 1224 τόν
507 1164 736 1247 Χρύσιππον,
771 1164 830 1225 τόν
859 1159 1057 1247 Κλεάνθην,
1093 1161 1139 1224 ών
1170 1154 1281 1238 οὐδείς
1309 1161 1398 1225 οἴκοι

139 1267 250 1347 έμεινε
272 1273 377 1328 ταῦτα
400 1261 572 1348 λέγοντων.
619 1255 678 1327 ούκ
700 1266 766 1349 ἀρα
788 1266 955 1352 ἐφρόνουν
977 1267 998 1326 ά
1017 1261 1148 1345 έλεγον,·
1170 1267 1308 1327 πάντων
1329 1266 1393 1344 μά·
1417 1265 1436 1328 3

142 1363 257 1444 λιστα,
288 1369 334 1443 ώς
362 1369 439 1447 έμοί
470 1363 636 1430 δοκοῦσιν.
687 1363 773 1428 ἀλλά
801 1363 903 1430 καλδν
930 1368 992 1447 μὲν
1013 1371 1153 1450 ἡγοῦντο
1175 1368 1233 1429 καί
1254 1364 1301 1449 τῷ
1325 1369 1398 1430 όντι

93 1481 121 1532 ¹⁰
141 1470 308 1553 μακάριον
336 1469 393 1532 καί
421 1472 555 1553 πρέπον
584 1465 730 1554 ἀνδράσι
760 1473 884 1556 σοφοῖς
914 1461 978 1552 [τό]
1015 1475 1151 1553 πρᾶγμα
1189 1478 1248 1556 τῆς
1277 1473 1400 1532 ἑαυτοῦ

141 1569 276 1646 πόλεως
290 1567 508 1652 ἐπιμέλειαν·
529 1571 592 1646 τάς
608 1567 643 1634 δέ
659 1571 802 1646 ένούσας
817 1567 997 1646 δυσκολίας
1010 1574 1067 1633 καί
1081 1571 1143 1646 τάς
1161 1568 1398 1658 χαλεπότητας

138 1675 344 1760 ὑφεωρῶντο
365 1675 422 1736 καί
443 1679 511 1736 τῶν
532 1674 594 1754 μὲν
618 1675 768 1756 ἄγνοιαν,
790 1679 857 1736 τῶν
880 1670 916 1735 δὲ
941 1673 1086 1759 φθόνον,
1108 1679 1176 1736 τῶν
1192 1671 1228 1736 δὲ
1246 1673 1397 1757 ἀγνωμο-

140 1778 252 1860 σύνην,
275 1777 306 1838 εί
327 1777 373 1861 μή
396 1797 450 1851 τις
473 1776 583 1861 σοφός
605 1777 652 1838 ών
675 1777 745 1854 άμα
769 1771 906 1838 δύναιτο
928 1777 988 1862 την
1010 1783 1073 1839 τοῦ
1088 1767 1289 1860 Ἡρακλέους
1311 1778 1398 1857 ἔχειν

140 1879 236 1957 ἰσχύν
250 1879 306 1940 καί
321 1874 478 1958 δύναμιν·
501 1883 601 1940 τοῦτο
618 1873 654 1940 δέ
670 1874 836 1940 ἀδύνατον
849 1882 1000 1961 ἡγοῦντο.
1035 1879 1149 1941 καίτοι
1163 1881 1223 1942 τὸν
1232 1871 1396 1965 Ἡρακλέα
1419 1883 1439 1944 4

93 1991 122 2042 ιο
144 1971 246 2044 αύτδν
268 1981 433 2060 ἀκούομεν
454 1987 514 2066 της
535 1981 597 2062 μέν
619 1977 802 2062 Αἰγύπτου
826 1987 993 2066 κρατῆσαι
1013 1982 1070 2044 καί
1091 1989 1151 2066 της
1172 1983 1324 2070 Λιβύης,
1347 1984 1399 2044 έτι

140 2081 177 2146 δὲ
211 2088 278 2145 τῶν
316 2083 396 2167 περί
430 2083 489 2143 τόν
519 2077 677 2160 Εὔξεινον
705 2083 840 2144 Πόντον
870 2082 1051 2144 οἰκούντων
1082 2083 1139 2145 καί
1169 2081 1310 2167 Θρακῶν
1343 2085 1399 2146 καί

138 2184 299 2260 Σκυθῶν,
327 2184 384 2246 καί
412 2184 451 2245 τδ
469 2173 572 2246 Ἴλιον
594 2179 683 2246 έλεῖν
704 2181 812 2267 μικρῷ
836 2179 945 2266 στόλρ
969 2180 1212 2268 παραβαλόντα
1234 2188 1292 2248 καὶ
1312 2187 1398 2247 πάν-

138 2307 207 2348 των
230 2283 378 2374 ἄρξαντα
400 2291 469 2349 τῶν
490 2283 604 2348 ίθνών
625 2287 755 2348 τούτων
779 2277 859 2368 [καί]
881 2293 1093 2371 καταστῆσαι
1112 2282 1256 2367 βασιλέα
1280 2288 1397 2349 αύτόν·

140 2389 244 2450 όπότε
267 2384 303 2450 δὲ
326 2390 377 2463 είς
394 2379 514 2472 Ἄργος
540 2388 717 2473 ἀφίκοιτο,
746 2388 806 2473 την
829 2379 966 2468 Αύγέου
994 2390 1123 2472 κόπρον
1150 2393 1354 2474 μεταφέρειν
1375 2390 1396 2475 ἢ

91 2499 121 2550 τί)
142 2492 221 2566 τούς
243 2491 343 2576 όφεις
365 2489 475 2574 δηρόν
497 2490 518 2575 ἡ
540 2491 602 2565 τάς
631 2489 775 2574 ὄρνιθας
805 2485 955 2567 διώκειν,
985 2489 1039 2551 ίνα
1061 2493 1106 2578 μη
1130 2487 1293 2570 ἐνοχλῶσι
1318 2493 1398 2567 τούς

142 2595 178 2658 έν
199 2589 391 2679 Στυμφάλῳ
413 2595 590 2677 γεωργούς,
612 2594 633 2679 ἡ
656 2589 742 2656 ἀλλα
758 2599 898 2657 τοιαῦτα
915 2599 1029 2656 ποιεῖν
1045 2589 1158 2679 φαῦλα
1174 2595 1231 2657 καί
1252 2595 1396 2658 ταπεινά

140 2699 454 2781 προσταττόμενον·
481 2691 674 2758 τελευταῖον
697 2692 733 2758 δέ
757 2697 808 2771 είς
829 2687 914 2779 ᾅδου
939 2697 1026 2781 φασί
1049 2696 1257 2781 πεμφθῆναι
1279 2685 1397 2759 αὐτόν·

7 2807 126 2862 (mm
141 2799 229 2861 οὕτω
253 2793 388 2883 σφόδρα
411 2794 573 2872 ἐπιεικῶς
595 2787 688 2879 αύτῷ
707 2797 861 2884 χρῆσθαι
882 2799 942 2860 τόν
964 2794 1119 2882 πολίτην.
1164 2799 1243 2874 τούς
1266 2795 1302 2861 δὲ
1322 2789 1396 2883 Ἀρ-

139 2901 251 2983 γείσυς
262 2901 319 2962 καί
333 2898 506 2984 Θηβαίους
516 2900 671 2962 έπαινεῖν
681 2901 744 2979 μὲν
754 2900 811 2961 καί
822 2901 959 2982 ἀγαπᾶν
974 2901 1032 2962 τόν
1043 2891 1216 2984 Ἡρακλέα,
1233 2907 1397 2984 περιορᾶν

90 3011 121 3062 τι
144 2997 180 3064 δέ
203 2995 428 3083 ὑβριζόμενον.
473 3001 495 3061 ά
515 3019 577 3082 μοι
600 2998 697 3064 δοκεῖ
714 2997 912 3086 διανοηθείς
926 2993 1083 3088 Ὅμηρος,
1107 2989 1146 3064 ού
1166 3004 1271 3083 μόνον
1294 3021 1395 3088 ποιη·
1417 3003 1436 3063 5

140 3105 200 3190 της
222 3102 356 3185 ἀγαθός
371 3105 427 3181 ών,
451 3099 536 3164 ἀλλά
558 3101 686 3185 καὶτῷ
707 3106 824 3188 τρόπῳ
850 3098 1053 3190 φιλόσοφος,
1074 3105 1134 3166 τόν
1151 3105 1287 3166 ἅπαντα
1310 3105 1396 3166 ἀπο·

33 3217 81 3268 (⁵²¹
93 3217 126 3270 Ι)
142 3202 261 3290 δημεῑν
272 3199 404 3287 χρόνον,
428 3205 515 3267 ώστε
530 3202 658 3290 μηδένα
672 3203 798 3288 γνώναι
812 3207 873 3291 την
889 3203 1038 3290 πατρίδα
1054 3196 1168 3284 αὐτοῦ,
1189 3203 1395 3288 καὶμᾶλλον,

140 3309 188 3382 ώς
209 3307 334 3384 έοικεν,
364 3307 544 3390 αἱρεῖσθαι
574 3311 676 3370 πέντε
703 3309 760 3370 καί
781 3307 890 3370 εἴκοσι
920 3305 1071 3391 δραχμάς
1093 3307 1291 3394 προσαιτῶν
1314 3305 1395 3387 λαμ-

139 3410 271 3491 βάνειν,
299 3409 356 3470 καί
386 3414 491 3470 ταῦτα
521 3409 568 3483 ώς
596 3403 817 3490 μαινόμενος,
854 3409 874 3495 ἢ
909 3407 998 3472 οἴκοι
1027 3406 1165 3491 διάγειν.
1218 3417 1395 3495 τοιγαροῦν

90 3521 121 3572 w
143 3513 292 3585 ἅπαντες
314 3511 454 3594 ὕστερον
476 3511 742 3596 ἠμφεσβήτησαν
763 3513 849 3596 ὑπὲρ
872 3501 984 3573 αὐτοῦ.
1036 3513 1093 3574 καί
1119 3514 1158 3573 τό
1186 3513 1247 3592 μέν
1269 3512 1396 3574 ἐκείνου

139 3614 245 3694 όνομα
268 3612 362 3696 παρά
387 3617 491 3674 πᾶσιν
505 3601 644 3696 Ἕλλησι
665 3613 722 3675 καλ
735 3613 922 3696 βαρβάροις
943 3615 1172 3695 γιγνώσκεται,
1195 3615 1255 3699 την
1278 3610 1313 3675 δὲ
1330 3604 1396 3675 Ἴον

140 3703 218 3778 οόδδ
241 3707 423 3798 ἀκηκόασιν
447 3714 481 3774 οί
504 3710 628 3779 πολλοί
650 3709 784 3793 σχεδόν,
815 3711 912 3798 εἴπερ
934 3709 975 3799 ἦν
995 3706 1117 3800 Ἰήτης,
1146 3717 1203 3778 καί
1224 3723 1283 3802 τῆς
1305 3717 1396 3778 Χίου

229 3937 374 4014 ίτούτοις
392 3943 432 4012 ὡς
448 3944 521 4013 libri,
538 3945 662 4002 diffluxit
679 3945 759 4016 Emp.
829 3939 961 4004 όαύτών
978 3943 1042 4000 libri
1108 3943 1291 4016 έλλομένσις
1308 3945 1395 4012 Uim,

141 4031 336 4104 ἑλομένουςΤ
415 4028 539 4089 δδστίιι
559 4035 588 4097 (ν
603 4035 720 4098 eruum)
738 4030 763 4088 U
780 4027 883 4089 ἐστίΤ
972 4026 1185 4104 ίκλιιόνύηνΤ
1271 4031 1397 4105 sum

140 4119 217 4175 mulii
234 4117 314 4188 Emp.
383 4105 485 4186 άραΒ
555 4119 587 4171 10
605 4111 640 4173 τὸ
658 4115 759 4172 seclusi
835 4120 864 4170 11
883 4112 1028 4185 δαψίλεια
1046 4115 1118 4184 libri,
1136 4131 1207 4172 ααττ.
1226 4116 1343 4173 camb.

143 4210 175 4262 1³
193 4200 219 4263 τί
234 4202 273 4275 μή
291 4201 419 4268 cmub„
437 4201 465 4259 εί
474 4201 505 4259 δέ
516 4201 579 4256 libri
634 4207 665 4257 u
682 4195 807 4275 ἡγοῦντο
825 4199 1095 4269 (rotomacum
1150 4205 1179 4254 17
1198 4199 1345 4275 σμικρῷΒ

141 4285 369 4364 παραβόλλαντα
387 4286 416 4340 Μ
489 4291 518 4342 18
535 4289 584 4346 καί
602 4287 674 4342 dolet
691 4286 793 4342 Reisko
860 4279 952 4346 αὐτόν
969 4286 1023 4341 ΜΤ
1110 4287 1141 4339 19
1159 4281 1282 4358 αύγαίου
1299 4283 1328 4338 Μ

143 4379 176 4431 2²
193 4367 451 4448 προσταττόμενος
466 4372 539 4438 libri,
557 4388 629 4428 αοπ.
646 4371 763 4428 casaub.
833 4375 865 4428 2³
884 4363 977 4438 ούτως
990 4371 1018 4426 Μ
1087 4372 1120 4426 28
1138 4367 1224 4427 πέντε
1240 4373 1289 4428 καί
1306 4365 1398 4428 εἴκοσι

142 4455 281 4534 έηαχμάςτ
300 4473 355 4528 quo
367 4458 436 4514 haec
448 4459 572 4528 spectent
582 4458 677 4526 ignoro
733 4462 766 4513 30
783 4447 1000 4532 ἠμφισβήτησαν
1012 4455 1087 4512 UBT
1138 4458 1204 4529 περί
1221 4449 1346 4514 αύτοῦΤ

143 4551 174 4602 31
193 4540 407 4620 γινώσκεταιΤ

194 4639 253 4684 ΗΙΟ.
267 4637 297 4683 Π.
1178 4630 1194 4679 θ
