3526 5264
344 358 405 418 188
799 359 923 415 DIONIS
941 359 992 414 DE
1009 357 1150 414 HABITU

341 529 416 619 (ού)
438 536 643 598 παντάπασι
666 531 775 619 ψευδῆ
800 531 932 596 οἴονται
953 534 1010 596 καί
1031 531 1080 615 τῷ
1101 535 1176 595 όντι
1198 531 1372 607 Αἴσωπος
1401 541 1520 596 τοῦτον
1541 537 1601 598 τόν

342 641 471 722 τρόπον
486 637 646 717 έπειρόῖτο
662 637 838 698 νουθετεῖν
853 638 932 711 τούς
947 636 1157 720 ἀνθρώπους
1170 637 1228 698 καί
1239 631 1471 698 ἐπιδεικνύναι
1486 637 1604 715 αὐτοῖς

344 742 427 801 ἅττα
450 739 713 822 ἁμαρτάνουσιν,
737 739 783 813 ὡς
805 738 846 800 ἀν
867 734 1017 818 μάλιστα
1041 738 1212 823 ἠνείχοντο
1228 737 1339 814 αύτόν,
1361 735 1522 820 ήδόμενοι
1543 742 1604 805 έπί

343 839 390 923 τῷ
412 837 532 923 γελοίῳ
554 843 611 903 καί
632 845 706 915 τοῖς
726 840 872 920 μύθοις·
898 841 1014 924 ὥσπερ
1037 841 1079 903 τά
1104 837 1228 903 παιδία
1245 845 1321 916 ταῖς
1336 841 1477 917 τίτθαις
1491 842 1602 920 μυθο·

344 940 562 1025 λογουμέναις
585 943 792 1027 προσέχουσί
814 963 850 1005 τε
871 945 928 1007 καί
949 940 1100 1028 ἥδονται.
1201 943 1272 1005 ἀπό
1296 940 1334 1028 δή
1358 951 1418 1029 τής
1439 947 1600 1030 τοιαύτης
1623 959 1638 1008 1

343 1042 452 1129 δόξης,
475 1047 521 1121 ὡς
542 1048 599 1109 καί
621 1035 706 1130 παρ’
731 1049 826 1131 ήμῶν
848 1046 1072 1126 ἀκουσόμενοί
1093 1067 1128 1108 τι
1150 1053 1306 1108 τοιούτον
1331 1044 1404 1106 οἷον
1429 1043 1604 1122 Αἴσωπος

344 1144 494 1233 έλεγενή
521 1149 643 1210 όποῖον
664 1151 844 1233 Σωκράτης
866 1149 886 1233 ή
911 1142 1043 1232 [όποῖα]
1066 1151 1240 1231 Διογένης,
1266 1148 1434 1232 προσίασι
1455 1150 1512 1211 καί
1533 1151 1605 1212 ένο-

341 1247 461 1330 χλούσι
488 1252 545 1313 καί
574 1251 613 1311 ού
644 1247 804 1313 δύνανται
832 1252 1044 1330 ἀπέχεσθαι,
1074 1251 1113 1312 δν
1141 1251 1182 1312 ἂν
1212 1247 1332 1312 ἴδωσιν
1359 1251 1395 1311 έν
1423 1252 1530 1333 τούτῳ
1554 1249 1603 1335 τῷ

346 1355 500 1440 σχήματι,
525 1354 563 1415 ού
585 1350 748 1439 μάλλονή
765 1355 807 1416 τὰ
823 1356 933 1438 όρνεα,
956 1351 1098 1417 έπειδάν
1121 1351 1225 1416 ἴδωσι
1245 1349 1388 1435 γλαῦκα·
1412 1343 1471 1437 ἐφ’
1498 1343 1526 1435 ᾦ
1547 1355 1604 1416 καί

297 1450 518 1530 14ξυνετίθει
540 1452 638 1538 λόγον
661 1454 834 1532 Αἴσωπος
864 1464 1035 1534 τοιοῦτον,
1065 1458 1111 1530 ὡς
1140 1456 1182 1517 τά
1212 1458 1311 1539 όρνεα
1341 1451 1486 1540 ξυνῆλθε
1516 1459 1605 1539 πρὸς
1627 1468 1655 1518 10

343 1560 403 1642 τήν
430 1554 556 1639 γλαῦκα
584 1559 642 1621 καί
663 1554 775 1620 έδεῖτο
804 1567 864 1644 τῆς
892 1561 953 1638 μέν
984 1559 1055 1620 ἀπὸ
1077 1565 1145 1620 τῶν
1168 1554 1449 1641 οἰκοδομημάτων
1480 1561 1607 1643 σκέπης

344 1660 628 1736 ἀπανίστασθαι,
658 1661 745 1744 πρδς
768 1657 804 1722 δε
826 1661 868 1722 τά
893 1657 1013 1745 δένδρα
1035 1663 1095 1747 τήν
1117 1656 1254 1736 καλιάν,
1284 1661 1401 1742 ὥσπερ
1431 1660 1488 1722 καί
1510 1659 1606 1737 αὐτά,

343 1763 400 1824 καί
422 1763 501 1836 τούς
522 1762 651 1824 τούτων
672 1764 958 1849 μεταπήγνυσθαι
978 1759 1125 1840 κλῶνας,
1155 1753 1220 1848 ἀφ’
1247 1760 1293 1823 ὧν
1314 1762 1372 1823 καί
1394 1752 1490 1844 ᾅδειν
1512 1763 1607 1825 ἔστιν

346 1866 586 1949 εὐσημότερον·
612 1867 670 1928 καί
693 1862 731 1952 δή
755 1868 811 1928 καί
833 1868 922 1951 πρὸς
945 1863 1023 1951 δρῦν
1046 1867 1185 1944 ταυτηνί
1206 1867 1285 1949 άρτι
1309 1869 1489 1949 φυομένην,
1513 1867 1607 1928 έπει-

347 1965 408 2031 δάν
437 1970 524 2050 πρὸς
547 1969 637 2052 ὥραν
660 1970 840 2054 ἀφίκηται,
870 1970 1015 2050 έτοίμως
1038 1971 1125 2048 ἔχειν
1156 1963 1280 2045 ἱζάνειν
1306 1969 1363 2030 καί
1385 1975 1444 2054 τῆς
1464 1962 1604 2052 χλοερᾶς
1628 1977 1656 2029 11

346 2072 452 2155 κόμης
474 2071 687 2134 ἀπόνασθαι.
733 2064 809 2134 ἀλλ’
836 2071 894 2134 οδν
916 2074 975 2157 τήν
997 2091 1033 2153 γε
1055 2069 1180 2153 γλούκα
1201 2074 1247 2157 μή
1271 2077 1371 2131 τούτο
1387 2074 1461 2145 τοῖς
1477 2071 1610 2153 δρνέοις

347 2175 462 2234 ποιεῖν
484 2177 664 2256 παραινεῖν
687 2170 772 2258 μηδὲ
803 2181 913 2259 φυτοῦ
939 2169 1067 2257 βλάστη
1091 2169 1287 2258 ἐφήδεσθαι
1310 2167 1393 2248 ’ίξὸν
1415 2174 1610 2256 πεφυκότος

300 2275 338 2338 15
353 2277 485 2358 φέρειν,
512 2280 656 2361 πτηνοῖς
679 2272 850 2360 όλεθρον’.
895 2276 937 2337 τά
961 2272 997 2337 δέ
1018 2275 1102 2359 μήτε
1125 2284 1184 2360 της
1208 2269 1394 2357 ξυμβουλῆς
1423 2269 1731 2352 ἀπεδίχετοιεεεκσν

348 2378 407 2461 τήν
438 2374 581 2458 γλαῦκα,
614 2380 811 2442 τοόναντίον
842 2375 877 2441 δέ
908 2380 1020 2462 έχαιρε
1048 2385 1091 2462 τῇ
1120 2375 1196 2461 δρυῒ
1224 2380 1391 2461 φυομένη,
1421 2371 1542 2460 ἐπειδή
1571 2395 1608 2436 τε

349 2478 443 2564 ίκανή
467 2475 517 2563 ήν,
539 2481 732 2543 καθίσαντα
755 2473 814 2542 ἐπ’
841 2482 943 2565 αύτήν
964 2461 1054 2565 ᾖδεν.
1098 2483 1277 2563 γενομένου
1301 2474 1336 2540 δὲ
1360 2486 1422 2540 τού
1449 2475 1525 2555 ίξού
1544 2479 1604 2561 ῥᾳ·
1626 2488 1655 2539 2ο

349 2578 432 2656 δίως
454 2580 516 2667 ήδη
539 2585 607 2645 ὑπό
629 2590 696 2646 τῶν
712 2584 909 2666 ἀνθρώπων
925 2581 1129 2662 άλισκόμενα
1144 2583 1323 2662 μετενόουν
1337 2582 1394 2643 καί
1409 2583 1468 2666 τήν
1482 2575 1607 2661 γλαῦκα

348 2678 544 2763 ἐθαύμαζον
565 2685 625 2748 έπί
646 2693 688 2770 τῇ
710 2682 888 2770 ξυμβουλῇ.
922 2687 978 2748 καί
993 2693 1050 2748 νῦν
1065 2687 1117 2747 έτι
1137 2685 1245 2758 οὕτως
1259 2684 1403 2762 ἔχουσιν,
1427 2684 1474 2758 ὡς
1497 2678 1608 2766 δεινῆς

348 2788 405 2848 καί
417 2795 527 2873 σαφής
540 2787 642 2872 ούσης
654 2789 765 2874 αύιής,
781 2791 838 2851 καί
850 2785 906 2851 διδ
922 2795 1022 2850 τούτο
1037 2783 1200 2850 έθέλουσι
1216 2781 1426 2870 πλησιάζειν,
1441 2786 1607 2867 ἡγούμενα
1618 2797 1667 2849 (εει
1681 2795 1711 2847 ln

350 2888 484 2969 ἀγαθόν
506 2910 541 2951 τι
563 2886 751 2953 ἀπολαύειν
774 2899 833 2977 της
849 2888 1043 2968 ξυνουσίας·
1067 2891 1189 2952 έπειτα
1205 2887 1303 2970 οἶμαι
1319 2889 1486 2972 προσίασι
1500 2889 1609 2970 μάτην

350 2992 409 3053 έπί
430 2990 530 3075 κακῷ.
574 2995 679 3078 ήμὲν
701 2994 763 3078 γάρ
787 2994 920 3082 ἀρχαία,
937 2990 1040 3076 γλαύξ
1061 2991 1108 3076 τῷ
1139 2995 1213 3055 όντι
1241 2991 1389 3079 φρονίμη
1419 3011 1456 3053 τε
1482 2987 1522 3075 ήν
1549 2988 1607 3050 καί
1628 2997 1659 3048 25

352 3090 587 3174 ξυμβουλεύειν
609 3092 760 3159 ἐδύνατο.
807 3097 844 3157 αί
867 3093 902 3158 δὲ
924 3104 982 3159 νύν
1003 3098 1107 3177 μόνον
1128 3097 1171 3158 τά
1195 3094 1302 3178 πτερά
1326 3095 1459 3173 έχουσιν
1482 3091 1609 3184 ἐκείνης

351 3197 407 3258 καί
434 3198 514 3271 τούς
542 3195 748 3282 ὀφθαλμούς
775 3201 833 3261 καί
861 3201 899 3261 τό
929 3201 1083 3285 ῥάμφος,
1112 3199 1153 3260 τά
1183 3195 1219 3260 δὲ
1249 3194 1334 3258 ἀλλα
1361 3193 1611 3281 ἀφρονέστεραί

352 3299 421 3360 είσι
443 3305 510 3361 τῶν
532 3297 643 3364 ἄλλων
667 3303 801 3383 δρνέων.
840 3303 958 3364 ούκούν
973 3299 1050 3365 οὐδὲ
1073 3301 1195 3377 έαυτάς
1219 3298 1378 3363 δύνανται
1401 3294 1497 3359 ούδὲν
1520 3297 1610 3380 ὠφε-

305 3395 344 3459 16
357 3395 441 3462 λεῖν·
465 3402 504 3462 ού
526 3401 588 3486 γάρ
611 3404 652 3466 ἀν
675 3405 769 3489 παρά
792 3410 866 3480 τοῖς
888 3405 1140 3490 ὀρνιθοθήραις
1157 3405 1340 3489 έτρέφοντο
1358 3395 1534 3478 δεδεμέναι
1554 3397 1612 3459 καί

356 3593 558 3601 -.⁴—-—--.-.

426 3699 437 3748 1
458 3684 493 3751 ου’
511 3692 573 3747 εδδ.
591 3691 698 3748 selden.
773 3695 821 3748 καί
839 3690 945 3760 scripsi,
962 3690 990 3749 εἰ
1005 3690 1054 3745 PH
1072 3680 1090 3762 ἦ
1108 3689 1155 3745 UB
1173 3685 1190 3761 ἧ
1210 3689 1238 3742 Μ
1324 3693 1339 3742 θ
1358 3678 1494 3761 ἧνίχοντο
1513 3685 1543 3741 Μ

355 3774 443 3838 αὐτοῦ
461 3779 509 3834 UB
572 3777 861 3850 ίμυθολογουμένας
878 3775 907 3829 Μ
965 3769 1090 3834 ῖδποῖα
1108 3776 1171 3831 secl.
1190 3774 1254 3830 wil,
1324 3769 1454 3832 δίδωσιν
1469 3769 1502 3829 ἐν
1519 3766 1611 3844 τούτῳ

354 3881 422 3923 corr.
440 3879 475 3920 ox
491 3861 571 3922 ίόωσι
589 3860 682 3938 τούτῳ
701 3862 733 3928 U,
751 3861 784 3920 έν
801 3863 893 3918 ουκΒ
963 3857 1131 3933 2δπειόήΡ
1199 3858 1290 3916 Verba
1308 3851 1358 3931 ἐφ’
1377 3847 1446 3934 ᾦ-
1462 3862 1492 3911 18
1510 3849 1612 3914 άποόέ

352 3957 458 4024 χεαθαι
469 3945 521 4023 τήν
531 3951 641 4022 γλαῦκα
651 3963 702 4003 om.
712 3946 800 4015 PHM,
813 3947 902 4016 suppl.
915 3947 942 4001 in
955 3963 1020 4016 τινες.
1031 3949 1207 4012 correctores,
1220 3945 1242 3999 Ρ
1254 3959 1340 4014 usque
1351 3945 1387 3998 εδ
1397 3935 1566 4002 ἀπόνασθαι

356 4042 387 4092 10
405 4037 546 4094 συνετίθει
563 4049 630 4103 mrss.
648 4035 679 4089 Μ
749 4038 778 4088 11
798 4029 903 4105 σκέπης
921 4033 1029 4096 Βάελε,
1048 4024 1120 4102 ὀπῆς
1133 4030 1189 4098 UB,
1206 4045 1272 4099 mrg.
1285 4030 1313 4084 Η
1326 4033 1388 4094 (om.
1407 4043 1472 4096 mrg.
1484 4027 1515 4094 P,
1532 4023 1613 4094 periit

353 4123 382 4176 in
393 4121 433 4186 Μ)
487 4124 518 4174 12
530 4117 774 4178 ίπανίστασθαιΒ
836 4122 867 4172 ii
886 4109 942 4188 εἴφ’
961 4107 1003 4174 ὧν
1019 4119 1098 4170 -11
1116 4108 1311 4187 εὐσημότερον
1329 4112 1370 4168 οἰκ
1388 4128 1441 4168 εστ.
1459 4107 1560 4178 τοῖς]

358 4214 388 4262 11
399 4203 465 4281 ἄρτι
478 4209 592 4273 ταυτηνί
605 4207 669 4272 (hoc
681 4203 751 4266 ord.)
763 4202 834 4268 libri,
845 4203 1014 4272 transposuit
1024 4199 1126 4256 Reisko
1182 4197 1277 4272 ίπειδή
1290 4197 1392 4267 mrg.P
1465 4198 1494 4248 i'i
1507 4193 1612 4248 iambos

354 4294 464 4363 ignovit
481 4291 545 4347 wil.
634 4295 664 4346 18
683 4283 840 4360 άπεόέχετο
859 4287 995 4356 Bulsinius,
1014 4280 1209 4357 ἀποδέχεσθαι
1226 4285 1289 4340 libri
1377 4285 1408 4336 19
1426 4299 1457 4336 τε
1476 4277 1563 4345 Εσιμ,
1582 4277 1613 4334 δὲ

353 4377 416 4434 libri
506 4381 540 4432 20
557 4375 641 4436 ἱκανά
660 4374 713 4431 ΒΜ
731 4369 813 4446 ίκανή
831 4376 858 4445 (η
874 4387 892 4427 ⁸
910 4372 1031 4439 corr.)U
1099 4369 1204 4430 ίδενΜ
1221 4361 1270 4443 ήδε
1286 4367 1313 4422 Η
1329 4357 1378 4440 ήδε
1395 4379 1430 4420 ex
1446 4357 1543 4422 είδεΡ

354 4467 406 4522 τοῦ
422 4479 441 4519 ε
459 4479 532 4520 com
547 4463 614 4518 inP
666 4465 697 4515 21
718 4457 770 4532 τὴν
787 4475 838 4514 om.
856 4457 927 4514 Um.
940 4475 981 4528 pr.
1035 4462 1068 4513 22
1085 4456 1248 4531 ἐθαύμαζεν
1265 4453 1336 4519 libri,
1354 4466 1423 4506 corr.
1442 4448 1560 4505 editores

355 4552 387 4604 28
405 4543 535 4616 αὖτὰςΜ,
590 4539 672 4605 οὐδὲν
691 4561 741 4602 om.
760 4543 808 4599 PH
827 4560 861 4598 m.
880 4560 930 4614 pr„
949 4540 1013 4608 οὐδὲ
1030 4545 1060 4600 Μ
1118 4550 1151 4601 29
1171 4539 1378 4619 ὀρνιθοθήραις
1395 4541 1436 4602 (αι
1453 4549 1470 4588 ο
1488 4529 1612 4599 curtii]
