3526 5264
345 357 408 416 180
716 354 840 410 DIONIS
859 353 909 409 DE
926 351 1173 410 PHILOSOPHIA

347 533 448 595 πείαν
470 539 529 618 τῆς
549 533 654 593 αὑτοῦ
667 537 788 615 ψυχῆς,
810 530 941 613 μακράν
956 523 1155 604 ἀλαζονείας
1168 529 1224 590 καί
1242 528 1378 612 ἀπάτης
1394 528 1450 590 καί
1464 534 1605 612 τρυφῆς,

305 631 515 716 ηεύτέλειάν
543 653 579 695 τε
607 633 663 694 καί
693 634 916 716 σωφροσύνην
945 664 986 677 -
1013 632 1070 693 καί
1099 629 1161 713 γάρ
1192 626 1293 714 στολή
1324 633 1422 714 έτίρα
1454 630 1516 709 μὲν
1544 637 1607 691 τοῦ

345 732 634 822 φιλοσοφοῦντος,
663 737 760 818 έτέρα
793 731 828 796 ἀὲ
858 740 925 795 τῶν
955 729 1103 795 ἰδιωτῶν
1132 733 1188 794 καί
1217 727 1414 806 κατάκλισις
1440 732 1498 793 καί
1524 749 1604 814 γυμ-

343 841 445 900 νάσια
472 839 528 900 καί
552 833 674 920 λουτρά
696 838 793 917 καλή
816 833 899 921 άλλη
924 833 1056 912 δίαιτα,
1082 836 1139 897 καὶ
1166 836 1225 896 τὸν
1253 835 1315 914 μὲν
1349 829 1604 895 ἀκολουθοῦντα

341 942 398 1003 καί
419 933 500 1023 [τὸν]
519 941 692 1024 χρώμενον
714 941 849 1014 τούτοις
872 935 929 1002 ἀεῖ
946 933 1093 1019 νομίζειν
1117 938 1163 1012 ὡς
1181 933 1373 1022 φιλοσοφίᾳ
1389 939 1600 1018 προσέχοντα
1622 948 1638 994 5

343 1045 401 1105 τὸν
424 1051 517 1105 νοῦν·
549 1044 607 1105 τύν
631 1038 667 1104 ἀί
690 1043 725 1104 ἐν
746 1038 865 1127 μηάενί
887 1043 1016 1103 τούτων
1040 1038 1250 1125 διαφέροντα
1272 1034 1358 1124 μηύέ
1381 1034 1468 1112 ὅλως
1490 1039 1604 1120 έτερσν

346 1147 425 1207 ἀντα
447 1151 514 1206 τῶν
537 1140 674 1205 πολλῶν
695 1137 791 1225 (οὐχ)
812 1146 869 1206 ἕνα
891 1144 1027 1205 ἐκείνων
1051 1142 1184 1219 θετέον,
1206 1141 1268 1203 κάν
1289 1143 1449 1225 μυριάκις
1463 1138 1544 1224 εἴπῃ
1567 1159 1604 1202 τε
1618 1151 1741 1204 (mm

344 1248 401 1309 καί
422 1243 665 1331 ἐπαγγείληται
688 1241 894 1331 φιλοσοφεῖν
922 1245 1075 1308 έναντίον
1104 1250 1167 1306 τοῦ
1193 1241 1301 1329 ἀήμου
1331 1251 1393 1304 τοῦ
1410 1233 1605 1328 Ἀθηναίων

344 1350 364 1434 ή
381 1349 568 1433 Μεγαρέων
590 1349 609 1434 ή
634 1347 728 1432 παρά
743 1353 817 1423 τοῖς
832 1345 1118 1427 Λακεδαιμονίων
1133 1342 1350 1426 βασιλεῦσιν·
1374 1336 1450 1406 ἀλλ’
1477 1347 1604 1407 ὠστέον

344 1458 463 1513 τοῦτον
486 1453 544 1513 τὸν
566 1450 755 1532 άνθρωπον
778 1451 828 1526 είς
849 1451 928 1524 τούς
950 1444 1115 1525 ἀλαζόνας
1137 1449 1193 1510 καί
1216 1449 1380 1533 ἀνοήτους
1401 1448 1458 1509 καί
1479 1467 1601 1532 τρυφε·
1624 1440 1654 1490 ¹⁰

305 1567 325 1632 9
346 1555 435 1636 ρούς.
479 1554 592 1615 καίτοι
613 1554 775 1633 μουσικὸν
796 1554 858 1632 μὲν
882 1552 940 1613 ούκ
962 1548 1128 1613 ἀάύνατσν
1150 1548 1242 1612 εἶναι
1269 1552 1314 1635 μή
1344 1551 1538 1632 πράττοντα
1561 1548 1603 1610 τά

343 1662 405 1716 τοῦ
425 1663 604 1735 μουσικοῦ·
627 1660 646 1740 ή
669 1655 732 1736 γάρ
754 1656 897 1739 μουσική
922 1653 981 1715 οὐκ
1003 1647 1182 1734 ἀναγκάζει
1203 1647 1294 1734 (del)
1316 1655 1497 1734 προσέχειν
1520 1652 1604 1736 αύτή

345 1759 402 1820 τὸν
425 1765 502 1820 νοῦν
523 1758 581 1819 καὶ
601 1753 706 1842 μηδὲν
721 1753 803 1818 ἀλλο
821 1757 1008 1819 ποιεῖσθαι
1024 1757 1103 1839 περί
1121 1752 1298 1828 πλείονος·
1321 1755 1378 1816 καί
1394 1754 1605 1837 ἀστρονόμον
1615 1751 1664 1803 (⁶²⁴
1678 1751 1708 1794 ¹¹¹

238 1895 241 1900 ·
346 1862 426 1922 ἀντα
456 1856 552 1923 ούύέν
582 1858 667 1934 ίσως
693 1856 816 1922 κωλύει
837 1863 975 1945 τρέφειν
1004 1854 1232 1942 ἀλεκτρυόνας
1259 1856 1279 1941 ή
1309 1855 1477 1936 κυβεύειν·
1508 1852 1604 1918 ούάἀν

346 1962 409 2046 γάρ
431 1966 450 2046 ή
475 1961 683 2045 ἀστρονομία
706 1958 866 2041 έμποάών
889 1963 964 2023 ἐστι
984 1961 1023 2022 τὸ
1045 1961 1091 2044 μή
1115 1959 1157 2020 τά
1184 1954 1303 2020 ἀίοντα
1327 1963 1456 2020 ποιεῖν·
1485 1959 1541 2020 καί
1562 1959 1600 2043 νή
1626 1952 1654 2002 ¹⁵

347 2064 416 2126 Δία
441 2063 585 2126 ίππικὸν
606 2065 783 2145 γενόμενον
804 2063 824 2148 ή
848 2063 1050 2148 κυβερνήτην
1072 2061 1205 2142 ἀγαθὸν
1220 2062 1239 2145 ή
1256 2061 1480 2145 γεωμέτρηνή
1502 2062 1606 2142 γράμ-

346 2185 437 2244 ματα
459 2160 575 2226 είύύτα
593 2161 689 2227 οάἀὲν
704 2164 906 2245 θαυμαστὸν
929 2156 972 2249 [ή]
995 2162 1089 2247 παρά
1105 2167 1183 2236 ταῖς
1198 2163 1351 2245 ἑταίραις
1372 2163 1484 2246 ήταῖς
1506 2159 1606 2247 αύλη·

347 2267 458 2350 τρίσιν
487 2268 655 2351 ἀρᾶσθαι·
689 2269 728 2329 τύ
756 2269 819 2351 γάρ
850 2274 955 2329 ταῦτα
985 2264 1201 2328 ἐπίστασθαι
1233 2261 1329 2327 ούάὲν
1359 2269 1459 2328 ποιεῖ
1481 2261 1604 2345 βελτίω

296 2379 335 2440 10
348 2370 407 2454 τήν
428 2377 491 2430 τοῦ
512 2369 700 2452 ἀνθρώπου
724 2370 834 2455 ψυχήν
858 2365 934 2431 ούάὲ
957 2369 1149 2451 ἀποτρέπει
1170 2373 1238 2427 τῶν
1258 2367 1524 2450 ἁμαρτημάτων·
1548 2387 1606 2452 φι·

348 2467 496 2556 λοσσφίρ
519 2467 555 2532 ἀὲ
585 2475 761 2554 προσέχων
789 2491 842 2546 τις
868 2471 926 2531 καί
952 2469 1128 2549 μετασχὼν
1158 2470 1279 2530 τούτου
1308 2474 1371 2529 τοῦ
1395 2468 1603 2554 μαθήματος
1624 2463 1655 2514 ²³

348 2573 406 2634 ούκ
420 2573 461 2634 ἅν
478 2590 562 2634 ποτε
575 2572 747 2656 ἀποσταίη
761 2578 827 2633 τῶν
839 2568 1034 2653 βελτίστων,
1051 2566 1128 2632 ούάὲ
1141 2571 1271 2631 τούτων
1283 2567 1455 2655 ἀμελήσας
1467 2571 1606 2652 αίσχρύν

347 2695 382 2736 τι
402 2675 459 2736 καί
482 2670 612 2759 φαῦλον
635 2665 811 2758 προέλοιτἱ
837 2675 877 2735 ἀν
901 2674 1064 2756 πράττειν
1087 2669 1164 2735 σύάὲ
1191 2674 1304 2755 ἀργεῖν
1326 2674 1383 2735 καί
1412 2674 1606 2757 ὀψοφαγεῖν

347 2779 404 2839 καί
424 2776 674 2858 μεθύσκεσθαι.
718 2777 757 2838 τὸ
779 2777 842 2860 γάρ
865 2783 971 2838 ταῦτα
995 2767 1063 2861 [μή]
1092 2770 1282 2855 θαυμάζειν
1312 2777 1369 2838 καί
1395 2778 1454 2861 τήν
1478 2777 1606 2837 τούτων

349 2880 541 2960 ἐπιθυμίαν
562 2876 696 2962 ἐξαιρεῖ
711 2887 771 2965 τής
793 2886 902 2964 ψυχῆς
923 2879 980 2940 καί
1000 2878 1196 2940 τούναντίον
1221 2878 1270 2953 είς
1294 2883 1396 2957 μῖσος
1419 2878 1528 2939 αὐτῶν
1550 2879 1607 2939 καί

348 2984 557 3065 κατάγνωσιν
581 2984 724 3064 προάγει
743 2974 947 3067 [φιλοσοφία
970 2973 1064 3063 έστί].
1102 2982 1141 3041 τύ
1166 2975 1204 3042 δέ
1217 2999 1253 3062 γε
1271 2989 1381 3066 φήσαι
1397 2977 1602 3066 φιλοσοφεῖν
1625 2975 1656 3025 ‘25

349 3086 406 3147 καί
427 3079 695 3161 ἀλαζονεύεσθαι
717 3085 774 3146 καὶ
796 3085 896 3146 αὑτὸν
919 3079 1135 3168 ἐξαπατήσαι
1164 3083 1221 3144 καί
1250 3083 1329 3158 τούς
1357 3078 1480 3158 ἀλλους
1507 3079 1604 3145 ούύίν

350 3184 434 3261 ἴσως
454 3183 585 3249 κωλύει.

434 3335 514 3389 naz
532 3336 596 3387 εοίνε
612 3335 663 3402 τῆς
679 3331 741 3387 add.
762 3331 808 3387 UB
895 3325 984 3390 αὐτοῦ
1001 3331 1071 3397 libri,
1089 3346 1161 3386 corr.
1179 3331 1258 3401 Emp.
1340 3331 1465 3404 τύχηςΰ
1534 3327 1603 3391 άλα-

347 3419 448 3487 ζονίνα
465 3417 494 3470 Μ
513 3409 669 3485 ἀλαζονεία
688 3417 737 3472 UB
790 3409 887 3489 ἀπάτη
903 3419 952 3474 καί
969 3415 1060 3488 τρυφὴ
1080 3415 1129 3472 ΠΒ
1199 3409 1360 3476 λεύτίλεια
1378 3417 1408 3476 ἀὲ
1423 3421 1474 3474 καί
1490 3437 1606 3492 σωφρο-

346 3499 415 3576 σύνη
427 3502 475 3559 ΒΒ
486 3495 599 3576 εάήτεια
611 3503 641 3559 ab
649 3505 698 3559 καί
710 3498 884 3575 σωφροσύνη
895 3506 971 3570 (mrg.
985 3495 1121 3569 εὐτέλεια)
1132 3502 1155 3557 P
1207 3505 1223 3557 3
1238 3505 1419 3569 κατακλίσεις
1430 3502 1505 3559 ΒΒΗ
1517 3524 1605 3561 κατα·

346 3588 506 3655 κλείσειςΡ
576 3588 707 3644 ικαίτοι
724 3587 816 3657 μὲνΡ
903 3582 991 3644 οτὸν
1007 3586 1115 3653 seclusi,
1134 3591 1245 3643 secutus
1262 3589 1419 3660 Emporium
1487 3594 1604 3660 φιλοσο-

346 3675 419 3746 φίαν
436 3674 465 3728 Μ
552 3668 660 3730 ’ίάντα
677 3672 770 3728 om.U
840 3667 893 3744 οὐχ
909 3671 1003 3728 addidi
1019 3676 1132 3742 propter
1153 3667 1226 3730 ἀλλά
1244 3673 1297 3728 1.9
1383 3670 1606 3746 δέπαγγέληται

348 3759 394 3814 ΒΒ
412 3757 486 3827 (quid
503 3758 559 3823 Μλ)
577 3751 783 3830 άπαγγείληκαι
801 3759 822 3812 P
918 3754 1057 3815 ἐναντίων
1073 3757 1096 3812 Ρ
1203 3762 1235 3811 10
1253 3753 1321 3823 τοὺς
1338 3753 1498 3829 τρυφεροὺς
1515 3760 1537 3813 Β

348 3848 378 3899 11
393 3837 446 3902 ούκ
457 3839 600 3901 άάύνατον
612 3839 654 3913 εἴη
666 3843 719 3897 ΒΜ
731 3843 769 3905 (in
780 3843 806 3899 U
818 3838 890 3900 είναι
902 3846 1010 3908 acon.)
1028 3835 1063 3900 οὖ
1080 3837 1203 3898 δυνατὸν
1215 3837 1306 3914 ἀνείη
1317 3841 1366 3895 ΡΗ
1418 3835 1452 3897 τά
1465 3856 1517 3896 om.
1532 3844 1554 3897 Β

350 3931 382 3983 12
399 3924 554 4001 ἀναγκάζει
572 3927 684 3996 Reme,
702 3921 813 4000 ἀνάγκη
830 3929 853 3982 Β
870 3919 1029 3999 ἀναγκάσει
1048 3927 1131 3982 ceteri
1201 3920 1246 3984 άεί
1263 3926 1326 3980 add.
1344 3925 1424 3994 Eup.
1493 3918 1607 3997 αύτῆΒ

347 4009 420 4084 αὐτῇ
437 4017 521 4069 caten
591 4017 623 4068 1³
640 4008 659 4085 ἢ
675 4013 761 4086 μηδὲν
778 4013 835 4082 UB,
852 4012 881 4066 in
899 4012 929 4065 Μ
946 4015 995 4068 καὶ
1012 4026 1030 4066 ι
1048 4026 1116 4066 corr.
1187 4015 1218 4064 ¹5
1236 4013 1278 4085 τῷ
1294 4009 1365 4078 libri,
1382 4024 1451 4064 ιοιτ.
1472 4008 1553 4065 Dlnd.

351 4093 665 4172 ῐθήπράγματαΜΒ
754 4093 939 4168 ΠῆοιιιΜ
1028 4085 1355 4169 18γάἀριογάρΜ
1451 4099 1480 4149 21
1502 4093 1608 4156 τούτου

349 4188 408 4241 των
424 4182 454 4237 Μ
523 4187 556 4238 22
574 4185 728 4255 προείλετο
746 4182 797 4238 ΠΒ
816 4183 973 4256 προείλετο
993 4181 1030 4244 Μ,
1048 4175 1086 4238 άν
1104 4196 1155 4236 σου
1175 4181 1255 4238 ΠΒΜ
1311 4177 1448 4255 άλγεῖνΡ
1518 4186 1550 4237 23
1567 4181 1606 4254 μή

349 4284 400 4325 om.
419 4268 457 4334 Μ,
476 4268 528 4324 del.
548 4268 621 4332 wi1.‚
640 4267 678 4340 μή
696 4272 786 4325 ταῦτα
805 4267 867 4332 (hoc
885 4267 954 4333 ord.)
971 4267 1021 4323 ΠΒ
1125 4269 1158 4321 24
1175 4263 1285 4336 ἐξαιρεῖ
1300 4268 1375 4338 Wil.‚
1392 4264 1514 4340 ἐξαιρεῖν
1531 4266 1606 4323 UPH

347 4353 469 4425 ἐξαίρειν
487 4352 540 4407 ΒΜ
609 4357 641 4407 25
659 4348 783 4425 προάγει
800 4352 830 4407 Μ
847 4350 989 4424 προάγειν
1004 4351 1104 4408 UBPH
1179 4354 1338 4424 φιλοσοφία
1356 4351 1435 4410 ἐστίν
1452 4368 1504 4409 om.
1523 4351 1561 4421 Μ,
1578 4353 1606 4407 iu

350 4437 529 4506 nauperscr.
546 4451 564 4491 ι
581 4454 617 4492 m.
642 4437 705 4504 div„
728 4437 792 4492 secl.
810 4437 875 4506 wil.
963 4441 1134 4508 φιλοσοφεῖν
1157 4451 1209 4493 om.
1228 4437 1306 4494 UBM
1402 4440 1434 4491 26
1453 4429 1606 4507 ἀλαζονεύ-

349 4527 456 4578 οασθοιι
471 4520 492 4574 Ρ
562 4515 653 4580 αὐτὸν
670 4522 699 4576 Μ
717 4515 823 4580 ἑαυτὸν
839 4520 888 4575 ΗΡ
957 4519 1130 4594 ἐξηπάτησαι
1150 4522 1171 4577 Ρ

877 4647 1078 4656 ——-—-—
