3452 5264
611 361 749 422 ORATIO
766 361 919 420 xxxvln.
1347 361 1387 423 ³1

131 535 279 624 μεγάλην
308 539 398 603 εἶναι
425 533 551 618 νομίζω
574 539 633 624 τήν
657 533 801 620 δωρεάν·
830 535 899 600 είτε
921 537 984 621 γάρ
1006 538 1266 623 πεισθήσεσθε,
1293 535 1389 617 άξιάν

133 644 226 705 ίστιν
249 643 392 704 ἀκούσαι
413 648 475 704 τοῦ
495 641 536 703 τά
561 637 714 726 λυσιτελῆ
733 637 903 722 λεγοντος·
933 637 1001 703 εἴτε
1023 631 1083 725 ἐφ’
1107 641 1187 721 ύμῖν
1208 641 1389 704 ἀπόκειται

133 746 171 806 τὸ
196 744 402 830 πεισθῆναι,
431 745 466 806 τί
486 750 586 806 τοῦτο
610 739 772 805 δύσκολόν
794 744 903 818 ἐστιν,
933 739 1030 826 ἀνδρί
1054 739 1142 828 φίλῳ
1168 739 1266 826 λόγου
1288 764 1388 824 μεια-

9 893 10 896 .
134 843 252 909 δοῦναι
273 843 465 928 βουλομένῳ
488 847 598 930 μάτην
621 846 741 908 εἰπεῖν.

99 959 114 1006 ι
220 949 278 1010 καί
298 949 333 1010 τί
356 944 394 1033 δή
418 949 518 1009 τοῦτό
540 949 643 1023 ὁστιν,
665 947 751 1030 ύπὲρ
775 943 818 1012 σύ
836 943 948 1027 μέλλω
969 947 1032 1026 μὲν
1048 941 1296 1026 συμβουλεύειν,
1316 947 1389 1008 ὁνσ-

133 1051 244 1128 μάσαι
274 1047 309 1111 δί
340 1041 423 1111 αύτὸ
453 1051 556 1125 ὁκνῶ,·
584 1050 623 1111 τὸ
652 1051 714 1128 μίν
742 1050 848 1128 ὁνομα
872 1036 931 1110 οὐκ
953 1044 1073 1132 ἀηδές,
1095 1046 1122 1109 ὦ
1146 1044 1266 1132 ἀνδρες
1288 1050 1390 1110 Νικο-

9 1162 120 1214 1821311)
133 1146 262 1236 μηδεῖς,
286 1151 362 1214 οὸτε
385 1153 420 1214 ἐν
442 1157 518 1226 ταῖς
541 1151 667 1226 οἰκίαις
689 1151 765 1214 οὸτε
780 1153 816 1214 ίν
831 1155 906 1226 ταῖς
929 1151 1137 1232 συγγενείαις
1158 1151 1235 1212 ούτε
1256 1151 1292 1212 ἐν
1314 1155 1390 1225 ταῖς

135 1250 270 1339 φιλίαις
285 1254 362 1316 ούτε
376 1255 412 1316 δν
426 1259 503 1328 ταῖς
518 1251 660 1316 πόλεσιν
684 1253 760 1316 ούτε
775 1255 811 1316 ἐν
833 1258 907 1328 τοῖς
928 1253 1077 1315 ἔθνεσιν.
1121 1253 1206 1336 ύπὸρ
1229 1252 1292 1337 γὰρ
1309 1253 1387 1332 ὁμο·
1411 1255 1430 1316 6

134 1356 230 1430 νοίας
257 1357 343 1440 ὁρῶν
371 1358 528 1440 ίρχομαι,
557 1353 663 1418 καλοῦ
682 1357 743 1435 μίν
766 1349 951 1435 ὀνόματος,
979 1351 1085 1416 καλοῦ
1115 1351 1152 1417 δὲ
1182 1357 1391 1439 πράγματος,

9 1469 72 1522 σει)
90 1467 118 1518 10
140 1459 181 1520 ἂν
205 1449 238 1520 δ’
263 1449 369 1533 εὐθύς
385 1459 532 1541 προσθῶ
549 1460 629 1541 περί
643 1466 704 1544 τῆς
719 1460 808 1541 πρὸς
822 1458 916 1532 τίνας
932 1458 1103 1538 ὁμονοίας,
1125 1463 1226 1520 τοῦτο
1245 1454 1392 1535 δέδοικα,

132 1562 176 1645 μή
200 1562 260 1646 τήν
281 1563 343 1640 μὲν
365 1562 527 1640 ὁμόνοιαν
549 1552 654 1647 αὐτήν
682 1551 743 1646 ἀφ’
776 1564 897 1646 ἑαυτῆς
924 1556 1028 1645 καλήν
1057 1557 1147 1622 εἶναι
1175 1561 1391 1644 πιστεύσητε,

134 1663 171 1723 τὸ
195 1658 232 1724 δὲ
255 1665 343 1748 πρὸς
364 1666 506 1738 τούτους
529 1664 685 1742 ὁμονοεῖν
707 1664 786 1738 τούς
809 1662 1027 1746 ἀνθρώπους,
1052 1660 1105 1737 οίς
1121 1662 1278 1741 ὁμονοεῖν
1301 1683 1392 1749 φημι

135 1761 204 1827 δεῖν
225 1765 323 1844 ύμᾶς,
345 1762 512 1828 ἀδύνατον
534 1764 623 1828 εἶναι
645 1767 815 1850 νομίσητε.
853 1771 953 1826 τούτο
969 1766 1031 1849 γάρ
1055 1766 1159 1842 ὁστιν,
1183 1764 1318 1849 δμίχρι
1333 1771 1391 1828 νύν

134 1868 184 1942 είς
205 1869 265 1952 τήν
287 1868 415 1951 ἔχθραν
435 1869 644 1953 καθίστησιν
666 1869 753 1948 ὑμᾶς
781 1869 842 1953 τήν
870 1868 958 1950 πρὸς
987 1863 1153 1953 ἀλλήλους
1181 1867 1238 1929 καί
1268 1855 1327 1928 οὐκ
1348 1863 1388 1950 ίᾷ

87 1977 115 2028 1⁵
136 1970 300 2052 γενέσθαι
321 1965 381 2054 τὴν
404 1968 541 2056 φιλίαν,
564 1973 602 2032 τὸ
625 1970 822 2034 πεπεῖσθαι
845 1965 921 2048 ὁίχα
946 1965 1044 2050 λὸγου
1067 1963 1112 2053 μὴ
1137 1962 1280 2052 δυνατήν
1302 1965 1390 2030 εἶναι

135 2077 211 2146 ταῖς
233 2067 358 2134 πόλεσι
384 2067 444 2156 τήν
473 2073 644 2152 ὁμόνοιαν.
694 2067 740 2156 μή
770 2072 987 2157 θορυβήσητε
1018 2067 1053 2132 δὲ
1077 2071 1250 2152 ἀρχομένῳ
1275 2067 1389 2146 πάλιν,

135 2165 211 2233 ἀλλ’
236 2174 450 2254 ὑπομείνατε.
498 2175 585 2259 φημί
608 2170 678 2236 δεῖν
699 2175 796 2253 ύμᾶς,
819 2169 939 2256 ἀνδρες
962 2168 1179 2256 Νικομηδεῖς,
1201 2170 1388 2253 ὁμονοῆσαι
1411 2175 1430 2236 7

136 2275 223 2357 πρὸς
245 2277 402 2350 Νικαεῖς·
432 2276 597 2338 ἀκούσατε
621 2273 657 2338 δὲ
679 2270 802 2359 καὶμὴ
822 2270 1035 2359 χαλεπήνητε
1056 2269 1217 2358 μηδέπω,
1248 2272 1328 2353 πρίν
1349 2272 1391 2333 ἀν

136 2374 224 2440 είπω
247 2379 309 2454 τάς
331 2379 453 2453 αίτίας.
506 2370 583 2440 οὐδὲ
613 2378 675 2463 γὰρ
698 2378 718 2439 ὁ
740 2384 849 2440 νοσῶν
878 2378 966 2461 πρὸς
996 2378 1055 2438 τὸν
1077 2376 1193 2459 ίατρὸν
1224 2367 1392 2457 ὀργίζεται

88 2489 120 2542 20
141 2476 365 2543 διατάττοντα
379 2475 440 2566 τήν
454 2481 657 2565 θεραπείαν,
674 2471 751 2541 ἀλλ’
770 2480 886 2542 ἀκούει
899 2481 961 2559 μίν
976 2475 1090 2564 ἀηδῶς
1106 2469 1212 2540 αὐτοῦ
1226 2473 1391 2558 λέγοντος,

134 2585 186 2645 ὁτι
216 2571 318 2645 αύτὸν
344 2584 401 2644 καί
429 2583 604 2669 τμηθῆναι
633 2579 690 2646 δεῖ
711 2583 768 2645 καί
801 2581 988 2666 καυθῆναι,
1018 2581 1185 2644 πείθεται
1212 2575 1249 2642 δὲ
1279 2580 1389 2658 ὁμως·

135 2685 215 2768 περί
235 2685 298 2768 γάρ
316 2687 485 2769 σωτηρίας
501 2681 687 2760 ὁκίνὸυνὸς
701 2686 785 2748 ἐστι.
824 2684 939 2746 καίτοι
959 2683 995 2745 τί
1011 2689 1111 2744 τούτο
1127 2680 1246 2756 εἴποις
1266 2681 1305 2742 τὸ
1326 2681 1390 2765 γάρ

134 2787 215 2865 ίμὸν
239 2789 426 2873 φάρμακον,
449 2787 469 2848 δ
485 2791 673 2872 προσφέρω
689 2790 765 2862 ταῖς
780 2783 933 2863 πόλεσιν,
954 2777 1096 2869 ήδιστδν
1112 2785 1185 2847 ἐστι
1203 2784 1390 2869 φαρμάκων

133 2889 190 2950 καί
207 2889 312 2971 χωρίς
335 2887 377 2951 σύ
396 2884 452 2974 ζῆν
472 2882 581 2965 οὐδείς
596 2889 637 2952 ἂν
652 2885 848 2974 ἐθελήσειεν
863 2887 901 2950 εδ
917 2893 1062 2972 φρονῶν.
1168 2882 1336 2968 βούλομαι
1352 2881 1388 2947 δὲ
1411 2887 1431 2950 8

9 2968 71 3068 ῗηῃ
85 2999 117 3050 2⁵
141 2986 263 3054 διελεῖν
284 2994 344 3054 τὸν
367 2989 467 3074 λύγον
487 2993 545 3055 καί
565 2994 605 3053 τὸ
628 2999 765 3075 πρῶτον
788 2992 873 3074 ὑπὲρ
898 2981 1001 3076 αὐτῆς
1015 2991 1127 3052 είπεῖν
1148 2997 1208 3074 τῆς
1230 2989 1391 3068 ὁμονοίας

136 3100 196 3178 τῆς
216 3090 387 3173 καθόλου,
410 3091 572 3158 ποδαπόν
594 3099 631 3157 τί
652 3096 727 3158 ἐστι
747 3095 804 3156 καί
825 3094 926 3156 τίνων
948 3090 1069 3169 αἴτιον,
1092 3087 1129 3168 ἐξ
1154 3091 1309 3166 ἐναντίας
1330 3085 1391 3176 τήν

138 3197 258 3258 στάσιν
278 3198 336 3259 καί
356 3193 416 3282 τήν
438 3197 566 3282 ἔχθραν
589 3194 762 3281 διακρίνας
777 3197 865 3280 πρὸς
880 3190 939 3280 τήν
956 3190 1091 3280 φιλίαν·
1115 3191 1189 3255 εἶτα
1205 3193 1314 3271 (ἔσται
1328 3192 1390 3277 γάρ

138 3294 328 3361 ἀκόλουθον
351 3292 413 3383 [τὸ]
436 3307 495 3385 τῆς
518 3299 679 3380 ὁμονοίας
694 3294 963 3383 ἀποδειχθείσης
977 3293 1152 3383 ὠφελίμου
1168 3300 1241 3371 τοῖς
1256 3295 1392 3379 ἀνθρώ·

140 3419 222 3476 ποις
245 3402 386 3477 ἅπασιν)
409 3398 593 3480 ἀποδεῖξαι
614 3403 737 3486 ταύτην
759 3396 819 3486 τήν
843 3393 1006 3482 ὁμόνοιαν
1027 3407 1094 3462 τῶν
1113 3396 1248 3463 πόλεων
1262 3399 1392 3460 τούτων

88 3509 119 3561 ³⁰
140 3505 197 3566 καί
211 3505 477 3591 ἀναγκαιοτάτην
493 3505 597 3567 ούσαν
607 3505 686 3584 ὑμῖν
696 3505 752 3565 καί
764 3500 1050 3587 λυσιτελεστάτην.
1080 3492 1139 3564 οὐκ
1151 3501 1393 3587 ἀποστήσομαι

140 3601 176 3667 δὲ
193 3607 304 3670 εἰπεῖν
320 3596 393 3670 οὐδ’
412 3610 507 3683 ὁπως
523 3607 564 3670 ἀν
578 3611 692 3687 μεῖναι
707 3609 865 3690 γενομένη
883 3602 1035 3667 δύναιτο·
1057 3607 1114 3667 καί
1128 3605 1190 3686 γάρ
1206 3610 1305 3665 τοῦτο
1323 3603 1391 3685 ὁρῶ

227 3843 508 3925 1πεισθὴσεσθαιΤ
577 3845 665 3924 λεῖφ’
682 3845 789 3922 ύμῖνΒ
845 3846 914 3909 θτδ
932 3851 985 3907 fuit
1002 3851 1086 3926 τῷλ]
1138 3848 1342 3908 πεισθεῖναιῐ]

141 3941 237 4008 θροεῖ
254 3931 325 3996 αι’τὸ
343 3939 424 3994 τοῖσι
441 3937 548 3995 littam
563 3937 661 3994 νεκύ
727 3943 822 4004 ’ίτοτς
838 3935 944 4005 οἰκίαις
961 3937 984 3992 U
1002 3953 1036 3992 m.
1055 3952 1097 4006 pr.
1168 3939 1198 3990 ¹1
1218 3926 1274 4007 ἀφ’
1292 3931 1395 4007 ίαντῆς

139 4023 210 4092 libri,
228 4039 297 4080 τοτε.
316 4023 443 4080 Βεὶιίιῖαι
512 4018 680 4096 πιστεύσητε
698 4038 751 4079 om.
772 4021 820 4079 U'I'
892 4025 922 4078 12
941 4016 1009 4090 τοὺς
1025 4014 1245 4095 ἀνθρώπους·
1258 4013 1395 4088 ὁμονοεῖν

140 4123 193 4165 on.
211 4109 241 4164 n
311 4103 478 4181 δμοφωνεῖν
494 4109 579 4166 altero
596 4108 700 4165 Ιοοοΰ
773 4113 803 4163 II
823 4111 878 4165 τινί
894 4123 946 4178 pro
963 4102 1015 4180 τὴν
1031 4107 1062 4162 Μ
1115 4111 1147 4161 15
1166 4109 1207 4182 τῷ
1223 4120 1275 4175 pro
1292 4099 1328 4161 τὸ
1345 4101 1395 4159 BU

140 4209 173 4249 m.
191 4209 233 4264 pr.
300 4197 350 4252 καί
366 4190 404 4266 μή
423 4193 471 4249 UT
546 4197 577 4248 16
596 4185 766 4267 ἀρχομένων
784 4193 807 4248 Β
825 4190 972 4269 ἐρχομένῳ
990 4191 1038 4248 U'I'
1093 4197 1122 4247 17
1142 4193 1295 4260 νικομιὸεῑς
1313 4189 1344 4244 Μ

144 4283 174 4336 18
191 4275 352 4339 τάκούαατε
369 4282 431 4346 (σοι.
450 4278 489 4346 ἀὲ)
507 4279 537 4334 II
623 4283 656 4334 2³
674 4273 838 4353 φαρμάκων
857 4279 1019 4336 Ηεττετὸεα
1035 4277 1115 4345 (idom
1132 4277 1191 4346 Ιριε
1208 4275 1394 4340 conionum),

141 4362 297 4440 φάρμακον
313 4365 376 4421 IIbrI
444 4368 478 4420 24
497 4359 531 4422 ού
548 4365 578 4420 Μ
596 4353 630 4422 οὗ
649 4356 683 4423 ου’
700 4363 749 4421 U'I'
818 4368 852 4419 26
868 4358 1046 4423 παταπὸνΤ
1115 4357 1172 4420 εἴτε
1190 4362 1220 4418 II
1282 4363 1313 4415 27
1333 4353 1395 4418 εἶτα

142 4452 196 4506 huc
211 4451 382 4521 trmponui,
399 4451 480 4520 vulgo
503 4455 567 4522 post
584 4445 678 4508 αἴτιον
694 4448 713 4506 l.
732 4453 765 4505 26
782 4449 880 4518 legitur
977 4452 1010 4505 28
1028 4443 1064 4506 τὸ
1082 4447 1225 4505 delendum
1242 4451 1291 4503 τοι
1307 4450 1395 4505 τοῦτο

141 4536 312 4592 scribendum
399 4540 429 4592 ³1
450 4535 541 4594 εἰπεῖν
557 4549 609 4591 om.
628 4533 678 4590 UT
762 4525 827 4592 οὐδ’
843 4531 875 4591 εί
887 4553 949 4601 πως
965 4533 1035 4603 Iibrl,
1054 4549 1123 4591 εοπ.
1141 4532 1285 4605 Emporias
