3466 5268
631 354 769 414 ORATIO
787 356 860 414 XLI.
1341 367 1382 428 59

15 525 257 614 (ιωσιδωρεάν
279 533 407 609 μετέχω
430 537 490 615 τῆς
513 527 656 607 πόλεως.
712 523 787 595 ἀλλ’
819 536 896 596 ὅσοι
922 538 983 614 μὲν
1007 525 1103 600 αὐτοί
1127 537 1268 604 πολῖται
1290 546 1382 625 γεγό-

124 647 225 708 νασι,
248 633 383 706 τούτοις
404 634 508 712 μόνον
529 633 674 717 ὑπάρχει
698 631 951 719 φιλάνθρωπον
973 641 1011 701 τό
1035 647 1094 726 τῆς
1117 638 1259 725 δωρεάς,
1282 647 1321 706 τδ
1346 641 1381 707 δέ

123 741 187 818 τῆς
210 735 344 819 φύσεως
360 735 540 815 ἀναγκαῖον
558 737 596 796 ού
613 738 807 820 πρόσεστιν.
845 740 922 818 ἐμοὶ
938 735 974 801 δέ
990 742 1193 826 ἀμφοτέρων
1208 750 1381 824 μέτεστιν·

124 837 144 898 ό
166 837 314 920 μὲνγὰρ
344 839 491 912 πάππος
521 839 540 899 ό
567 839 648 918 έμδς
676 841 760 920 μετά
790 848 849 926 τῆς
870 846 998 927 μητρός
1020 851 1079 930 τῆς
1101 847 1183 931 έμῆς
1205 848 1300 933 παρά
1322 857 1383 911 τοῦ
1404 852 1424 916 6

89 951 104 998 5
126 941 206 1000 τότε
229 940 475 1024 αὐτοκράτορος
497 937 600 1026 φίλου
623 943 721 1017 όντος
749 945 819 1023 ἅμα
848 952 908 1030 τής
926 933 1098 1026 Ῥωμαίων
1128 945 1306 1026 πολιτείας
1326 954 1383 1014 καί

123 1047 186 1125 τῆς
215 1041 376 1125 ὑμετέρας
405 1042 533 1121 έτυχεν,
565 1044 583 1104 δ
606 1040 642 1105 δέ
671 1047 784 1130 πατήρ
814 1038 899 1128 παρ’
931 1049 1039 1127 ὑμῶν·
1070 1051 1156 1113 ὥστε
1186 1053 1243 1114 καὶ
1268 1053 1383 1136 χάριτι

123 1142 182 1203 καί
203 1147 292 1224 γένει
314 1140 458 1229 πολίτης
479 1142 639 1228 ὑμέτερός
661 1147 741 1226 είμι.
787 1149 825 1208 τδ
848 1148 911 1232 γάρ
935 1150 1102 1235 ἀπωτέρω
1120 1148 1214 1215 δυοῖν
1228 1153 1382 1234 βαθμοῖν

125 1238 236 1328 ζητεῖν
258 1246 297 1307 τὸ
319 1251 414 1329 γένος
437 1244 593 1328 οὐδαμῶς
614 1249 772 1324 ἐπιεικές.
812 1247 998 1335 οὐδείςγάρ
1023 1254 1109 1315 οὑτω
1133 1257 1172 1316 τό
1194 1274 1230 1336 γε
1253 1251 1383 1339 ἀληθὲς

123 1344 162 1424 ἐξ
185 1345 342 1427 οὐδεμιᾶς
364 1349 587 1434 εὑρεθήσεται
617 1347 759 1426 πόλεως.
811 1354 867 1415 καὶ
893 1355 958 1440 μήν
986 1361 1053 1416 τῶν
1075 1373 1112 1437 γε
1141 1357 1231 1436 ἐμῶν
1259 1363 1382 1420 τέκνων

77 1461 106 1512 10
128 1447 189 1534 ἥδε
215 1452 340 1534 πατρίς
369 1453 444 1513 ἐστι
470 1448 605 1531 μᾶλλον.
663 1455 702 1516 τὸ
730 1456 791 1534 μέν
821 1455 879 1517 οὑν
908 1459 1089 1538 ἀναγκαῖον
1120 1456 1383 1524 συνακολουθεῖν

13 1552 171 1618 mmcd
195 1555 291 1614 τέκνα
315 1549 362 1633 τῷ
387 1554 508 1637 πατρί·
543 1550 631 1615 πολύ
656 1550 691 1617 δέ
714 1551 811 1640 ήδιον
833 1559 892 1619 τόν
915 1563 1047 1642 πατέρα
1069 1565 1143 1636 τοῖς
1165 1563 1268 1626 παισί
1291 1567 1383 1626 συνέ-

125 1654 271 1716 πεσθαι.

214 1753 270 1818 διά
297 1757 360 1836 μὲν
383 1753 421 1842 δή
452 1764 556 1819 ταῦτα
579 1757 694 1833 εύνους
716 1761 763 1821 ὢν
785 1762 863 1839 ὑμῖν
890 1764 1039 1843 τυγχάνω
1061 1766 1117 1827 καῖ
1140 1763 1283 1829 πολίτου
1308 1765 1379 1830 διά·
1404 1772 1422 1834 7

126 1858 230 1921 θεσιν
259 1858 340 1938 ίχω·
369 1861 426 1921 καί
453 1867 608 1945 φανερῶς
639 1857 674 1923 δέ
705 1858 869 1948 ἐδήλωσα.
922 1872 982 1950 τῆς
1009 1865 1071 1949 γάρ
1101 1864 1294 1952 φιλονικίας
1316 1870 1382 1930 ένε-

79 1972 108 2024 15
131 1963 265 2046 στώσης
282 1966 358 2037 ταῖς
373 1958 505 2038 πόλεσι,
528 1965 584 2025 καί
599 1971 658 2050 τῆς
682 1961 847 2048 πατρίδος
871 1963 1006 2051 σφόδρα
1024 1970 1085 2047 μὲν
1101 1966 1302 2055 αίδουμένης
1325 1972 1383 2049 ἐμὲ

127 2066 252 2127 ἀκοντα
274 2062 462 2150 ἐνοχλῆσαι,
487 2062 621 2152 σφόδρα
646 2063 681 2128 δὲ
705 2068 946 2153 ἐπιθυμούσης
968 2066 1148 2150 ἀναλαβεῖν
1171 2073 1210 2132 τό
1234 2078 1383 2153 πρᾶγμα,

128 2163 294 2242 πολλάκις
314 2165 363 2249 τηλ
378 2174 477 2248 τιμάν
494 2165 768 2253 προκαλουμένης
785 2160 843 2247 οὐχ
859 2171 1035 2254 ὑπήκουσα
1052 2173 1140 2254 πρός
1155 2177 1254 2232 τούτο
1269 2174 1383 2250 μόνον,

128 2264 226 2330 οὐδέν
254 2269 294 2330 ἀν
317 2270 460 2354 ὀκνήσας
481 2270 610 2355 ἐκείνης
632 2273 739 2333 ἐνεκεν
762 2279 926 2356 ποιῆσαι,
955 2269 1099 2357 μηδενός
1123 2269 1264 2336 έλαττον
1286 2274 1384 2352 τυχόν

129 2367 260 2454 πρᾶξαι
282 2368 474 2451 δυνάμενος,
496 2374 553 2434 καί
577 2369 686 2458 φίλων
709 2393 770 2454 μοι
793 2375 898 2436 όντων
922 2375 998 2436 ούτε
1021 2372 1142 2457 ὀλίγων
1166 2376 1242 2438 οὐτε
1264 2372 1385 2438 άδυνά·

83 2479 113 2530 2ο
134 2493 212 2549 των,
238 2473 291 2534 ἵνα
306 2471 409 2559 μηδὲν
432 2475 629 2560 ἐπίφθονον
653 2474 741 2538 εἴπω
763 2473 848 2561 μηδὲ
871 2473 1051 2562 δλυπήσει
1066 2481 1170 2555 τινάς,
1193 2480 1244 2540 ἐτι
1268 2475 1304 2540 δέ
1328 2479 1386 2540 οὑκ

132 2576 237 2637 ὀκνῶν
264 2578 323 2662 τήν
345 2573 439 2654 όδόν,
471 2578 574 2640 ὁπότε
604 2575 661 2641 δεῖ
683 2599 725 2658 με
752 2581 809 2641 καί
837 2575 948 2654 άλλως
977 2581 1127 2644 ἀπιέναι.
1172 2584 1301 2644 τούτων
1324 2580 1381 2644 οὑν
1405 2583 1424 2648 8

130 2678 349 2762 ὑπαρχόντων
371 2680 568 2764 ἀπεσχόμην
595 2687 658 2742 τού
678 2683 894 2765 πράγματος,
926 2684 983 2744 οὐκ
1012 2684 1159 2758 ἐκείνους
1187 2679 1383 2767 προδιδούς,

130 2771 206 2842 ἀλλ’
232 2778 432 2861 αίδούμενος
452 2783 539 2860 ὑμᾶς
560 2785 617 2846 καὶ
632 2778 776 2862 νομίζων
789 2786 1043 2867 χρησιμώτερος
1058 2785 1205 2848 ἔσεσθαι
1218 2787 1385 2861 κάκείνοις

127 2885 184 2947 καί
206 2884 301 2964 ὑμῖν,
331 2877 388 2945 ἐάν
417 2881 569 2964 δύνωμαι
599 2882 703 2970 φίλας
732 2893 878 2972 ποιήσαι
908 2886 969 2960 τάς
998 2883 1117 2961 πόλεις
1146 2894 1213 2950 τῶν
1241 2908 1277 2950 τε
1301 2890 1384 2971 πρό-

72 2995 101 3044 25
124 3005 222 3070 τερον
252 2980 448 3071 ζητημάτων
478 2983 678 3064 ἀπαλλάξας
706 2989 762 3050 καί
791 2990 830 3050 τδ
855 2985 977 3050 λοιπόν
1000 2990 1049 3063 είς
1072 2989 1205 3052 εὐνοιαν
1226 2990 1283 3052 καί
1306 2991 1384 3070 όμό-

126 3109 224 3151 νοιαν
261 3090 552 3172 προτρεψάμενος.
622 3098 722 3153 τοῦτο
759 3091 821 3174 γάρ
856 3091 1018 3154 ἀπάντων
1050 3089 1227 3172 βέλτιστόν
1261 3112 1297 3154 τε
1329 3094 1386 3154 καί

126 3193 268 3274 ἀριστον
292 3193 330 3253 οὐ
352 3193 456 3271 μόνον
479 3197 553 3268 τοῖς
577 3191 667 3268 ἴσοις
691 3195 778 3277 πρός
801 3190 974 3278 ἀλλήλους,
998 3190 1084 3255 ἀλλά
1105 3196 1162 3258 καῖ
1183 3199 1257 3270 τοῖς
1278 3195 1385 3278 κρείτ-

125 3310 205 3355 τοσι
234 3295 322 3378 πρδς
349 3296 429 3369 τούς
459 3292 734 3379 ὑποδεεστέρους.
784 3296 973 3375 ἐπίσταμαι
1000 3297 1062 3376 μὲν
1086 3297 1144 3359 οὑν
1167 3297 1214 3372 ὡς
1232 3293 1425 3376 χαλεπόνθ

125 3398 220 3458 ἐστιν
244 3396 441 3480 ἀνθρώπων
463 3393 587 3474 ἐξελεῖν
610 3398 690 3480 έριν,
713 3399 889 3460 καὶταῦτα
905 3400 941 3460 ἐν
957 3395 1092 3461 πλείονι
1110 3401 1219 3482 χρόνῳ
1236 3400 1385 3483 τεθραμ-

79 3505 108 3555 εο
128 3504 243 3582 μένην,
268 3499 383 3582 ὥσπερ
407 3503 538 3584 νόσημα
561 3501 596 3562 ἐκ
619 3496 751 3562 πολλοῦ
765 3502 984 3585 συμπεφυκὸς
999 3501 1037 3561 ού
1054 3496 1174 3584 ῥᾴδιον
1190 3497 1386 3577 ἀπαλλάξαι

13 3593 193 3699 Βήωήήήήτοῦ
215 3604 383 3682 σώματος,
407 3599 518 3678 άλλως
540 3623 576 3664 τε
599 3601 634 3665 εἴ
651 3623 704 3677 τις
726 3597 846 3663 ἐθέλοι
869 3597 1048 3677 ἀνωδύνως
1064 3602 1197 3664 ἰᾶσθαι.
1235 3605 1326 3682 όμως
1349 3598 1384 3664 δέ

127 3705 281 3768 πιστεύω
305 3701 353 3787 τῷ
376 3712 436 3790 τῆς
459 3701 593 3780 πόλεως
615 3704 712 3790 ήθει,
743 3697 949 3782 νομίζωνού
975 3701 1115 3788 σκληρόν
1139 3701 1216 3766 οὐδὲ
1239 3705 1383 3783 ἀμαθές,

126 3803 214 3868 ἀλλά
244 3803 294 3888 τῷ
316 3807 387 3868 όντι
410 3809 546 3892 γνήσιον
569 3809 704 3870 ἐκείνων
727 3811 794 3868 τῶν
819 3801 951 3888 ἀνδρῶν
972 3807 1028 3868 καί
1050 3813 1110 3890 τῆς
1131 3805 1300 3889 μακαρίας
1323 3809 1385 3868 πό-

216 4085 366 4147 1ἀλλάΰ
454 4091 619 4156 ὑποίιτῖας
636 4089 667 4146 Μ
753 4082 1008 4162 ’ίάτοπωτέρωΒ
1101 4095 1229 4164 βασμοῖν
1245 4087 1318 4145 UBT

131 4179 160 4229 10
180 4169 196 4246 ἢ
215 4174 245 4232 δὲ
262 4172 287 4230 U
377 4179 406 4229 Π
425 4169 460 4232 τὸ
479 4180 565 4244 τιμάν
582 4174 655 4230 UBT
741 4176 995 4249 προσκαλουμένης
1011 4174 1084 4231 UBT
1171 4169 1224 4233 οὐκ
1240 4165 1386 4246 ἐπήκουσα

127 4259 200 4325 libri,
218 4275 286 4317 corr.
306 4259 415 4316 Geeliuu
486 4265 516 4316 18
536 4253 641 4318 οὐδὲΒ
710 4255 831 4319 ένενεΤ
902 4265 933 4317 21
955 4263 1032 4320 ὀκνοῖ
1049 4260 1128 4318 BMU
1146 4276 1181 4316 αι.
1198 4274 1241 4331 pr.
1259 4262 1286 4326 (v
1303 4273 1388 4329 supra

128 4345 177 4400 lin.
196 4352 276 4411 corr.)
347 4339 437 4404 ὑπότ’
456 4341 511 4404 ἔδει
530 4345 648 4414 aeolius,
667 4337 736 4404 λίποι
754 4341 810 4404 ἔδει
827 4346 955 4404 Βείιίάυε
1015 4351 1047 4402 22
1065 4345 1179 4414 ένίνους
1195 4345 1221 4403 U
1238 4361 1274 4400 m.
1292 4359 1334 4416 pr.

130 4434 164 4485 21
181 4435 241 4488 ταῖν
259 4431 289 4490 δέ
305 4431 356 4489 UT
434 4432 587 4508 προτέρων
604 4432 678 4489 UBT
765 4437 797 4488 25
816 4433 985 4506 ζητημάτων
1001 4433 1064 4489 libri
1082 4429 1258 4506 ζηλωμάτων
1276 4431 1385 4488 θοεὺοε

130 4513 316 4591 ἐγκλημάτων
333 4517 413 4589 Emp.
484 4523 516 4574 29
535 4513 611 4590 ἔρειο
627 4517 658 4572 Μ
727 4523 757 4574 31
778 4521 859 4576 θέλοι
878 4519 926 4575 UT
