<?xml version="1.0" encoding="UTF-8"?>
<!DOCTYPE html PUBLIC "-//W3C//DTD XHTML 1.0 Transitional//EN"
    "http://www.w3.org/TR/xhtml1/DTD/xhtml1-transitional.dtd">
<html xmlns="http://www.w3.org/1999/xhtml" xml:lang="en" lang="en">
 <head>
  <title>
</title>
<meta http-equiv="Content-Type" content="text/html;charset=utf-8" />
  <meta name='ocr-system' content='tesseract 3.04.00' />
  <meta name='ocr-capabilities' content='ocr_page ocr_carea ocr_par ocr_line ocrx_word'/>
</head>
<body>
  <div class='ocr_page' id='page_1' title='image "./quaeexstantomni01diogoog_0478.png"; bbox 0 0 3454 5272; ppageno 0'>
   <div class='ocr_carea' id='block_1_1' title="bbox 519 377 1388 440">
    <p class='ocr_par' dir='ltr' id='par_1_1' title="bbox 519 377 1388 440">
     <span class='ocr_line' id='line_1_1' title="bbox 519 377 1388 440; baseline 0.005 -7"><span class='ocrx_word' id='word_1_1' title='bbox 519 377 741 434; x_wconf 79' lang='lat' dir='ltr'>THEODORUS</span> <span class='ocrx_word' id='word_1_2' title='bbox 759 377 987 435; x_wconf 72' lang='lat' dir='ltr'><strong>mmocflffl.</strong></span> <span class='ocrx_word' id='word_1_3' title='bbox 1326 379 1388 440; x_wconf 79' lang='lat'><strong><em>329</em></strong></span> 
     </span>
    </p>
   </div>
   <div class='ocr_carea' id='block_1_2' title="bbox 133 544 1390 739">
    <p class='ocr_par' dir='ltr' id='par_1_2' title="bbox 133 544 1390 739">
     <span class='ocr_line' id='line_1_2' title="bbox 218 544 1390 638; baseline 0.001 -23"><span class='ocrx_word' id='word_1_4' title='bbox 218 548 409 616; x_wconf 82' lang='lat' dir='ltr'>Theodorus</span> <span class='ocrx_word' id='word_1_5' title='bbox 431 549 607 616; x_wconf 75' lang='lat' dir='ltr'>Metoehita</span> <span class='ocrx_word' id='word_1_6' title='bbox 627 551 762 617; x_wconf 79' lang='lat' dir='ltr'>Miscell.</span> <span class='ocrx_word' id='word_1_7' title='bbox 785 571 818 636; x_wconf 93' lang='lat' dir='ltr'><strong><em>p.</em></strong></span> <span class='ocrx_word' id='word_1_8' title='bbox 839 555 892 614; x_wconf 82' lang='lat'><strong><em>141</em></strong></span> <span class='ocrx_word' id='word_1_9' title='bbox 905 554 1029 617; x_wconf 87' lang='grc'>-149.</span> <span class='ocrx_word' id='word_1_10' title='bbox 1072 555 1161 638; x_wconf 79' lang='grc' dir='ltr'><strong><em>Περὶ</em></strong></span> <span class='ocrx_word' id='word_1_11' title='bbox 1181 555 1332 632; x_wconf 85' lang='grc' dir='ltr'><strong><em>Δίωνος,</em></strong></span> <span class='ocrx_word' id='word_1_12' title='bbox 1363 544 1390 636; x_wconf 83' lang='grc' dir='ltr'><em>ᾦ</em></span> 
     </span>
     <span class='ocr_line' id='line_1_3' title="bbox 133 645 1390 739; baseline 0 -23"><span class='ocrx_word' id='word_1_13' title='bbox 133 655 275 738; x_wconf 85' lang='grc' dir='ltr'><strong><em>Προύσα</em></strong></span> <span class='ocrx_word' id='word_1_14' title='bbox 300 654 440 738; x_wconf 91' lang='grc' dir='ltr'><strong><em>πατρίς,</em></strong></span> <span class='ocrx_word' id='word_1_15' title='bbox 472 645 608 717; x_wconf 76' lang='grc' dir='ltr'><strong><em>πλεῖστ’</em></strong></span> <span class='ocrx_word' id='word_1_16' title='bbox 633 653 768 739; x_wconf 83' lang='grc' dir='ltr'><strong><em>εἴρηται</em></strong></span> <span class='ocrx_word' id='word_1_17' title='bbox 789 656 955 737; x_wconf 75' lang='grc' dir='ltr'><strong><em>Συνεσίηι,</em></strong></span> <span class='ocrx_word' id='word_1_18' title='bbox 983 657 1041 718; x_wconf 85' lang='grc' dir='ltr'><strong><em>καί</em></strong></span> <span class='ocrx_word' id='word_1_19' title='bbox 1069 653 1201 733; x_wconf 85' lang='grc' dir='ltr'><strong><em>ἴσασιν,</em></strong></span> <span class='ocrx_word' id='word_1_20' title='bbox 1232 657 1327 731; x_wconf 98' lang='grc' dir='ltr'><strong><em>ὅσοις</em></strong></span> <span class='ocrx_word' id='word_1_21' title='bbox 1348 656 1390 716; x_wconf 87' lang='grc' dir='ltr'><strong><em>τά</em></strong></span> 
     </span>
    </p>
   </div>
   <div class='ocr_carea' id='block_1_3' title="bbox 133 751 1392 843">
    <p class='ocr_par' dir='ltr' id='par_1_3' title="bbox 133 751 1392 843">
     <span class='ocr_line' id='line_1_4' title="bbox 133 751 1392 843; baseline 0.002 -25"><span class='ocrx_word' id='word_1_22' title='bbox 133 757 262 819; x_wconf 78' lang='grc' dir='ltr'><strong><em>ἐκείνου</em></strong></span> <span class='ocrx_word' id='word_1_23' title='bbox 285 759 423 831; x_wconf 88' lang='grc' dir='ltr'><strong><em>πάντως</em></strong></span> <span class='ocrx_word' id='word_1_24' title='bbox 447 751 691 833; x_wconf 80' lang='grc' dir='ltr'><strong><em>σπουδάζεται,</em></strong></span> <span class='ocrx_word' id='word_1_25' title='bbox 720 765 780 843; x_wconf 82' lang='grc' dir='ltr'><strong><em>τῆς</em></strong></span> <span class='ocrx_word' id='word_1_26' title='bbox 802 777 838 818; x_wconf 92' lang='grc' dir='ltr'><strong><em>τε</em></strong></span> <span class='ocrx_word' id='word_1_27' title='bbox 863 757 990 842; x_wconf 79' lang='grc' dir='ltr'><strong><em>σοφίας</em></strong></span> <span class='ocrx_word' id='word_1_28' title='bbox 1013 759 1118 820; x_wconf 85' lang='grc' dir='ltr'><strong><em>αύτού</em></strong></span> <span class='ocrx_word' id='word_1_29' title='bbox 1145 763 1227 838; x_wconf 87' lang='grc' dir='ltr'><strong><em>πέρι</em></strong></span> <span class='ocrx_word' id='word_1_30' title='bbox 1254 759 1392 843; x_wconf 81' lang='grc' dir='ltr'><strong><em>καὶτῆς</em></strong></span> 
     </span>
    </p>
   </div>
   <div class='ocr_carea' id='block_1_4' title="bbox 2 856 1436 1045">
    <p class='ocr_par' dir='ltr' id='par_1_4' title="bbox 2 856 1436 1045">
     <span class='ocr_line' id='line_1_5' title="bbox 2 856 1436 945; baseline 0.001 -25"><span class='ocrx_word' id='word_1_31' title='bbox 2 871 3 874; x_wconf 75' lang='grc'>’</span> <span class='ocrx_word' id='word_1_32' title='bbox 134 866 197 920; x_wconf 84' lang='grc' dir='ltr'><strong><em>τοῦ</em></strong></span> <span class='ocrx_word' id='word_1_33' title='bbox 216 859 294 940; x_wconf 80' lang='grc' dir='ltr'><strong><em>βίον</em></strong></span> <span class='ocrx_word' id='word_1_34' title='bbox 318 859 483 942; x_wconf 83' lang='grc' dir='ltr'><strong><em>αἱρέσεως</em></strong></span> <span class='ocrx_word' id='word_1_35' title='bbox 506 860 644 943; x_wconf 92' lang='grc' dir='ltr'><strong><em>πρώτης</em></strong></span> <span class='ocrx_word' id='word_1_36' title='bbox 672 879 709 921; x_wconf 89' lang='grc' dir='ltr'><strong><em>τε</em></strong></span> <span class='ocrx_word' id='word_1_37' title='bbox 736 856 974 943; x_wconf 79' lang='grc' dir='ltr'><strong><em>καὶδευτέρας</em></strong></span> <span class='ocrx_word' id='word_1_38' title='bbox 1000 862 1057 923; x_wconf 90' lang='grc' dir='ltr'><strong><em>καί</em></strong></span> <span class='ocrx_word' id='word_1_39' title='bbox 1085 862 1148 938; x_wconf 91' lang='grc' dir='ltr'><strong><em>ὅ,τι</em></strong></span> <span class='ocrx_word' id='word_1_40' title='bbox 1178 857 1305 945; x_wconf 83' lang='grc' dir='ltr'><strong><em>δήποτε</em></strong></span> <span class='ocrx_word' id='word_1_41' title='bbox 1333 868 1392 944; x_wconf 82' lang='grc' dir='ltr'><strong><em>τῆς</em></strong></span> <span class='ocrx_word' id='word_1_42' title='bbox 1434 887 1436 892; x_wconf 58' lang='grc'>’</span> 
     </span>
     <span class='ocr_line' id='line_1_6' title="bbox 2 957 1429 1045; baseline 0.001 -24"><span class='ocrx_word' id='word_1_43' title='bbox 2 1037 3 1040; x_wconf 10' lang='grc' dir='ltr'><strong><em>η</em></strong></span> <span class='ocrx_word' id='word_1_44' title='bbox 135 967 197 1022; x_wconf 86' lang='grc' dir='ltr'><strong><em>τού</em></strong></span> <span class='ocrx_word' id='word_1_45' title='bbox 217 960 293 1040; x_wconf 79' lang='grc' dir='ltr'><strong><em>βίου</em></strong></span> <span class='ocrx_word' id='word_1_46' title='bbox 316 959 537 1039; x_wconf 75' lang='grc' dir='ltr'><strong><em>μεταθέσεως</em></strong></span> <span class='ocrx_word' id='word_1_47' title='bbox 560 959 670 1023; x_wconf 84' lang='grc' dir='ltr'><strong><em>αἴτιον</em></strong></span> <span class='ocrx_word' id='word_1_48' title='bbox 693 957 740 1042; x_wconf 69' lang='grc' dir='ltr'><strong><em>τη]</em></strong></span> <span class='ocrx_word' id='word_1_49' title='bbox 764 958 881 1044; x_wconf 89' lang='grc' dir='ltr'><strong><em>άνδρί·</em></strong></span> <span class='ocrx_word' id='word_1_50' title='bbox 903 957 1030 1041; x_wconf 80' lang='grc' dir='ltr'><strong><em>μᾶλλον</em></strong></span> <span class='ocrx_word' id='word_1_51' title='bbox 1054 958 1101 1038; x_wconf 88' lang='grc' dir='ltr'><strong><em>δέ,</em></strong></span> <span class='ocrx_word' id='word_1_52' title='bbox 1123 957 1199 1041; x_wconf 75' lang='grc' dir='ltr'><strong><em>μετ’</em></strong></span> <span class='ocrx_word' id='word_1_53' title='bbox 1226 958 1393 1045; x_wconf 85' lang='grc' dir='ltr'><strong><em>ἀληθείας</em></strong></span> <span class='ocrx_word' id='word_1_54' title='bbox 1414 973 1429 1022; x_wconf 79' lang='lat' dir='ltr'>i</span> 
     </span>
    </p>
   </div>
   <div class='ocr_carea' id='block_1_5' title="bbox 51 1059 1461 4316">
    <p class='ocr_par' dir='ltr' id='par_1_5' title="bbox 51 1059 1461 4316">
     <span class='ocr_line' id='line_1_7' title="bbox 135 1059 1393 1146; baseline 0 -22"><span class='ocrx_word' id='word_1_55' title='bbox 135 1065 233 1146; x_wconf 85' lang='grc' dir='ltr'><strong><em>έρεῖν,</em></strong></span> <span class='ocrx_word' id='word_1_56' title='bbox 258 1060 355 1124; x_wconf 84' lang='grc' dir='ltr'><strong><em>ἴσασι</em></strong></span> <span class='ocrx_word' id='word_1_57' title='bbox 377 1063 458 1146; x_wconf 86' lang='grc' dir='ltr'><strong><em>περὶ</em></strong></span> <span class='ocrx_word' id='word_1_58' title='bbox 479 1065 618 1138; x_wconf 89' lang='grc' dir='ltr'><strong><em>τούτων,</em></strong></span> <span class='ocrx_word' id='word_1_59' title='bbox 642 1064 737 1138; x_wconf 92' lang='grc' dir='ltr'><strong><em>ὅσοις</em></strong></span> <span class='ocrx_word' id='word_1_60' title='bbox 759 1063 801 1124; x_wconf 87' lang='grc' dir='ltr'><strong><em>τά</em></strong></span> <span class='ocrx_word' id='word_1_61' title='bbox 824 1063 960 1139; x_wconf 91' lang='grc' dir='ltr'><strong><em>Δίωνος</em></strong></span> <span class='ocrx_word' id='word_1_62' title='bbox 982 1059 1142 1142; x_wconf 77' lang='grc' dir='ltr'><strong><em>ἐπιμελές</em></strong></span> <span class='ocrx_word' id='word_1_63' title='bbox 1157 1065 1250 1126; x_wconf 80' lang='grc' dir='ltr'><strong><em>ἐστιν</em></strong></span> <span class='ocrx_word' id='word_1_64' title='bbox 1266 1059 1393 1125; x_wconf 84' lang='grc' dir='ltr'><strong><em>είδέναι</em></strong></span> 
     </span>
     <span class='ocr_line' id='line_1_8' title="bbox 136 1159 1393 1251; baseline 0 -26"><span class='ocrx_word' id='word_1_65' title='bbox 136 1161 263 1246; x_wconf 78' lang='grc' dir='ltr'><strong><em>βιβλία,</em></strong></span> <span class='ocrx_word' id='word_1_66' title='bbox 287 1160 432 1226; x_wconf 87' lang='grc' dir='ltr'><strong><em>πλεῖστά</em></strong></span> <span class='ocrx_word' id='word_1_67' title='bbox 455 1165 569 1227; x_wconf 86' lang='grc' dir='ltr'><strong><em>τεκαὶ</em></strong></span> <span class='ocrx_word' id='word_1_68' title='bbox 592 1161 761 1249; x_wconf 76' lang='grc' dir='ltr'><strong><em>διαφόρου</em></strong></span> <span class='ocrx_word' id='word_1_69' title='bbox 783 1165 867 1227; x_wconf 86' lang='grc' dir='ltr'><strong><em>κατὰ</em></strong></span> <span class='ocrx_word' id='word_1_70' title='bbox 890 1167 950 1251; x_wconf 79' lang='grc' dir='ltr'><strong><em>την</em></strong></span> <span class='ocrx_word' id='word_1_71' title='bbox 966 1159 1144 1250; x_wconf 76' lang='grc' dir='ltr'><strong><em>ἑρμηνείαν</em></strong></span> <span class='ocrx_word' id='word_1_72' title='bbox 1159 1162 1270 1242; x_wconf 86' lang='grc' dir='ltr'><strong><em>έξεως,</em></strong></span> <span class='ocrx_word' id='word_1_73' title='bbox 1293 1161 1330 1242; x_wconf 83' lang='grc' dir='ltr'><strong><em>έξ</em></strong></span> <span class='ocrx_word' id='word_1_74' title='bbox 1348 1162 1393 1226; x_wconf 84' lang='grc' dir='ltr'><strong><em>ὧν</em></strong></span> 
     </span>
     <span class='ocr_line' id='line_1_9' title="bbox 136 1261 1395 1352; baseline 0.001 -25"><span class='ocrx_word' id='word_1_75' title='bbox 136 1269 195 1352; x_wconf 80' lang='grc' dir='ltr'><strong><em>την</em></strong></span> <span class='ocrx_word' id='word_1_76' title='bbox 217 1287 253 1329; x_wconf 92' lang='grc' dir='ltr'><strong><em>τε</em></strong></span> <span class='ocrx_word' id='word_1_77' title='bbox 275 1267 360 1328; x_wconf 90' lang='grc' dir='ltr'><strong><em>κατά</em></strong></span> <span class='ocrx_word' id='word_1_78' title='bbox 383 1269 442 1329; x_wconf 87' lang='grc' dir='ltr'><strong><em>τόν</em></strong></span> <span class='ocrx_word' id='word_1_79' title='bbox 463 1268 539 1348; x_wconf 84' lang='grc' dir='ltr'><strong><em>βίον</em></strong></span> <span class='ocrx_word' id='word_1_80' title='bbox 562 1274 624 1328; x_wconf 81' lang='grc' dir='ltr'><strong><em>τοῦ</em></strong></span> <span class='ocrx_word' id='word_1_81' title='bbox 645 1265 767 1351; x_wconf 84' lang='grc' dir='ltr'><strong><em>ἀνδρὸς</em></strong></span> <span class='ocrx_word' id='word_1_82' title='bbox 798 1269 951 1352; x_wconf 82' lang='grc' dir='ltr'><strong><em>ἱστορίαν</em></strong></span> <span class='ocrx_word' id='word_1_83' title='bbox 981 1270 1100 1348; x_wconf 85' lang='grc' dir='ltr'><strong><em>έχομεν</em></strong></span> <span class='ocrx_word' id='word_1_84' title='bbox 1131 1261 1395 1350; x_wconf 74' lang='grc' dir='ltr'><strong><em>συλλογίζεσθαι</em></strong></span> 
     </span>
     <span class='ocr_line' id='line_1_10' title="bbox 136 1366 1394 1456; baseline 0 -27"><span class='ocrx_word' id='word_1_85' title='bbox 136 1369 194 1430; x_wconf 80' lang='grc' dir='ltr'><strong><em>καί</em></strong></span> <span class='ocrx_word' id='word_1_86' title='bbox 216 1370 284 1448; x_wconf 86' lang='grc' dir='ltr'><strong><em>ἅμα</em></strong></span> <span class='ocrx_word' id='word_1_87' title='bbox 308 1371 367 1453; x_wconf 80' lang='grc' dir='ltr'><strong><em>την</em></strong></span> <span class='ocrx_word' id='word_1_88' title='bbox 391 1366 552 1431; x_wconf 90' lang='grc' dir='ltr'><strong><em>διάθεσιν</em></strong></span> <span class='ocrx_word' id='word_1_89' title='bbox 575 1377 635 1455; x_wconf 78' lang='grc' dir='ltr'><strong><em>τῆς</em></strong></span> <span class='ocrx_word' id='word_1_90' title='bbox 659 1371 785 1455; x_wconf 86' lang='grc' dir='ltr'><strong><em>σοφίας</em></strong></span> <span class='ocrx_word' id='word_1_91' title='bbox 809 1371 921 1448; x_wconf 85' lang='grc' dir='ltr'><strong><em>αότού,</em></strong></span> <span class='ocrx_word' id='word_1_92' title='bbox 948 1377 1005 1433; x_wconf 84' lang='grc' dir='ltr'><strong><em>νύν</em></strong></span> <span class='ocrx_word' id='word_1_93' title='bbox 1027 1373 1088 1450; x_wconf 82' lang='grc' dir='ltr'><strong><em>μέν</em></strong></span> <span class='ocrx_word' id='word_1_94' title='bbox 1110 1373 1297 1456; x_wconf 80' lang='grc' dir='ltr'><strong><em>ῥητορικῶς</em></strong></span> <span class='ocrx_word' id='word_1_95' title='bbox 1319 1371 1394 1431; x_wconf 89' lang='grc' dir='ltr'><strong><em>έπι-</em></strong></span> 
     </span>
     <span class='ocr_line' id='line_1_11' title="bbox 137 1467 1446 1559; baseline -0.002 -26"><span class='ocrx_word' id='word_1_96' title='bbox 137 1477 327 1551; x_wconf 83' lang='grc' dir='ltr'><strong><em>χειροῦσαν,</em></strong></span> <span class='ocrx_word' id='word_1_97' title='bbox 351 1478 407 1533; x_wconf 82' lang='grc' dir='ltr'><strong><em>νύν</em></strong></span> <span class='ocrx_word' id='word_1_98' title='bbox 432 1468 467 1534; x_wconf 86' lang='grc' dir='ltr'><strong><em>δέ</em></strong></span> <span class='ocrx_word' id='word_1_99' title='bbox 492 1467 674 1557; x_wconf 83' lang='grc' dir='ltr'><strong><em>φιλοσόφῳ</em></strong></span> <span class='ocrx_word' id='word_1_100' title='bbox 700 1476 911 1556; x_wconf 88' lang='grc' dir='ltr'><strong><em>πρέπουσαν,</em></strong></span> <span class='ocrx_word' id='word_1_101' title='bbox 935 1475 1005 1553; x_wconf 90' lang='grc' dir='ltr'><strong><em>άμα</em></strong></span> <span class='ocrx_word' id='word_1_102' title='bbox 1030 1470 1065 1536; x_wconf 82' lang='grc' dir='ltr'><strong><em>δέ</em></strong></span> <span class='ocrx_word' id='word_1_103' title='bbox 1088 1475 1145 1536; x_wconf 85' lang='grc' dir='ltr'><strong><em>καί</em></strong></span> <span class='ocrx_word' id='word_1_104' title='bbox 1160 1475 1220 1559; x_wconf 81' lang='grc' dir='ltr'><strong><em>την</em></strong></span> <span class='ocrx_word' id='word_1_105' title='bbox 1234 1471 1394 1555; x_wconf 80' lang='grc' dir='ltr'><strong><em>ἐργασίαν</em></strong></span> <span class='ocrx_word' id='word_1_106' title='bbox 1418 1479 1446 1531; x_wconf 84' lang='grc'><strong><em>11</em></strong></span> 
     </span>
     <span class='ocr_line' id='line_1_12' title="bbox 140 1565 1395 1661; baseline 0.001 -28"><span class='ocrx_word' id='word_1_107' title='bbox 140 1580 199 1658; x_wconf 81' lang='grc' dir='ltr'><strong><em>τῆς</em></strong></span> <span class='ocrx_word' id='word_1_108' title='bbox 220 1569 369 1657; x_wconf 76' lang='grc' dir='ltr'><strong><em>γλώττης</em></strong></span> <span class='ocrx_word' id='word_1_109' title='bbox 391 1565 467 1635; x_wconf 79' lang='grc' dir='ltr'><strong><em>κατ’</em></strong></span> <span class='ocrx_word' id='word_1_110' title='bbox 493 1574 670 1659; x_wconf 81' lang='grc' dir='ltr'><strong><em>ἀμφότερα</em></strong></span> <span class='ocrx_word' id='word_1_111' title='bbox 698 1574 953 1658; x_wconf 75' lang='grc' dir='ltr'><strong><em>προσήκουσαν,</em></strong></span> <span class='ocrx_word' id='word_1_112' title='bbox 983 1573 1088 1660; x_wconf 81' lang='grc' dir='ltr'><strong><em>μηδὲν</em></strong></span> <span class='ocrx_word' id='word_1_113' title='bbox 1116 1575 1217 1661; x_wconf 75' lang='grc' dir='ltr'><strong><em>ἦττον</em></strong></span> <span class='ocrx_word' id='word_1_114' title='bbox 1246 1575 1395 1635; x_wconf 81' lang='grc' dir='ltr'><strong><em>ἐπαινεῖ-</em></strong></span> 
     </span>
     <span class='ocr_line' id='line_1_13' title="bbox 143 1667 1398 1762; baseline 0 -27"><span class='ocrx_word' id='word_1_115' title='bbox 143 1676 229 1736; x_wconf 88' lang='grc' dir='ltr'><strong><em>σθαι</em></strong></span> <span class='ocrx_word' id='word_1_116' title='bbox 259 1667 334 1736; x_wconf 79' lang='grc' dir='ltr'><strong><em>κατ’</em></strong></span> <span class='ocrx_word' id='word_1_117' title='bbox 367 1676 544 1759; x_wconf 82' lang='grc' dir='ltr'><strong><em>ἀμφότερα</em></strong></span> <span class='ocrx_word' id='word_1_118' title='bbox 572 1672 723 1754; x_wconf 88' lang='grc' dir='ltr'><strong><em>δικαίαν,</em></strong></span> <span class='ocrx_word' id='word_1_119' title='bbox 758 1678 805 1751; x_wconf 82' lang='grc' dir='ltr'><strong><em>ὡς</em></strong></span> <span class='ocrx_word' id='word_1_120' title='bbox 833 1668 910 1739; x_wconf 78' lang='grc' dir='ltr'><strong><em>κατ’</em></strong></span> <span class='ocrx_word' id='word_1_121' title='bbox 935 1679 1041 1762; x_wconf 78' lang='grc' dir='ltr'><strong><em>ἄμφω</em></strong></span> <span class='ocrx_word' id='word_1_122' title='bbox 1071 1683 1192 1761; x_wconf 84' lang='grc' dir='ltr'><strong><em>καιροῦ</em></strong></span> <span class='ocrx_word' id='word_1_123' title='bbox 1220 1676 1398 1758; x_wconf 90' lang='grc' dir='ltr'><strong><em>τυγχάνου·</em></strong></span> 
     </span>
     <span class='ocr_line' id='line_1_14' title="bbox 51 1769 1398 1863; baseline 0.001 -26"><span class='ocrx_word' id='word_1_124' title='bbox 51 1840 56 1854; x_wconf 64' lang='grc'><strong><em>,</em></strong></span> <span class='ocrx_word' id='word_1_125' title='bbox 143 1793 215 1852; x_wconf 88' lang='grc' dir='ltr'><strong><em>σαν,</em></strong></span> <span class='ocrx_word' id='word_1_126' title='bbox 238 1778 294 1838; x_wconf 79' lang='grc' dir='ltr'><strong><em>καὶ</em></strong></span> <span class='ocrx_word' id='word_1_127' title='bbox 315 1779 380 1863; x_wconf 80' lang='grc' dir='ltr'><strong><em>μην</em></strong></span> <span class='ocrx_word' id='word_1_128' title='bbox 404 1779 464 1855; x_wconf 81' lang='grc' dir='ltr'><strong><em>ἔτι,</em></strong></span> <span class='ocrx_word' id='word_1_129' title='bbox 487 1779 548 1840; x_wconf 84' lang='grc' dir='ltr'><strong><em>κάν</em></strong></span> <span class='ocrx_word' id='word_1_130' title='bbox 570 1779 602 1840; x_wconf 90' lang='grc' dir='ltr'><strong><em>εί</em></strong></span> <span class='ocrx_word' id='word_1_131' title='bbox 623 1769 698 1858; x_wconf 78' lang='grc' dir='ltr'><strong><em>μετ’</em></strong></span> <span class='ocrx_word' id='word_1_132' title='bbox 725 1780 916 1842; x_wconf 86' lang='grc' dir='ltr'><strong><em>ένστάσειον</em></strong></span> <span class='ocrx_word' id='word_1_133' title='bbox 938 1781 994 1842; x_wconf 81' lang='grc' dir='ltr'><strong><em>καὶ</em></strong></span> <span class='ocrx_word' id='word_1_134' title='bbox 1017 1787 1154 1842; x_wconf 84' lang='grc' dir='ltr'><strong><em>σκοπῶν</em></strong></span> <span class='ocrx_word' id='word_1_135' title='bbox 1178 1780 1237 1857; x_wconf 89' lang='grc' dir='ltr'><strong><em>ούχ</em></strong></span> <span class='ocrx_word' id='word_1_136' title='bbox 1260 1779 1398 1858; x_wconf 89' lang='grc' dir='ltr'><strong><em>όμοίων,</em></strong></span> 
     </span>
     <span class='ocr_line' id='line_1_15' title="bbox 143 1869 1398 1967; baseline 0.002 -29"><span class='ocrx_word' id='word_1_137' title='bbox 143 1869 218 1939; x_wconf 77' lang='grc' dir='ltr'><strong><em>ἀλλ’</em></strong></span> <span class='ocrx_word' id='word_1_138' title='bbox 248 1876 449 1942; x_wconf 87' lang='grc' dir='ltr'><strong><em>άκολούθιον</em></strong></span> <span class='ocrx_word' id='word_1_139' title='bbox 473 1882 560 1963; x_wconf 87' lang='grc' dir='ltr'><strong><em>πρὸς</em></strong></span> <span class='ocrx_word' id='word_1_140' title='bbox 582 1887 644 1942; x_wconf 79' lang='grc' dir='ltr'><strong><em>τοῦ</em></strong></span> <span class='ocrx_word' id='word_1_141' title='bbox 662 1880 739 1961; x_wconf 84' lang='grc' dir='ltr'><strong><em>βίου</em></strong></span> <span class='ocrx_word' id='word_1_142' title='bbox 762 1884 821 1967; x_wconf 77' lang='grc' dir='ltr'><strong><em>την</em></strong></span> <span class='ocrx_word' id='word_1_143' title='bbox 844 1873 902 1966; x_wconf 75' lang='grc' dir='ltr'><strong><em>ἐφ’</em></strong></span> <span class='ocrx_word' id='word_1_144' title='bbox 932 1883 1071 1966; x_wconf 87' lang='grc' dir='ltr'><strong><em>έκάτερα</em></strong></span> <span class='ocrx_word' id='word_1_145' title='bbox 1095 1881 1283 1964; x_wconf 90' lang='grc' dir='ltr'><strong><em>πρόθεσιν,</em></strong></span> <span class='ocrx_word' id='word_1_146' title='bbox 1313 1877 1398 1941; x_wconf 87' lang='grc' dir='ltr'><strong><em>άλλά</em></strong></span> 
     </span>
     <span class='ocr_line' id='line_1_16' title="bbox 142 1981 1451 2067; baseline -0.001 -26"><span class='ocrx_word' id='word_1_147' title='bbox 142 1983 198 2042; x_wconf 85' lang='grc' dir='ltr'><strong><em>καί</em></strong></span> <span class='ocrx_word' id='word_1_148' title='bbox 235 1983 327 2060; x_wconf 92' lang='grc' dir='ltr'><strong><em>ὅμως</em></strong></span> <span class='ocrx_word' id='word_1_149' title='bbox 363 1981 467 2056; x_wconf 77' lang='grc' dir='ltr'><strong><em>αὖθις</em></strong></span> <span class='ocrx_word' id='word_1_150' title='bbox 504 1983 649 2065; x_wconf 81' lang='grc' dir='ltr'><strong><em>ἐμφερές</em></strong></span> <span class='ocrx_word' id='word_1_151' title='bbox 687 1983 829 2060; x_wconf 74' lang='grc' dir='ltr'><strong><em>ἔχουσαν</em></strong></span> <span class='ocrx_word' id='word_1_152' title='bbox 865 1985 904 2045; x_wconf 87' lang='grc' dir='ltr'><strong><em>τό</em></strong></span> <span class='ocrx_word' id='word_1_153' title='bbox 945 1991 1064 2067; x_wconf 85' lang='grc' dir='ltr'><strong><em>χρῶμα</em></strong></span> <span class='ocrx_word' id='word_1_154' title='bbox 1110 1985 1167 2046; x_wconf 82' lang='grc' dir='ltr'><strong><em>καλ</em></strong></span> <span class='ocrx_word' id='word_1_155' title='bbox 1205 1984 1284 2058; x_wconf 91' lang='grc' dir='ltr'><strong><em>τούς</em></strong></span> <span class='ocrx_word' id='word_1_156' title='bbox 1323 1985 1399 2045; x_wconf 86' lang='grc' dir='ltr'><strong><em>έπι-</em></strong></span> <span class='ocrx_word' id='word_1_157' title='bbox 1424 1990 1451 2041; x_wconf 87' lang='grc'><strong><em>111</em></strong></span> 
     </span>
     <span class='ocr_line' id='line_1_17' title="bbox 146 2079 1398 2170; baseline 0.002 -28"><span class='ocrx_word' id='word_1_158' title='bbox 146 2086 373 2165; x_wconf 82' lang='grc' dir='ltr'><strong><em>φαινομένους</em></strong></span> <span class='ocrx_word' id='word_1_159' title='bbox 401 2089 463 2143; x_wconf 88' lang='grc' dir='ltr'><strong><em>τού</em></strong></span> <span class='ocrx_word' id='word_1_160' title='bbox 490 2079 598 2162; x_wconf 88' lang='grc' dir='ltr'><strong><em>λέγειν</em></strong></span> <span class='ocrx_word' id='word_1_161' title='bbox 625 2085 754 2158; x_wconf 81' lang='grc' dir='ltr'><strong><em>τύπους</em></strong></span> <span class='ocrx_word' id='word_1_162' title='bbox 782 2084 839 2145; x_wconf 85' lang='grc' dir='ltr'><strong><em>καί</em></strong></span> <span class='ocrx_word' id='word_1_163' title='bbox 866 2086 926 2168; x_wconf 80' lang='grc' dir='ltr'><strong><em>την</em></strong></span> <span class='ocrx_word' id='word_1_164' title='bbox 954 2086 990 2146; x_wconf 87' lang='grc' dir='ltr'><strong><em>έν</em></strong></span> <span class='ocrx_word' id='word_1_165' title='bbox 1018 2093 1060 2168; x_wconf 79' lang='grc' dir='ltr'><strong><em>τῇ</em></strong></span> <span class='ocrx_word' id='word_1_166' title='bbox 1091 2093 1188 2170; x_wconf 80' lang='grc' dir='ltr'><strong><em>φωνῇ</em></strong></span> <span class='ocrx_word' id='word_1_167' title='bbox 1222 2081 1398 2168; x_wconf 88' lang='grc' dir='ltr'><strong><em>διοίκησιν.</em></strong></span> 
     </span>
     <span class='ocr_line' id='line_1_18' title="bbox 145 2175 1400 2270; baseline 0.005 -28"><span class='ocrx_word' id='word_1_168' title='bbox 145 2175 220 2244; x_wconf 78' lang='grc' dir='ltr'><strong><em>ἀλλ’</em></strong></span> <span class='ocrx_word' id='word_1_169' title='bbox 247 2183 361 2264; x_wconf 87' lang='grc' dir='ltr'><strong><em>έμοιγε</em></strong></span> <span class='ocrx_word' id='word_1_170' title='bbox 384 2191 484 2245; x_wconf 81' lang='grc' dir='ltr'><strong><em>τοῦτο</em></strong></span> <span class='ocrx_word' id='word_1_171' title='bbox 507 2191 564 2247; x_wconf 82' lang='grc' dir='ltr'><strong><em>νῦν</em></strong></span> <span class='ocrx_word' id='word_1_172' title='bbox 580 2185 695 2246; x_wconf 83' lang='grc' dir='ltr'><strong><em>όπεισι</em></strong></span> <span class='ocrx_word' id='word_1_173' title='bbox 715 2186 956 2270; x_wconf 84' lang='grc' dir='ltr'><strong><em>σημειοῦσθαι,</em></strong></span> <span class='ocrx_word' id='word_1_174' title='bbox 978 2188 1035 2249; x_wconf 86' lang='grc' dir='ltr'><strong><em>καὶ</em></strong></span> <span class='ocrx_word' id='word_1_175' title='bbox 1050 2184 1215 2262; x_wconf 73' lang='grc' dir='ltr'><strong><em>πολλάκις</em></strong></span> <span class='ocrx_word' id='word_1_176' title='bbox 1237 2187 1299 2270; x_wconf 84' lang='grc' dir='ltr'><strong><em>γάρ</em></strong></span> <span class='ocrx_word' id='word_1_177' title='bbox 1323 2188 1400 2248; x_wconf 87' lang='grc' dir='ltr'><strong><em>έπε-</em></strong></span> 
     </span>
     <span class='ocr_line' id='line_1_19' title="bbox 147 2282 1401 2370; baseline 0.002 -24"><span class='ocrx_word' id='word_1_178' title='bbox 147 2287 324 2370; x_wconf 83' lang='grc' dir='ltr'><strong><em>σκεψάμην</em></strong></span> <span class='ocrx_word' id='word_1_179' title='bbox 345 2287 403 2348; x_wconf 88' lang='grc' dir='ltr'><strong><em>καί</em></strong></span> <span class='ocrx_word' id='word_1_180' title='bbox 424 2289 482 2348; x_wconf 88' lang='grc' dir='ltr'><strong><em>τόν</em></strong></span> <span class='ocrx_word' id='word_1_181' title='bbox 505 2282 710 2366; x_wconf 81' lang='grc' dir='ltr'><strong><em>βουλόμενον</em></strong></span> <span class='ocrx_word' id='word_1_182' title='bbox 733 2291 914 2370; x_wconf 76' lang='grc' dir='ltr'><strong><em>προσέχειν</em></strong></span> <span class='ocrx_word' id='word_1_183' title='bbox 936 2285 1021 2365; x_wconf 81' lang='grc' dir='ltr'><strong><em>ἀξιῶ</em></strong></span> <span class='ocrx_word' id='word_1_184' title='bbox 1045 2290 1106 2351; x_wconf 87' lang='grc' dir='ltr'><strong><em>τόν</em></strong></span> <span class='ocrx_word' id='word_1_185' title='bbox 1135 2297 1213 2351; x_wconf 82' lang='grc' dir='ltr'><strong><em>νοῦν</em></strong></span> <span class='ocrx_word' id='word_1_186' title='bbox 1240 2290 1296 2350; x_wconf 86' lang='grc' dir='ltr'><strong><em>καί</em></strong></span> <span class='ocrx_word' id='word_1_187' title='bbox 1326 2285 1401 2349; x_wconf 87' lang='grc' dir='ltr'><strong><em>συλ-</em></strong></span> 
     </span>
     <span class='ocr_line' id='line_1_20' title="bbox 148 2381 1403 2474; baseline 0.002 -27"><span class='ocrx_word' id='word_1_188' title='bbox 148 2381 362 2468; x_wconf 77' lang='grc' dir='ltr'><strong><em>λογίζεσθαι,</em></strong></span> <span class='ocrx_word' id='word_1_189' title='bbox 392 2390 445 2450; x_wconf 93' lang='grc' dir='ltr'><strong><em>ὅτι</em></strong></span> <span class='ocrx_word' id='word_1_190' title='bbox 469 2385 507 2474; x_wconf 81' lang='grc' dir='ltr'><strong><em>δὴ</em></strong></span> <span class='ocrx_word' id='word_1_191' title='bbox 532 2390 579 2450; x_wconf 89' lang='grc' dir='ltr'><strong><em>τώ</em></strong></span> <span class='ocrx_word' id='word_1_192' title='bbox 602 2386 704 2473; x_wconf 86' lang='grc' dir='ltr'><strong><em>άνδρε</em></strong></span> <span class='ocrx_word' id='word_1_193' title='bbox 725 2387 828 2467; x_wconf 91' lang='grc' dir='ltr'><strong><em>τώδε,</em></strong></span> <span class='ocrx_word' id='word_1_194' title='bbox 851 2391 947 2452; x_wconf 91' lang='grc' dir='ltr'><strong><em>Δίων</em></strong></span> <span class='ocrx_word' id='word_1_195' title='bbox 973 2411 1009 2452; x_wconf 93' lang='grc' dir='ltr'><strong><em>τε</em></strong></span> <span class='ocrx_word' id='word_1_196' title='bbox 1037 2393 1093 2454; x_wconf 87' lang='grc' dir='ltr'><strong><em>καί</em></strong></span> <span class='ocrx_word' id='word_1_197' title='bbox 1115 2393 1293 2467; x_wconf 78' lang='grc' dir='ltr'><strong><em>Συνέοιος,</em></strong></span> <span class='ocrx_word' id='word_1_198' title='bbox 1324 2390 1403 2470; x_wconf 91' lang='grc' dir='ltr'><strong><em>περί</em></strong></span> 
     </span>
     <span class='ocr_line' id='line_1_21' title="bbox 147 2481 1455 2574; baseline 0.001 -24"><span class='ocrx_word' id='word_1_199' title='bbox 147 2491 206 2574; x_wconf 79' lang='grc' dir='ltr'><strong><em>την</em></strong></span> <span class='ocrx_word' id='word_1_200' title='bbox 237 2492 353 2574; x_wconf 82' lang='grc' dir='ltr'><strong><em>φωνην</em></strong></span> <span class='ocrx_word' id='word_1_201' title='bbox 380 2481 455 2552; x_wconf 83' lang='grc' dir='ltr'><strong><em>κατ’</em></strong></span> <span class='ocrx_word' id='word_1_202' title='bbox 488 2487 585 2553; x_wconf 86' lang='grc' dir='ltr'><strong><em>ούδέν</em></strong></span> <span class='ocrx_word' id='word_1_203' title='bbox 614 2492 661 2566; x_wconf 84' lang='grc' dir='ltr'><strong><em>ὡς</em></strong></span> <span class='ocrx_word' id='word_1_204' title='bbox 690 2492 801 2553; x_wconf 80' lang='grc' dir='ltr'><strong><em>εἰπεῖν</em></strong></span> <span class='ocrx_word' id='word_1_205' title='bbox 831 2493 959 2556; x_wconf 87' lang='grc' dir='ltr'><strong><em>έοικότε</em></strong></span> <span class='ocrx_word' id='word_1_206' title='bbox 989 2484 1135 2554; x_wconf 78' lang='grc' dir='ltr'><strong><em>πλεῖσθ’</em></strong></span> <span class='ocrx_word' id='word_1_207' title='bbox 1166 2495 1257 2572; x_wconf 88' lang='grc' dir='ltr'><strong><em>ὅμως</em></strong></span> <span class='ocrx_word' id='word_1_208' title='bbox 1290 2491 1403 2571; x_wconf 86' lang='grc' dir='ltr'><strong><em>έχετον</em></strong></span> <span class='ocrx_word' id='word_1_209' title='bbox 1426 2499 1455 2550; x_wconf 78' lang='grc'><strong><em>111</em></strong></span> 
     </span>
     <span class='ocr_line' id='line_1_22' title="bbox 146 2589 1402 2679; baseline 0.002 -27"><span class='ocrx_word' id='word_1_210' title='bbox 146 2594 251 2653; x_wconf 89' lang='grc' dir='ltr'><strong><em>κοινά.</em></strong></span> <span class='ocrx_word' id='word_1_211' title='bbox 296 2593 352 2654; x_wconf 81' lang='grc' dir='ltr'><strong><em>καί</em></strong></span> <span class='ocrx_word' id='word_1_212' title='bbox 371 2593 484 2675; x_wconf 89' lang='grc' dir='ltr'><strong><em>χαίρει</em></strong></span> <span class='ocrx_word' id='word_1_213' title='bbox 505 2589 633 2673; x_wconf 89' lang='grc' dir='ltr'><strong><em>μάλλον</em></strong></span> <span class='ocrx_word' id='word_1_214' title='bbox 655 2596 817 2669; x_wconf 80' lang='grc' dir='ltr'><strong><em>Σονέοιος</em></strong></span> <span class='ocrx_word' id='word_1_215' title='bbox 838 2595 964 2672; x_wconf 89' lang='grc' dir='ltr'><strong><em>Δίωνι,</em></strong></span> <span class='ocrx_word' id='word_1_216' title='bbox 989 2592 1143 2679; x_wconf 89' lang='grc' dir='ltr'><strong><em>δεύτερος</em></strong></span> <span class='ocrx_word' id='word_1_217' title='bbox 1165 2595 1275 2657; x_wconf 87' lang='grc' dir='ltr'><strong><em>έπιιδν</em></strong></span> <span class='ocrx_word' id='word_1_218' title='bbox 1291 2595 1402 2670; x_wconf 87' lang='grc' dir='ltr'><strong><em>αύτός,</em></strong></span> 
     </span>
     <span class='ocr_line' id='line_1_23' title="bbox 146 2692 1404 2781; baseline 0.003 -27"><span class='ocrx_word' id='word_1_219' title='bbox 146 2695 203 2756; x_wconf 86' lang='grc' dir='ltr'><strong><em>καὶ</em></strong></span> <span class='ocrx_word' id='word_1_220' title='bbox 226 2693 278 2768; x_wconf 90' lang='grc' dir='ltr'><strong><em>οίς</em></strong></span> <span class='ocrx_word' id='word_1_221' title='bbox 299 2695 395 2757; x_wconf 88' lang='grc' dir='ltr'><strong><em>Δίων</em></strong></span> <span class='ocrx_word' id='word_1_222' title='bbox 419 2692 522 2778; x_wconf 87' lang='grc' dir='ltr'><strong><em>λέγει,</em></strong></span> <span class='ocrx_word' id='word_1_223' title='bbox 552 2698 608 2758; x_wconf 89' lang='grc' dir='ltr'><strong><em>καί</em></strong></span> <span class='ocrx_word' id='word_1_224' title='bbox 637 2692 738 2781; x_wconf 81' lang='grc' dir='ltr'><strong><em>δῆλός</em></strong></span> <span class='ocrx_word' id='word_1_225' title='bbox 766 2698 860 2758; x_wconf 90' lang='grc' dir='ltr'><strong><em>έοτιν</em></strong></span> <span class='ocrx_word' id='word_1_226' title='bbox 888 2699 924 2759; x_wconf 90' lang='grc' dir='ltr'><strong><em>έν</em></strong></span> <span class='ocrx_word' id='word_1_227' title='bbox 954 2696 1006 2772; x_wconf 83' lang='grc' dir='ltr'><strong><em>οἷς</em></strong></span> <span class='ocrx_word' id='word_1_228' title='bbox 1036 2699 1115 2780; x_wconf 86' lang='grc' dir='ltr'><strong><em>περί</em></strong></span> <span class='ocrx_word' id='word_1_229' title='bbox 1144 2698 1248 2759; x_wconf 84' lang='grc' dir='ltr'><strong><em>αὐτου·</em></strong></span> <span class='ocrx_word' id='word_1_230' title='bbox 1268 2697 1404 2771; x_wconf 91' lang='grc' dir='ltr'><strong><em>Δίωνος</em></strong></span> 
     </span>
     <span class='ocr_line' id='line_1_24' title="bbox 147 2789 1401 2884; baseline 0.002 -26"><span class='ocrx_word' id='word_1_231' title='bbox 147 2801 315 2882; x_wconf 81' lang='grc' dir='ltr'><strong><em>μέμνηται</em></strong></span> <span class='ocrx_word' id='word_1_232' title='bbox 337 2797 404 2873; x_wconf 80' lang='grc' dir='ltr'><strong><em>(καὶ</em></strong></span> <span class='ocrx_word' id='word_1_233' title='bbox 425 2800 593 2883; x_wconf 82' lang='grc' dir='ltr'><strong><em>μέμνηταί</em></strong></span> <span class='ocrx_word' id='word_1_234' title='bbox 613 2819 649 2881; x_wconf 94' lang='grc' dir='ltr'><strong><em>γε</em></strong></span> <span class='ocrx_word' id='word_1_235' title='bbox 674 2801 733 2878; x_wconf 88' lang='grc' dir='ltr'><strong><em>ούχ</em></strong></span> <span class='ocrx_word' id='word_1_236' title='bbox 755 2796 849 2876; x_wconf 83' lang='grc' dir='ltr'><strong><em>άπαξ</em></strong></span> <span class='ocrx_word' id='word_1_237' title='bbox 872 2789 944 2863; x_wconf 81' lang='grc' dir='ltr'><strong><em>οὐδ’</em></strong></span> <span class='ocrx_word' id='word_1_238' title='bbox 965 2803 1001 2862; x_wconf 88' lang='grc' dir='ltr'><strong><em>έν</em></strong></span> <span class='ocrx_word' id='word_1_239' title='bbox 1024 2797 1164 2884; x_wconf 85' lang='grc' dir='ltr'><strong><em>παρόδῳ</em></strong></span> <span class='ocrx_word' id='word_1_240' title='bbox 1194 2795 1300 2882; x_wconf 84' lang='grc' dir='ltr'><strong><em>λόγων</em></strong></span> <span class='ocrx_word' id='word_1_241' title='bbox 1327 2789 1401 2861; x_wconf 78' lang='grc' dir='ltr'><strong><em>οὐδ’</em></strong></span> 
     </span>
     <span class='ocr_line' id='line_1_25' title="bbox 149 2891 1402 2986; baseline 0.001 -26"><span class='ocrx_word' id='word_1_242' title='bbox 149 2902 244 2974; x_wconf 86' lang='grc' dir='ltr'><strong><em>ὅπως</em></strong></span> <span class='ocrx_word' id='word_1_243' title='bbox 268 2901 380 2978; x_wconf 83' lang='grc' dir='ltr'><strong><em>έτυχεν</em></strong></span> <span class='ocrx_word' id='word_1_244' title='bbox 405 2891 580 2978; x_wconf 76' lang='grc' dir='ltr'><strong><em>ἐπελθόν),</em></strong></span> <span class='ocrx_word' id='word_1_245' title='bbox 603 2893 678 2963; x_wconf 73' lang='grc' dir='ltr'><strong><em>ἀλλ’</em></strong></span> <span class='ocrx_word' id='word_1_246' title='bbox 704 2904 758 2963; x_wconf 92' lang='grc' dir='ltr'><strong><em>ὅτι</em></strong></span> <span class='ocrx_word' id='word_1_247' title='bbox 780 2898 818 2986; x_wconf 81' lang='grc' dir='ltr'><strong><em>δη</em></strong></span> <span class='ocrx_word' id='word_1_248' title='bbox 835 2898 984 2982; x_wconf 90' lang='grc' dir='ltr'><strong><em>μάλιστα</em></strong></span> <span class='ocrx_word' id='word_1_249' title='bbox 1000 2907 1163 2983; x_wconf 86' lang='grc' dir='ltr'><strong><em>τέρπεται</em></strong></span> <span class='ocrx_word' id='word_1_250' title='bbox 1183 2904 1402 2984; x_wconf 88' lang='grc' dir='ltr'><strong><em>μεμνημένος.</em></strong></span> 
     </span>
     <span class='ocr_line' id='line_1_26' title="bbox 148 2995 1456 3090; baseline -0.001 -28"><span class='ocrx_word' id='word_1_251' title='bbox 148 3003 204 3064; x_wconf 84' lang='grc' dir='ltr'><strong><em>καί</em></strong></span> <span class='ocrx_word' id='word_1_252' title='bbox 227 3010 287 3086; x_wconf 82' lang='grc' dir='ltr'><strong><em>τῆς</em></strong></span> <span class='ocrx_word' id='word_1_253' title='bbox 309 3009 370 3063; x_wconf 83' lang='grc' dir='ltr'><strong><em>τοῦ</em></strong></span> <span class='ocrx_word' id='word_1_254' title='bbox 397 3000 520 3086; x_wconf 82' lang='grc' dir='ltr'><strong><em>ἀνδρὸς</em></strong></span> <span class='ocrx_word' id='word_1_255' title='bbox 546 2999 697 3087; x_wconf 87' lang='grc' dir='ltr'><strong><em>γλώττης</em></strong></span> <span class='ocrx_word' id='word_1_256' title='bbox 727 3000 828 3090; x_wconf 74' lang='grc' dir='ltr'><strong><em>δῆλός</em></strong></span> <span class='ocrx_word' id='word_1_257' title='bbox 855 3006 948 3066; x_wconf 87' lang='grc' dir='ltr'><strong><em>έστιν</em></strong></span> <span class='ocrx_word' id='word_1_258' title='bbox 979 3003 1018 3066; x_wconf 86' lang='grc' dir='ltr'><strong><em>εδ</em></strong></span> <span class='ocrx_word' id='word_1_259' title='bbox 1036 2995 1117 3085; x_wconf 80' lang='grc' dir='ltr'><strong><em>μάλ’</em></strong></span> <span class='ocrx_word' id='word_1_260' title='bbox 1145 3000 1319 3082; x_wconf 81' lang='grc' dir='ltr'><strong><em>ἁλώσιμος</em></strong></span> <span class='ocrx_word' id='word_1_261' title='bbox 1348 3003 1404 3077; x_wconf 82' lang='grc' dir='ltr'><strong><em>ὢν,</em></strong></span> <span class='ocrx_word' id='word_1_262' title='bbox 1427 3009 1456 3060; x_wconf 71' lang='lat'><strong><em>25</em></strong></span> 
     </span>
     <span class='ocr_line' id='line_1_27' title="bbox 148 3093 1406 3190; baseline 0.001 -26"><span class='ocrx_word' id='word_1_263' title='bbox 148 3104 261 3165; x_wconf 91' lang='grc' dir='ltr'><strong><em>καίτοι</em></strong></span> <span class='ocrx_word' id='word_1_264' title='bbox 289 3124 324 3185; x_wconf 88' lang='grc' dir='ltr'><strong><em>γε</em></strong></span> <span class='ocrx_word' id='word_1_265' title='bbox 352 3106 523 3187; x_wconf 89' lang='grc' dir='ltr'><strong><em>χρώμενος</em></strong></span> <span class='ocrx_word' id='word_1_266' title='bbox 552 3106 653 3180; x_wconf 88' lang='grc' dir='ltr'><strong><em>αύτός</em></strong></span> <span class='ocrx_word' id='word_1_267' title='bbox 681 3101 793 3181; x_wconf 87' lang='grc' dir='ltr'><strong><em>άλλως</em></strong></span> <span class='ocrx_word' id='word_1_268' title='bbox 820 3107 840 3190; x_wconf 85' lang='grc' dir='ltr'><em>ἢ</em></span> <span class='ocrx_word' id='word_1_269' title='bbox 867 3098 943 3168; x_wconf 80' lang='grc' dir='ltr'><strong><em>κατ’</em></strong></span> <span class='ocrx_word' id='word_1_270' title='bbox 968 3108 1097 3169; x_wconf 77' lang='grc' dir='ltr'><strong><em>ἐκεῖνον</em></strong></span> <span class='ocrx_word' id='word_1_271' title='bbox 1125 3107 1182 3169; x_wconf 86' lang='grc' dir='ltr'><strong><em>καί</em></strong></span> <span class='ocrx_word' id='word_1_272' title='bbox 1203 3093 1293 3190; x_wconf 72' lang='grc' dir='ltr'><strong><em>μήθ’</em></strong></span> <span class='ocrx_word' id='word_1_273' title='bbox 1320 3101 1406 3178; x_wconf 89' lang='grc' dir='ltr'><strong><em>ὅλως</em></strong></span> 
     </span>
     <span class='ocr_line' id='line_1_28' title="bbox 151 3201 1406 3288; baseline 0.001 -23"><span class='ocrx_word' id='word_1_274' title='bbox 151 3207 338 3288; x_wconf 79' lang='grc' dir='ltr'><strong><em>ῥητορικῶς</em></strong></span> <span class='ocrx_word' id='word_1_275' title='bbox 355 3201 556 3280; x_wconf 79' lang='grc' dir='ltr'><strong><em>σπουδάζων</em></strong></span> <span class='ocrx_word' id='word_1_276' title='bbox 571 3207 628 3268; x_wconf 82' lang='grc' dir='ltr'><strong><em>καὶ</em></strong></span> <span class='ocrx_word' id='word_1_277' title='bbox 642 3208 838 3285; x_wconf 85' lang='grc' dir='ltr'><strong><em>τεχνιτεύων</em></strong></span> <span class='ocrx_word' id='word_1_278' title='bbox 855 3209 1038 3270; x_wconf 82' lang='grc' dir='ltr'><strong><em>ότιποτούν</em></strong></span> <span class='ocrx_word' id='word_1_279' title='bbox 1053 3210 1113 3271; x_wconf 78' lang='grc' dir='ltr'><strong><em>ἐπὶ</em></strong></span> <span class='ocrx_word' id='word_1_280' title='bbox 1127 3211 1207 3283; x_wconf 86' lang='grc' dir='ltr'><strong><em>τούς</em></strong></span> <span class='ocrx_word' id='word_1_281' title='bbox 1222 3209 1406 3280; x_wconf 83' lang='grc' dir='ltr'><strong><em>ἀκούοντας</em></strong></span> 
     </span>
     <span class='ocr_line' id='line_1_29' title="bbox 150 3305 1406 3395; baseline 0.001 -27"><span class='ocrx_word' id='word_1_282' title='bbox 150 3339 191 3349; x_wconf 96' lang='grc'>-</span> <span class='ocrx_word' id='word_1_283' title='bbox 214 3308 261 3382; x_wconf 86' lang='grc' dir='ltr'><strong><em>ὡς</em></strong></span> <span class='ocrx_word' id='word_1_284' title='bbox 283 3309 349 3390; x_wconf 81' lang='grc' dir='ltr'><strong><em>ἄρα</em></strong></span> <span class='ocrx_word' id='word_1_285' title='bbox 371 3308 467 3369; x_wconf 91' lang='grc' dir='ltr'><strong><em>Δίων</em></strong></span> <span class='ocrx_word' id='word_1_286' title='bbox 490 3308 591 3383; x_wconf 89' lang='grc' dir='ltr'><strong><em>αύτδς</em></strong></span> <span class='ocrx_word' id='word_1_287' title='bbox 612 3305 761 3388; x_wconf 90' lang='grc' dir='ltr'><strong><em>μάλιστα</em></strong></span> <span class='ocrx_word' id='word_1_288' title='bbox 788 3317 829 3394; x_wconf 73' lang='grc' dir='ltr'><strong><em>τῇ</em></strong></span> <span class='ocrx_word' id='word_1_289' title='bbox 855 3315 951 3394; x_wconf 85' lang='grc' dir='ltr'><strong><em>τέχνη</em></strong></span> <span class='ocrx_word' id='word_1_290' title='bbox 978 3306 1164 3388; x_wconf 79' lang='grc' dir='ltr'><strong><em>σπουδάζει</em></strong></span> <span class='ocrx_word' id='word_1_291' title='bbox 1188 3312 1245 3372; x_wconf 79' lang='grc' dir='ltr'><strong><em>καὶ</em></strong></span> <span class='ocrx_word' id='word_1_292' title='bbox 1272 3305 1406 3395; x_wconf 90' lang='grc' dir='ltr'><strong><em>σφόδρα</em></strong></span> 
     </span>
     <span class='ocr_line' id='line_1_30' title="bbox 151 3405 1408 3497; baseline 0.001 -27"><span class='ocrx_word' id='word_1_293' title='bbox 151 3409 224 3470; x_wconf 83' lang='grc' dir='ltr'><strong><em>ἐστί</em></strong></span> <span class='ocrx_word' id='word_1_294' title='bbox 246 3411 284 3470; x_wconf 89' lang='grc' dir='ltr'><strong><em>τὸ</em></strong></span> <span class='ocrx_word' id='word_1_295' title='bbox 310 3405 512 3494; x_wconf 82' lang='grc' dir='ltr'><strong><em>δραστήριον</em></strong></span> <span class='ocrx_word' id='word_1_296' title='bbox 536 3408 626 3492; x_wconf 77' lang='grc' dir='ltr'><strong><em>αύτῷ</em></strong></span> <span class='ocrx_word' id='word_1_297' title='bbox 649 3411 733 3472; x_wconf 84' lang='grc' dir='ltr'><strong><em>κατὰ</em></strong></span> <span class='ocrx_word' id='word_1_298' title='bbox 749 3412 896 3496; x_wconf 73' lang='grc' dir='ltr'><strong><em>ρ’ήτορας</em></strong></span> <span class='ocrx_word' id='word_1_299' title='bbox 913 3414 949 3474; x_wconf 86' lang='grc' dir='ltr'><strong><em>έν</em></strong></span> <span class='ocrx_word' id='word_1_300' title='bbox 964 3418 1038 3488; x_wconf 88' lang='grc' dir='ltr'><strong><em>τοῖς</em></strong></span> <span class='ocrx_word' id='word_1_301' title='bbox 1054 3415 1206 3497; x_wconf 89' lang='grc' dir='ltr'><strong><em>πρώτοις</em></strong></span> <span class='ocrx_word' id='word_1_302' title='bbox 1221 3418 1288 3473; x_wconf 85' lang='grc' dir='ltr'><strong><em>τῶν</em></strong></span> <span class='ocrx_word' id='word_1_303' title='bbox 1304 3411 1408 3472; x_wconf 85' lang='grc' dir='ltr'><strong><em>αύτοῦ</em></strong></span> 
     </span>
     <span class='ocr_line' id='line_1_31' title="bbox 153 3510 1459 3600; baseline -0.002 -28"><span class='ocrx_word' id='word_1_304' title='bbox 153 3513 403 3594; x_wconf 88' lang='grc' dir='ltr'><strong><em>συνταγμάτων,</em></strong></span> <span class='ocrx_word' id='word_1_305' title='bbox 421 3513 525 3598; x_wconf 78' lang='grc' dir='ltr'><strong><em>μήπω</em></strong></span> <span class='ocrx_word' id='word_1_306' title='bbox 543 3510 581 3599; x_wconf 77' lang='grc' dir='ltr'><strong><em>δη</em></strong></span> <span class='ocrx_word' id='word_1_307' title='bbox 599 3516 675 3575; x_wconf 92' lang='grc' dir='ltr'><strong><em>τότε</em></strong></span> <span class='ocrx_word' id='word_1_308' title='bbox 691 3521 733 3598; x_wconf 78' lang='grc' dir='ltr'><strong><em>τῇ</em></strong></span> <span class='ocrx_word' id='word_1_309' title='bbox 749 3511 945 3600; x_wconf 74' lang='grc' dir='ltr'><strong><em>φιλοσοφίᾳ</em></strong></span> <span class='ocrx_word' id='word_1_310' title='bbox 964 3517 1214 3598; x_wconf 84' lang='grc' dir='ltr'><strong><em>προσνεύσαντι</em></strong></span> <span class='ocrx_word' id='word_1_311' title='bbox 1227 3515 1284 3576; x_wconf 85' lang='grc' dir='ltr'><strong><em>καί</em></strong></span> <span class='ocrx_word' id='word_1_312' title='bbox 1300 3529 1406 3596; x_wconf 90' lang='grc' dir='ltr'><strong><em>προσ·</em></strong></span> <span class='ocrx_word' id='word_1_313' title='bbox 1431 3520 1459 3570; x_wconf 77' lang='lat'><strong><em>³0</em></strong></span> 
     </span>
     <span class='ocr_line' id='line_1_32' title="bbox 153 3611 1409 3702; baseline 0.001 -27"><span class='ocrx_word' id='word_1_314' title='bbox 153 3614 288 3695; x_wconf 83' lang='grc' dir='ltr'><strong><em>θεμένῳ</em></strong></span> <span class='ocrx_word' id='word_1_315' title='bbox 312 3646 354 3656; x_wconf 93' lang='grc'>-</span> <span class='ocrx_word' id='word_1_316' title='bbox 376 3611 461 3699; x_wconf 82' lang='grc' dir='ltr'><strong><em>μηδὲ</em></strong></span> <span class='ocrx_word' id='word_1_317' title='bbox 483 3617 549 3700; x_wconf 78' lang='grc' dir='ltr'><strong><em>μὴν</em></strong></span> <span class='ocrx_word' id='word_1_318' title='bbox 572 3612 659 3690; x_wconf 86' lang='grc' dir='ltr'><strong><em>ὅλως</em></strong></span> <span class='ocrx_word' id='word_1_319' title='bbox 680 3616 764 3677; x_wconf 85' lang='grc' dir='ltr'><strong><em>κατά</em></strong></span> <span class='ocrx_word' id='word_1_320' title='bbox 788 3617 826 3677; x_wconf 87' lang='grc' dir='ltr'><strong><em>τό</em></strong></span> <span class='ocrx_word' id='word_1_321' title='bbox 854 3613 1024 3698; x_wconf 82' lang='grc' dir='ltr'><strong><em>λογοειδὲς</em></strong></span> <span class='ocrx_word' id='word_1_322' title='bbox 1050 3615 1095 3678; x_wconf 86' lang='grc' dir='ltr'><strong><em>αδ</em></strong></span> <span class='ocrx_word' id='word_1_323' title='bbox 1107 3613 1275 3692; x_wconf 82' lang='grc' dir='ltr'><strong><em>καθάπαξ</em></strong></span> <span class='ocrx_word' id='word_1_324' title='bbox 1286 3624 1409 3702; x_wconf 82' lang='grc' dir='ltr'><strong><em>χρῆται</em></strong></span> 
     </span>
     <span class='ocr_line' id='line_1_33' title="bbox 152 3713 1409 3804; baseline 0.002 -27"><span class='ocrx_word' id='word_1_325' title='bbox 152 3717 209 3778; x_wconf 86' lang='grc' dir='ltr'><strong><em>καὶ</em></strong></span> <span class='ocrx_word' id='word_1_326' title='bbox 229 3713 461 3799; x_wconf 87' lang='grc' dir='ltr'><strong><em>καταγγέλλει,</em></strong></span> <span class='ocrx_word' id='word_1_327' title='bbox 491 3717 533 3778; x_wconf 85' lang='grc' dir='ltr'><strong><em>τά</em></strong></span> <span class='ocrx_word' id='word_1_328' title='bbox 556 3714 716 3798; x_wconf 78' lang='grc' dir='ltr'><strong><em>βέλτιστα</em></strong></span> <span class='ocrx_word' id='word_1_329' title='bbox 739 3725 802 3780; x_wconf 85' lang='grc' dir='ltr'><strong><em>τού</em></strong></span> <span class='ocrx_word' id='word_1_330' title='bbox 822 3725 882 3780; x_wconf 87' lang='grc' dir='ltr'><strong><em>νού</em></strong></span> <span class='ocrx_word' id='word_1_331' title='bbox 902 3721 959 3781; x_wconf 83' lang='grc' dir='ltr'><strong><em>καί</em></strong></span> <span class='ocrx_word' id='word_1_332' title='bbox 987 3721 1051 3782; x_wconf 93' lang='grc' dir='ltr'><strong><em>ὅσα</em></strong></span> <span class='ocrx_word' id='word_1_333' title='bbox 1080 3719 1164 3781; x_wconf 84' lang='grc' dir='ltr'><strong><em>κατά</em></strong></span> <span class='ocrx_word' id='word_1_334' title='bbox 1198 3715 1409 3804; x_wconf 86' lang='grc' dir='ltr'><strong><em>φιλοσοφίαν</em></strong></span> 
     </span>
     <span class='ocr_line' id='line_1_34' title="bbox 153 3816 1410 3906; baseline 0 -25"><span class='ocrx_word' id='word_1_335' title='bbox 153 3819 226 3881; x_wconf 84' lang='grc' dir='ltr'><strong><em>έστί</em></strong></span> <span class='ocrx_word' id='word_1_336' title='bbox 247 3823 385 3902; x_wconf 91' lang='grc' dir='ltr'><strong><em>γόνιμος</em></strong></span> <span class='ocrx_word' id='word_1_337' title='bbox 408 3816 587 3899; x_wconf 81' lang='grc' dir='ltr'><strong><em>ύποχαλών</em></strong></span> <span class='ocrx_word' id='word_1_338' title='bbox 610 3817 696 3896; x_wconf 83' lang='grc' dir='ltr'><strong><em>ὅλως</em></strong></span> <span class='ocrx_word' id='word_1_339' title='bbox 718 3821 769 3896; x_wconf 89' lang='grc' dir='ltr'><strong><em>είς</em></strong></span> <span class='ocrx_word' id='word_1_340' title='bbox 791 3823 829 3882; x_wconf 89' lang='grc' dir='ltr'><strong><em>τό</em></strong></span> <span class='ocrx_word' id='word_1_341' title='bbox 853 3822 976 3884; x_wconf 88' lang='grc' dir='ltr'><strong><em>ὅπτιον</em></strong></span> <span class='ocrx_word' id='word_1_342' title='bbox 998 3823 1055 3885; x_wconf 88' lang='grc' dir='ltr'><strong><em>καί</em></strong></span> <span class='ocrx_word' id='word_1_343' title='bbox 1079 3818 1230 3906; x_wconf 87' lang='grc' dir='ltr'><strong><em>λιτότητι</em></strong></span> <span class='ocrx_word' id='word_1_344' title='bbox 1251 3825 1328 3895; x_wconf 83' lang='grc' dir='ltr'><strong><em>ταῖς</em></strong></span> <span class='ocrx_word' id='word_1_345' title='bbox 1343 3826 1410 3881; x_wconf 82' lang='grc' dir='ltr'><strong><em>τῶν</em></strong></span> 
     </span>
     <span class='ocr_line' id='line_1_35' title="bbox 154 3912 1410 4008; baseline 0 -26"><span class='ocrx_word' id='word_1_346' title='bbox 154 3917 291 3984; x_wconf 81' lang='grc' dir='ltr'><strong><em>πολλῶν</em></strong></span> <span class='ocrx_word' id='word_1_347' title='bbox 314 3923 433 3997; x_wconf 87' lang='grc' dir='ltr'><strong><em>άκοαῖς</em></strong></span> <span class='ocrx_word' id='word_1_348' title='bbox 456 3924 684 4004; x_wconf 80' lang='grc' dir='ltr'><strong><em>οἰκειούμενον</em></strong></span> <span class='ocrx_word' id='word_1_349' title='bbox 699 3955 742 3968; x_wconf 90' lang='grc'><strong>-</strong></span> <span class='ocrx_word' id='word_1_350' title='bbox 759 3925 874 4008; x_wconf 84' lang='grc' dir='ltr'><strong><em>ὥσπερ</em></strong></span> <span class='ocrx_word' id='word_1_351' title='bbox 890 3925 956 4007; x_wconf 86' lang='grc' dir='ltr'><strong><em>άρα</em></strong></span> <span class='ocrx_word' id='word_1_352' title='bbox 978 3925 1035 3985; x_wconf 82' lang='grc' dir='ltr'><strong><em>καί</em></strong></span> <span class='ocrx_word' id='word_1_353' title='bbox 1052 3912 1156 3984; x_wconf 74' lang='grc' dir='ltr'><strong><em>τοῦθ’</em></strong></span> <span class='ocrx_word' id='word_1_354' title='bbox 1176 3923 1301 3984; x_wconf 82' lang='grc' dir='ltr'><strong><em>οὑτωσί</em></strong></span> <span class='ocrx_word' id='word_1_355' title='bbox 1315 3923 1410 3983; x_wconf 88' lang='grc' dir='ltr'><strong><em>Δίων</em></strong></span> 
     </span>
     <span class='ocr_line' id='line_1_36' title="bbox 154 4022 1461 4111; baseline -0.003 -27"><span class='ocrx_word' id='word_1_356' title='bbox 154 4024 211 4084; x_wconf 80' lang='grc' dir='ltr'><strong><em>καί</em></strong></span> <span class='ocrx_word' id='word_1_357' title='bbox 234 4025 351 4108; x_wconf 90' lang='grc' dir='ltr'><strong><em>φεύγει</em></strong></span> <span class='ocrx_word' id='word_1_358' title='bbox 373 4027 412 4086; x_wconf 89' lang='grc' dir='ltr'><strong><em>τό</em></strong></span> <span class='ocrx_word' id='word_1_359' title='bbox 437 4022 615 4110; x_wconf 92' lang='grc' dir='ltr'><strong><em>διηρμένον</em></strong></span> <span class='ocrx_word' id='word_1_360' title='bbox 637 4027 693 4089; x_wconf 83' lang='grc' dir='ltr'><strong><em>καί</em></strong></span> <span class='ocrx_word' id='word_1_361' title='bbox 714 4028 839 4107; x_wconf 82' lang='grc' dir='ltr'><strong><em>μεστόν</em></strong></span> <span class='ocrx_word' id='word_1_362' title='bbox 855 4023 1014 4111; x_wconf 75' lang='grc' dir='ltr'><strong><em>ἐπίτηδες</em></strong></span> <span class='ocrx_word' id='word_1_363' title='bbox 1036 4026 1194 4088; x_wconf 84' lang='grc' dir='ltr'><strong><em>καὶκατὰ</em></strong></span> <span class='ocrx_word' id='word_1_364' title='bbox 1219 4027 1333 4111; x_wconf 89' lang='grc' dir='ltr'><strong><em>φύσιν,</em></strong></span> <span class='ocrx_word' id='word_1_365' title='bbox 1355 4024 1412 4084; x_wconf 87' lang='grc' dir='ltr'><strong><em>καὶ</em></strong></span> <span class='ocrx_word' id='word_1_366' title='bbox 1433 4028 1461 4080; x_wconf 71' lang='grc'><strong><em>115</em></strong></span> 
     </span>
     <span class='ocr_line' id='line_1_37' title="bbox 155 4116 1410 4214; baseline 0.002 -30"><span class='ocrx_word' id='word_1_367' title='bbox 155 4116 294 4203; x_wconf 82' lang='grc' dir='ltr'><strong><em>μάλιστ’</em></strong></span> <span class='ocrx_word' id='word_1_368' title='bbox 320 4127 355 4187; x_wconf 84' lang='grc' dir='ltr'><strong><em>έν</em></strong></span> <span class='ocrx_word' id='word_1_369' title='bbox 378 4125 431 4202; x_wconf 88' lang='grc' dir='ltr'><strong><em>οίς</em></strong></span> <span class='ocrx_word' id='word_1_370' title='bbox 452 4118 527 4189; x_wconf 83' lang='grc' dir='ltr'><strong><em>κατ’</em></strong></span> <span class='ocrx_word' id='word_1_371' title='bbox 554 4128 654 4190; x_wconf 83' lang='grc' dir='ltr'><strong><em>αὐτόν</em></strong></span> <span class='ocrx_word' id='word_1_372' title='bbox 677 4125 795 4208; x_wconf 81' lang='grc' dir='ltr'><strong><em>ἀμέλει</em></strong></span> <span class='ocrx_word' id='word_1_373' title='bbox 814 4130 975 4192; x_wconf 81' lang='grc' dir='ltr'><strong><em>Συνέσιον</em></strong></span> <span class='ocrx_word' id='word_1_374' title='bbox 996 4129 1081 4209; x_wconf 81' lang='grc' dir='ltr'><strong><em>μετὰ</em></strong></span> <span class='ocrx_word' id='word_1_375' title='bbox 1107 4125 1302 4214; x_wconf 89' lang='grc' dir='ltr'><strong><em>φιλοσόφου</em></strong></span> <span class='ocrx_word' id='word_1_376' title='bbox 1326 4145 1410 4205; x_wconf 91' lang='grc' dir='ltr'><strong><em>προ-</em></strong></span> 
     </span>
     <span class='ocr_line' id='line_1_38' title="bbox 159 4226 1409 4316; baseline 0.001 -28"><span class='ocrx_word' id='word_1_377' title='bbox 159 4226 293 4303; x_wconf 87' lang='grc' dir='ltr'><strong><em>θέσεως</em></strong></span> <span class='ocrx_word' id='word_1_378' title='bbox 316 4228 505 4314; x_wconf 86' lang='grc' dir='ltr'><strong><em>φθέγγεται</em></strong></span> <span class='ocrx_word' id='word_1_379' title='bbox 528 4232 563 4292; x_wconf 89' lang='grc' dir='ltr'><strong><em>έν</em></strong></span> <span class='ocrx_word' id='word_1_380' title='bbox 586 4235 660 4306; x_wconf 86' lang='grc' dir='ltr'><strong><em>τοῖς</em></strong></span> <span class='ocrx_word' id='word_1_381' title='bbox 683 4227 853 4316; x_wconf 91' lang='grc' dir='ltr'><strong><em>δευτέροις</em></strong></span> <span class='ocrx_word' id='word_1_382' title='bbox 877 4227 1034 4315; x_wconf 87' lang='grc' dir='ltr'><strong><em>δηλονότι</em></strong></span> <span class='ocrx_word' id='word_1_383' title='bbox 1055 4239 1118 4293; x_wconf 84' lang='grc' dir='ltr'><strong><em>τού</em></strong></span> <span class='ocrx_word' id='word_1_384' title='bbox 1137 4231 1224 4314; x_wconf 79' lang='grc' dir='ltr'><strong><em>βίου.</em></strong></span> <span class='ocrx_word' id='word_1_385' title='bbox 1261 4228 1409 4309; x_wconf 78' lang='grc' dir='ltr'><strong><em>Συνεσίηι</em></strong></span> 
     </span>
    </p>
   </div>
   <div class='ocr_carea' id='block_1_6' title="bbox 158 4449 1414 4625">
    <p class='ocr_par' dir='ltr' id='par_1_6' title="bbox 158 4449 1414 4625">
     <span class='ocr_line' id='line_1_39' title="bbox 244 4449 1414 4534; baseline 0.001 -20"><span class='ocrx_word' id='word_1_386' title='bbox 244 4462 277 4514; x_wconf 77' lang='lat'><strong><em>24</em></strong></span> <span class='ocrx_word' id='word_1_387' title='bbox 296 4449 341 4518; x_wconf 79' lang='grc' dir='ltr'><strong><em>δτι</em></strong></span> <span class='ocrx_word' id='word_1_388' title='bbox 358 4462 463 4532; x_wconf 75' lang='lat' dir='ltr'>scripsi,</span> <span class='ocrx_word' id='word_1_389' title='bbox 482 4451 533 4534; x_wconf 80' lang='grc' dir='ltr'><strong><em>ύγε</em></strong></span> <span class='ocrx_word' id='word_1_390' title='bbox 550 4463 629 4532; x_wconf 77' lang='lat' dir='ltr'>vulgo</span> <span class='ocrx_word' id='word_1_391' title='bbox 714 4465 748 4518; x_wconf 78' lang='lat'><strong><em>26</em></strong></span> <span class='ocrx_word' id='word_1_392' title='bbox 765 4454 839 4534; x_wconf 75' lang='grc' dir='ltr'><strong><em>μήθ’</em></strong></span> <span class='ocrx_word' id='word_1_393' title='bbox 857 4461 963 4532; x_wconf 82' lang='lat' dir='ltr'>scripsi,</span> <span class='ocrx_word' id='word_1_394' title='bbox 978 4455 1046 4534; x_wconf 80' lang='grc' dir='ltr'><strong><em>μηδ’</em></strong></span> <span class='ocrx_word' id='word_1_395' title='bbox 1063 4461 1142 4530; x_wconf 77' lang='lat' dir='ltr'>vulgo</span> <span class='ocrx_word' id='word_1_396' title='bbox 1161 4461 1210 4528; x_wconf 70' lang='lat' dir='ltr'>iiis</span> <span class='ocrx_word' id='word_1_397' title='bbox 1226 4466 1414 4532; x_wconf 67' lang='lat' dir='ltr'><strong><em>exspectamus</em></strong></span> 
     </span>
     <span class='ocr_line' id='line_1_40' title="bbox 158 4537 1114 4625; baseline 0.004 -27"><span class='ocrx_word' id='word_1_398' title='bbox 158 4542 274 4601; x_wconf 73' lang='lat' dir='ltr'><strong>alterum</strong></span> <span class='ocrx_word' id='word_1_399' title='bbox 291 4546 439 4602; x_wconf 79' lang='lat' dir='ltr'><strong>membrum</strong></span> <span class='ocrx_word' id='word_1_400' title='bbox 456 4547 526 4619; x_wconf 73' lang='grc' dir='ltr'><strong><em>μηδὲ</em></strong></span> <span class='ocrx_word' id='word_1_401' title='bbox 542 4543 598 4619; x_wconf 71' lang='grc' dir='ltr'><strong><em>μὴν</em></strong></span> <span class='ocrx_word' id='word_1_402' title='bbox 615 4547 633 4604; x_wconf 87' lang='lat' dir='ltr'><strong><em>l.</em></strong></span> <span class='ocrx_word' id='word_1_403' title='bbox 651 4551 693 4614; x_wconf 84' lang='grc'>111)</span> <span class='ocrx_word' id='word_1_404' title='bbox 763 4552 793 4603; x_wconf 85' lang='grc'><strong><em>31</em></strong></span> <span class='ocrx_word' id='word_1_405' title='bbox 814 4537 850 4605; x_wconf 80' lang='grc' dir='ltr'><strong><em>αὖ</em></strong></span> <span class='ocrx_word' id='word_1_406' title='bbox 867 4547 975 4620; x_wconf 75' lang='lat' dir='ltr'>scripsi,</span> <span class='ocrx_word' id='word_1_407' title='bbox 992 4537 1016 4625; x_wconf 76' lang='grc' dir='ltr'><strong><em>ᾧ</em></strong></span> <span class='ocrx_word' id='word_1_408' title='bbox 1033 4547 1114 4617; x_wconf 81' lang='lat' dir='ltr'>vulgo</span> 
     </span>
    </p>
   </div>
   <div class='ocr_carea' id='block_1_7' title="bbox 0 0 1759 5272">
    <p class='ocr_par' dir='ltr' id='par_1_7' title="bbox 0 0 1759 5272">
     <span class='ocr_line' id='line_1_41' title="bbox 0 0 1759 5272; baseline 0 0"><span class='ocrx_word' id='word_1_409' title='bbox 0 0 1759 5272; x_wconf 95' lang='lat' dir='ltr'><strong><em> </em></strong></span> 
     </span>
    </p>
   </div>
   <div class='ocr_carea' id='block_1_8' title="bbox 1717 0 1735 1630">
    <p class='ocr_par' dir='ltr' id='par_1_8' title="bbox 1717 0 1735 1630">
     <span class='ocr_line' id='line_1_42' title="bbox 1717 0 1735 1630; baseline 0 0"><span class='ocrx_word' id='word_1_410' title='bbox 1717 0 1735 1630; x_wconf 95' lang='lat' dir='ltr'><strong><em> </em></strong></span> 
     </span>
    </p>
   </div>
  </div>
 </body>
</html>
