3476 5264
631 391 769 449 ORATIO
787 395 875 450 XXX.
1317 397 1381 458 303

125 569 145 651 η
168 572 288 648 κρᾶσις
310 571 377 627 τῶν
400 565 509 648 ἀέρων
532 568 636 630 αἰτία.
682 571 762 644 τούς
783 571 845 652 γάρ
861 573 1020 654 πρώτους
1041 575 1097 636 καί
1118 577 1197 649 τούς
1218 577 1383 651 ὑστάτους

126 664 253 748 μᾶλλον
276 674 344 729 τῦιν
359 663 471 730 ἀλλων
495 667 582 731 εἶναι
605 671 685 745 τούς
704 673 767 752 μέν
790 673 826 734 ἐν
841 675 953 754 ψύχει,
976 676 1056 750 τούς
1079 672 1115 737 δέ
1138 678 1173 738 ἐν
1189 673 1282 760 ἀλέᾳ,
1305 679 1385 753 τούς

126 772 187 851 μέν
210 771 306 851 ἐγγύς
327 777 389 831 τοῦ
404 773 519 855 φωτός
534 773 642 849 όντας,
658 775 738 849 τούς
761 771 797 836 δέ
820 778 949 858 πόρρω.
1058 785 1100 862 τῇ
1119 778 1177 839 οδν
1193 780 1381 864 εὐφροσύνη
1393 777 1433 844 33

128 874 186 935 καί
207 879 249 956 τῇ
272 873 394 956 εὐωχίᾳ
420 874 573 958 χρῆσθαι
603 875 662 954 ούχ
690 877 847 952 ἅπαντας
868 879 1012 958 όμοίως,
1035 871 1112 940 ἀλλ’
1138 883 1278 944 ἕκαστον
1299 883 1384 944 κατά

5 969 6 1064 i
94 977 191 1060 ετήν
214 977 318 1038 αὑτοῦ
340 978 452 1061 φύσιν.
497 979 577 1051 τούς
597 979 659 1057 μέν
680 979 743 1061 γάρ
774 980 927 1055 ἀσώτους
948 983 1005 1043 καὶ
1027 983 1184 1066 ἀκρατεῖς
1208 983 1283 1045 ούτε
1306 985 1386 1067 δράν

5 1117 7 1126 .
129 1075 226 1140 ούδέν
250 1077 326 1140 ούτε
349 1079 483 1142 ἀκούειν
506 1076 659 1156 οὐδενός,
682 1077 767 1142 ἀλλά
791 1083 1014 1167 ἐγκεκυφότας
1037 1085 1187 1162 ἐσθίειν,
1212 1087 1327 1167 ὥσπερ
1350 1087 1386 1148 ἐν

131 1179 248 1266 συφεῷ
269 1177 319 1257 δς,
341 1181 462 1242 ἔπειτα
485 1176 668 1257 νυστάζειν.
712 1184 808 1259 τινάς
839 1181 875 1246 δέ
906 1187 1015 1248 αὐτῶν
1036 1189 1081 1272 μὴ
1105 1187 1291 1269 ἀρκεῖσθαι
1313 1191 1387 1262 τοῖς
1430 1189 1432 1194 ’

131 1290 309 1365 παροῦσιν,
326 1280 411 1345 ἀλλά
427 1285 487 1346 ἐπί
501 1284 543 1345 τά
560 1289 766 1369 πορρωτέρω
784 1283 964 1350 διατείνειν
980 1289 1041 1364 τάς
1052 1293 1179 1370 χεῖρας,
1197 1288 1270 1351 οἰον
1284 1305 1386 1369 μεσο-

23 1408 74 1454 ιεοε
83 1387 239 1468 εωγείους
269 1387 368 1461 όντας
397 1387 528 1466 ἰχθύων
557 1389 742 1471 ὀρέγεσθαι
768 1392 825 1452 καί
854 1393 1035 1474 πράγματα
1064 1393 1167 1471 ἐχειν·
1197 1389 1321 1467 ἀλλους
1344 1387 1383 1454 δὲ
1397 1392 1437 1454 34

83 1505 112 1555 10
133 1484 328 1573 ἀπλήστους
339 1508 375 1551 τε
389 1490 446 1551 καί
457 1486 602 1565 ἀθλίους
614 1491 723 1568 όντας,
737 1491 968 1576 φοβουμένους
978 1495 1112 1578 μήποτε
1125 1495 1241 1569 αὐτοῖς
1252 1491 1385 1577 ἐλλίπῃ,

130 1593 218 1675 πρδς
241 1593 363 1666 αὐτούς
391 1594 545 1673 συνάγειν
573 1594 629 1654 καὶ
659 1596 819 1677 σωρεύειν
848 1586 904 1656 όσ’
929 1596 970 1656 ἀν
998 1592 1173 1658 δύνωνται.
1218 1597 1275 1658 καί
1301 1595 1387 1674 μετά

130 1700 246 1771 ταῦτα,
269 1697 350 1756 όταν
366 1694 488 1769 αύτούς
509 1694 650 1756 ἀπιέναι
674 1692 742 1779 δέῃ,
760 1697 973 1778 πορεύεσθαι
988 1694 1134 1782 μηδενός
1147 1700 1387 1778 μετασχόντας,

129 1791 215 1856 ἀλλά
238 1799 327 1858 πάνυ
350 1793 485 1872 ἐνδεεῖς,
500 1793 718 1860 καταλείπειν
735 1790 791 1882 [σί]
815 1793 975 1862 δὲταῦτα
992 1804 1136 1882 έτέροις·
1160 1801 1198 1861 οὐ
1213 1801 1276 1884 γάρ
1299 1798 1387 1862 εἶναι

5 1835 121 1975 λευκαί
133 1899 304 1983 φέρεσθαι
333 1891 417 1978 μεθ’
448 1904 585 1962 ἐαυτῦιν.
634 1902 775 1975 τούτους
803 1897 867 1980 μὲν
897 1902 955 1963 οδν
983 1900 1240 1984 καταγελάσόαί
1267 1922 1303 1964 τε
1333 1902 1390 1963 καί

85 2018 113 2067 15
135 2003 347 2086 ἀσχημονεῖν.
392 2005 527 2084 ἐτέρους
549 1997 588 2065 δὲ
612 2006 796 2080 πεττεύειν,
819 2006 898 2078 τούς
921 2000 959 2066 δὲ
984 2001 1211 2089 ἀστραγάλοις
1234 1998 1438 2079 παίζειν·35

132 2102 220 2164 εἶναι
245 2098 283 2166 δὲ
307 2105 386 2178 τούς
408 2106 553 2178 πεττούς
575 2125 612 2166 τε
632 2100 690 2167 καί
717 2101 949 2187 ἀστραγάλους
973 2109 1030 2184 ούχ
1060 2109 1154 2181 οίαυς
1175 2111 1271 2189 ἡμεῖς
1293 2106 1387 2184 νομί-

133 2199 248 2283 ζομεν,
270 2200 356 2265 ἀλλά
378 2206 457 2279 τούς
478 2200 544 2284 μὲν
569 2213 729 2284 χρυσοῦς,
753 2208 833 2280 τούς
855 2201 894 2269 δὲ
917 2207 1081 2289 ἀργυροῦς
1087 2256 1097 2285 ,
1121 2200 1152 2290 [δ
1175 2205 1214 2292 δη
1238 2210 1388 2286 νόμισμα

131 2303 296 2386 καλοῦμεν
325 2299 448 2390 ημεῖςΙ,
470 2302 561 2390 ὑπὲρ
584 2306 630 2368 ὧν
659 2304 892 2392 διαφέρεσθαι
913 2310 971 2371 καί
993 2304 1102 2394 ζητεῖν
1124 2313 1265 2370 ἕκαστον
1288 2303 1389 2369 πλεο-

133 2414 267 2472 νεκτεῖν.
306 2405 469 2472 πλεῖστον
493 2407 531 2495 δὴ
548 2409 699 2492 θόρυβον
713 2412 855 2486 τούτους
878 2403 935 2495 [τε]
958 2412 1015 2472 καί
1029 2413 1195 2490 ἀκοσμίαν
1220 2414 1390 2494 παρέχειν,

86 2531 115 2580 χ)
136 2513 215 2586 τούς
238 2509 277 2596 δὴ
293 2511 503 2592 κυβεύοντας,
525 2513 582 2574 καί
597 2508 706 2574 δοκεῖν
722 2518 790 2574 τῶν
807 2521 991 2592 συμποτῶν
1006 2511 1243 2598 ἀηδεστάτους.
1281 2513 1390 2574 ἐνίοτε

135 2608 173 2677 δὲ
202 2615 259 2676 καί
285 2614 460 2692 μάχεσθαι
489 2615 546 2676 καί
572 2615 622 2690 εἰς
646 2619 763 2698 χεῖρας
793 2616 881 2678 ἰέναι
908 2617 964 2677 καὶ
991 2618 1188 2700 τιτρώσκειν
1217 2611 1391 2701 ἀλλήλους.

132 2708 283 2796 μάλιστα
307 2711 347 2779 δὲ
363 2718 442 2793 τούς
456 2717 732 2798 μεθυσκομένους
747 2725 851 2780 ταῦτα
868 2715 957 2800 δρᾶν.
1003 2719 1243 2797 μεθύσκεσθαι
1267 2713 1306 2782 δὲ
1331 2718 1389 2778 ούκ
1402 2717 1442 2778 36

136 2819 207 2880 ἀπὸ
232 2817 343 2896 οἴνου,
366 2817 527 2902 καθάπερ
549 2822 628 2896 τούς
650 2813 737 2902 παρ’
763 2822 893 2896 αὐτοῖς,
923 2812 1001 2883 ἀλλ’
1028 2811 1089 2905 ὑφ’
1113 2816 1245 2905 ἡδονῆς.
1290 2826 1390 2880 τοῦτο

136 2921 199 3006 γάρ
222 2924 258 2984 ἐν
281 2931 322 3006 τῇ
344 2930 441 3007 κοινῇ
456 2920 609 2984 έστιάσει
630 2925 669 2984 τό
692 2925 788 3001 πόμα
805 2927 965 3004 παρέχειν
980 2924 1060 2997 τούς
1073 2923 1190 2999 θεούς,
1214 2923 1301 2982 ὥστε
1323 2917 1360 2996 ἐξ
1378 2952 1391 2962 -

83 3045 112 3095 25
138 3020 321 3104 λέγχεσδαι
342 3026 401 3085 τόν
423 3016 564 3084 έκάοτου
587 3026 725 3104 τρόπον.
772 3020 831 3084 δύο
856 3019 894 3087 δὲ
920 3026 1093 3103 οἰνοχόους
1115 3017 1310 3099 ἐφεστάναι,
1333 3023 1392 3082 τόν

135 3121 200 3204 μὲν
222 3127 356 3208 ἄρρενα,
379 3128 438 3210 τὴν
461 3120 499 3189 δὲ
515 3121 675 3210 θήλειαν·
698 3121 931 3206 ὀνομάζεσθαι
953 3121 991 3189 δὲ
1009 3127 1124 3187 αὐτοῖν
1139 3126 1198 3186 τόν
1212 3127 1273 3204 μὲν
1289 3126 1391 3199 Νοῦν,

137 3229 198 3312 τὴν
221 3222 260 3289 δὲ
281 3217 486 3306 Ἀκράτειαν.
531 3228 609 3301 τούς
630 3221 695 3304 μὲν
719 3227 779 3288 οὗν
803 3229 990 3313 φρονίμους
1013 3228 1071 3288 τόν
1092 3229 1215 3309 ἀρρενα
1240 3227 1392 3304 οἰνοχόον

139 3329 235 3407 ἐχειν,
258 3329 315 3390 καί
337 3317 421 3408 παρ’
447 3330 573 3391 ἐκείνου
602 3331 707 3409 μόνου
738 3332 878 3405 τούτους
908 3327 1073 3408 δέχεσθαι
1103 3331 1258 3403 σπανίως
1279 3348 1315 3390 τε
1337 3329 1393 3390 καί

140 3435 297 3511 σμικραῖς
317 3426 427 3506 κύλιξι
448 3432 505 3493 καί
526 3428 615 3496 πάνυ
644 3422 810 3516 ἀσφαλῶς
830 3437 1042 3514 κεκραμένον.
1085 3432 1226 3493 κεῖσθαι
1247 3431 1310 3514 γάρ
1333 3433 1390 3492 ἐνα
1405 3429 1444 3491 37

349 3612 474 3618 -—-
488 3613 739 3619 --—.—.—..--.
772 3613 793 3618 .-
804 3613 928 3618 ——.
941 3610 1388 3620 --—---...-.....-—-—-—

225 3722 240 3772 1
259 3709 348 3774 αἰτοῦ
366 3715 390 3771 U
461 3721 475 3768 1
495 3725 611 3787 συφεαῖς
628 3711 727 3774 ἔπειτα
745 3719 806 3782 (om.
824 3705 865 3781 ὗς)
883 3715 912 3769 Μ
977 3721 991 3770 8
1011 3715 1109 3773 ἔπειτα
1127 3730 1177 3782 pro
1195 3713 1242 3772 ἐπὶ
1259 3709 1295 3772 τά
1314 3713 1343 3766 Μ

139 3805 271 3861 όιατίνειν
289 3803 320 3857 Μ
392 3807 422 3857 10
440 3795 612 3868 ἀκλείστους
629 3802 654 3858 U
728 3799 842 3874 ἐλλείπῃ
859 3801 898 3868 U;
917 3822 943 3858 τι
961 3807 1025 3871 posi
1041 3801 1139 3872 ἐλλίπῃ
1157 3799 1217 3854 αδδ.
1237 3798 1345 3853 Geelius

142 3895 168 3943 11
192 3879 241 3946 30¹
261 3884 299 3947 άν
317 3888 442 3954 Casinis..
462 3881 494 3954 ὃς
512 3883 548 3948 άν
567 3889 594 3942 Μ
613 3883 663 3955 σάς
680 3885 717 3946 άν
735 3887 783 3943 UB
872 3891 902 3942 1³
919 3888 1103 3944 καταλείπειν
1120 3883 1150 3942 αλ
1169 3885 1198 3943 δὲ
1216 3884 1245 3938 Μ
1262 3883 1395 3940 καταλεί-

140 3995 205 4033 πειν
223 3973 251 4032 ολ
269 3975 298 4032 δὲ
316 3974 364 4030 UB
383 3973 411 4031 ολ
428 3975 485 4037 ivel.
506 3972 545 4040 αλ)
563 3989 615 4028 om.
633 3973 656 4028 T
762 3977 793 4028 14
810 3967 882 4041 μετὰ
902 3966 997 4028 αὐτῶν
1015 3971 1063 4028 UB
1079 3967 1141 4041 μετΙ
1164 3964 1260 4028 αὐτῶν
1277 3970 1305 4024 Μ
1322 3959 1396 4038 μεθ’

143 4059 256 4120 ἑαυτῶν
273 4059 296 4114 Τ
379 4065 410 4114 16
429 4062 585 4130 νομίζομεν
602 4059 708 4128 scripsi,
727 4052 913 4128 ὀνομάζομεν
930 4057 993 4112 libri
1073 4063 1102 4110 11
1123 4050 1139 4114 ά
1158 4055 1190 4127 όὴ
1211 4087 1242 4096 -
1264 4050 1393 4126 18ἦμεῖς

141 4146 239 4203 seclusi
311 4151 341 4202 18
360 4137 402 4204 viv
419 4147 525 4216 scripsi,
545 4137 579 4204 οὗ
595 4147 657 4200 libri
729 4151 758 4200 19
776 4140 909 4218 θόρυβον
927 4140 1047 4209 τούτους
1064 4145 1161 4199 τεκαὶ
1180 4135 1325 4211 ἀκοσμίαν
1344 4139 1396 4193 ΒΜ

142 4230 275 4308 θόρυβον
290 4238 340 4291 καί
358 4227 503 4304 ἀκοσμίαν
522 4224 625 4298 ταύτας
647 4252 679 4290 τε
700 4231 740 4297 U,
762 4251 794 4289 τε
821 4248 873 4287 om.
899 4231 923 4284 Τ
1026 4233 1059 4282 10
1077 4222 1145 4293 τοὺς
1168 4223 1199 4299 δὴ
1222 4221 1398 4299 κυβεύοντας

142 4325 271 4388 suspects
289 4320 390 4385 (isoio,
408 4319 546 4388 Emperio,
565 4317 743 4372 Ηεεκεεδεαα
814 4320 847 4371 11
865 4315 894 4373 si
911 4318 975 4384 posi
991 4309 1115 4383 μάλιστα
1133 4312 1226 4367 onim
1296 4315 1327 4364 11
1347 4303 1397 4368 αύ-

142 4414 204 4470 τοῖς
222 4405 309 4471 unii,
328 4401 428 4470 αὐτοῖς
445 4404 490 4470 Τςι
501 4419 583 4458 senex
600 4403 646 4457 ills
663 4403 697 4458 δυ
713 4403 771 4458 suis
789 4401 892 4457 civibus
909 4400 1030 4470 loquitur
1116 4402 1150 4453 16
1167 4397 1287 4468 ῦηλείαν
1304 4395 1330 4452 U

144 4486 340 4562 ὀνομάζεσθαι
359 4521 390 4530 -
409 4495 442 4544 11
460 4484 616 4558 άκράτειαν
632 4504 684 4544 om.
703 4489 727 4545 U
814 4491 845 4541 21
865 4480 1007 4560 άκράτιαν
1024 4486 1053 4539 Μ
1157 4487 1189 4538 18
1207 4485 1271 4551 post
1287 4478 1399 4540 ἐκείνου

142 4575 280 4632 ειεοεεῦ
350 4579 382 4629 19
400 4570 613 4646 κεκρατημένον
632 4573 682 4628 ΒΜ
