3520 5270
663 363 799 420 ORATIO
818 361 943 419 LXVIII.
1369 355 1430 416 173

172 535 381 601 ἐσπούδακεν
405 540 424 600 δ
437 539 499 618 μίν
514 546 573 624 γῆν
589 539 636 613 ὡς
651 535 814 624 πλείστην
829 539 1035 624 κτήσασθαι,
1059 539 1078 599 δ
1101 533 1137 599 δὲ
1161 538 1329 622 ἀργύριον,
1353 539 1371 600 δ
1394 535 1429 600 δέ

172 637 383 728 ἀνδράποδα,
407 639 478 703 δδέ
495 637 672 721 ξύμπαντα
688 648 803 717 ταῦτα,
828 643 847 702 δ
871 629 903 702 δ’
922 643 982 703 ἐπί
997 639 1044 722 τῴ
1063 637 1169 722 λέγειν
1186 635 1430 719 θαυμάζεσθαι

171 745 227 806 καί
250 740 307 806 διδ
329 751 429 806 τοῦτο
452 751 519 806 τῶν
543 740 654 806 ἄλλων
677 740 781 805 πλέον
805 740 993 820 δύνασθαι,
1024 745 1042 806 δ
1072 741 1107 806 δέ
1131 743 1212 803 αύτδ
1235 744 1339 821 μόνον
1362 739 1429 804 δει-

172 848 229 922 νός
251 845 417 909 εἶναικαὶ
438 849 498 934 την
520 847 701 926 ἐμπειρίαν
723 848 782 931 την
805 847 884 930 περί
899 846 941 908 τά
957 848 1139 930 πράγματα
1163 839 1334 930 ἐζήλωκεν,
1358 841 1428 904 δδέ

137 941 238 1014 δάπ’
266 946 369 1011 ἄλλου
392 950 484 1024 τινός
513 950 656 1028 ἰσχύειν,
687 949 706 1008 δ
734 945 770 1011 δέ
800 951 931 1035 τρυφὴν
959 950 1006 1024 ὡς
1035 945 1197 1032 πλείστην
1225 942 1428 1030 ἐπιτηδεύει.

172 1053 301 1114 τούτων
322 1052 384 1132 μίν
408 1051 474 1128 οδν,
498 1053 582 1133 ὅπερ
598 1053 694 1136 ἐφην,
719 1048 815 1112 ούδέν
837 1052 888 1126 άν,
912 1053 959 1126 ώς
980 1053 1078 1128 εἰκός,
1103 1051 1219 1134 όρθῶς
1242 1050 1425 1131 πράττοιεν
1450 1056 1468 1114 5

172 1145 250 1217 οὐδὲ
281 1155 315 1216 σί
342 1153 384 1215 τά
411 1156 574 1238 κράτιστα
609 1150 784 1227 δοκοῦντες
812 1150 1034 1238 ἐπιτηδεύειν.
1088 1142 1125 1214 οὗ
1155 1153 1217 1235 γάρ
1241 1147 1370 1238 εἰδότες
1391 1151 1429 1210 τδ

61 1270 113 1322 (εει
126 1270 157 1322 lb
171 1253 305 1336 βέλτιον
332 1256 351 1340 ἢ
381 1257 420 1317 τό
445 1259 559 1339 χεῖρον
586 1257 606 1341 ἢ
636 1257 674 1317 τό
704 1259 877 1340 συμφέρον
906 1255 1080 1338 αἱροῦνται
1111 1245 1217 1316 οὐδέν.
1268 1254 1364 1326 ὅστις
1395 1243 1427 1312 δ’

173 1357 372 1442 ἐπεθύμησε
396 1358 593 1443 φρονήσεως
615 1357 672 1418 καί
693 1353 857 1440 διενοήθη
881 1363 956 1431 πῶς
976 1358 1037 1440 χρη
1054 1352 1308 1440 ἐπιμεληθέντα
1328 1355 1432 1416 αὑτοῦ

126 1470 154 1520 10
174 1462 231 1522 καί
254 1457 432 1522 παίδευσιν
454 1460 529 1521 τίνα
554 1456 786 1520 παιδευθέντα
807 1458 970 1539 γενέσθαι
993 1455 1098 1541 ἄνδρα
1122 1458 1254 1539 άγαθδν
1276 1458 1333 1518 καί
1357 1453 1428 1518 δια·

173 1567 318 1646 φέροντα
341 1569 408 1625 τῶν
431 1559 577 1639 πολλῶν,
599 1568 718 1623 τοῦτον
741 1562 805 1642 ἐγώ
831 1581 919 1646 φημι
943 1561 1077 1644 φύσεώς
1099 1580 1135 1620 τε
1156 1568 1302 1645 χρηστης
1317 1564 1429 1638 τυχεῖν

170 1667 227 1729 καί
248 1668 348 1752 τύχης
371 1667 501 1746 δμοίας.
547 1663 645 1740 ἐλπίς
667 1665 729 1748 γάρ
753 1659 913 1749 ζητοῦντα
935 1664 991 1725 καί
1015 1660 1261 1742 παιδευόμενον
1284 1658 1430 1746 ἐξευρεῖν

171 1773 210 1832 τό
233 1766 310 1832 δέον
331 1769 388 1830 καί
410 1769 498 1852 πρδς
519 1769 554 1829 τί
576 1768 705 1851 δρῶντα
727 1768 784 1828 καί
798 1766 834 1826 τί
847 1761 1052 1846 βουλόμενον
1068 1766 1180 1826 πάντα
1196 1765 1238 1825 τά
1261 1761 1346 1826 ἄλλα
1366 1765 1428 1848 χρη

172 1864 413 1956 πράττεινκαὶ
436 1870 633 1947 οἰκονομεῖν.
680 1869 699 1929 ό
723 1864 758 1930 δέ
781 1874 882 1928 τοῦτο
906 1867 1015 1940 συνείς
1031 1867 1166 1929 ἅπαντα
1182 1866 1223 1927 ἂν
1239 1864 1301 1951 ηδη
1316 1861 1428 1940 καλῶς
1450 1870 1469 1932 6

125 1981 155 2034 lb
176 1966 422 2058 διαπράττοιτο
445 1973 502 2033 καί
516 1971 558 2032 τά
572 1965 675 2050 μείζω
700 1966 861 2031 δοκοῦντα
888 1969 945 2030 καί
973 1968 1014 2029 τά
1045 1970 1262 2051 σμικρότερα·
1283 1968 1340 2029 καί
1361 1964 1429 2027 εἴτε

174 2077 319 2160 ίππικης
331 2071 528 2158 ἐπιτηδεύοι
543 2073 691 2155 ἀγωνίαν
707 2071 774 2134 εἴτε
789 2079 954 2156 μουσικῆς
969 2069 1037 2132 εἴτε
1053 2071 1216 2154 γεωργίας
1231 2066 1430 2148 ἐπιμελοῖτο

173 2176 241 2239 εἴτε
272 2179 469 2260 στρατηγεῖν
497 2170 615 2235 ἐθέλοι
644 2175 663 2258 ἢ
694 2174 807 2256 ἄρχειν
830 2173 891 2247 τάς
913 2169 1018 2247 ἄλλας
1040 2172 1184 2256 άρχάςῆ
1215 2172 1256 2232 τά
1280 2168 1364 2233 ἄλλα
1387 2171 1429 2232 τά

172 2279 269 2340 κοινά
292 2280 327 2340 ἐν
350 2285 391 2360 τῇ
414 2273 514 2338 πόλει
537 2273 716 2359 πράττειν,
745 2271 855 2349 καλῶς
878 2275 917 2336 όν
942 2269 1054 2336 πάντα
1086 2275 1242 2353 ποιήσειε
1272 2275 1328 2335 καί
1351 2275 1430 2355 περί

25 2393 79 2443 ιεεε
92 2392 115 2434 τι
128 2391 161 2442 11)
176 2372 273 2442 οὐδὲν
296 2381 336 2440 άν
360 2374 559 2464 σφάλλοιτο.
600 2379 678 2440 άνευ
701 2374 737 2438 δέ
761 2378 881 2439 τούτου
903 2368 988 2439 καθ’
1013 2379 1153 2439 ἕκαστον
1166 2379 1227 2456 μὲν
1242 2383 1309 2438 τῶν
1326 2377 1430 2458 ἔργων

126 2491 155 2542 20
176 2483 284 2544 ἐνίοτε
307 2479 396 2563 αὐτῷ
419 2482 534 2543 τεκαὶ
560 2485 633 2554 τοῖς
662 2476 778 2554 ἄλλοις
808 2480 966 2566 φαίνοιτο
997 2481 1037 2542 ἂν
1065 2481 1273 2561 κατορθοῦν·
1305 2477 1377 2542 οἷον
1401 2481 1431 2541 εἰ

173 2591 328 2666 γεωργῶν
350 2585 566 2665 ἐπιτυγχάνοι
592 2584 670 2665 περί
692 2583 772 2657 τούς
794 2584 946 2666 καρπούς
968 2605 987 2668 η
1013 2584 1173 2646 ἱππεύειν
1189 2585 1431 2666 ἐμπειρότερος

174 2684 260 2770 εἴηῆ
284 2687 325 2746 τά
347 2685 432 2746 κατὰ
453 2687 616 2770 μουσικήν
639 2688 760 2760 ἱκανῶς
782 2687 961 2765 γιγνώσκοι
983 2687 1002 2770 ἠ
1027 2681 1271 2767 ἀγωνιζόμενος
1294 2681 1431 2746 δύναιτο

173 2794 240 2850 τῶν
263 2784 460 2849 ἀντιπάλων
481 2792 634 2870 κρατεῖν,
665 2790 703 2849 τό
728 2785 764 2850 δὲ
790 2790 926 2867 σύμπαν
950 2789 1139 2869 ἁμαρτάνοι
1161 2789 1202 2850 άν
1225 2790 1310 2870 πρὸς
1336 2785 1431 2850 σύδέν

173 2891 306 2974 άγαθδν
330 2887 406 2952 ούδέ
431 2891 517 2952 ὥστε
533 2886 750 2976 ὠφελεῖσθαι
765 2897 869 2950 ταῦτα
887 2884 1115 2972 ἐργαζόμενος.
1155 2891 1272 2952 οὔκουν
1288 2888 1429 2964 δυνατός
1452 2893 1469 2952 ’ῖ

125 3005 156 3055 23
178 2995 270 3055 ἐστιν
292 2989 519 3073 εὐδαιμονεῖν,
552 2993 667 3075 ὥσπερ
691 2982 766 3053 οὐδ’
791 2987 979 3077 εὐπλοῆσαι
1009 2988 1149 3054 δύναταί
1176 3014 1229 3068 τις
1251 2993 1309 3055 ούκ
1331 2989 1431 3066 εἰδώς

174 3097 261 3159 ἐνθα
278 3092 367 3173 πλεῖ,
389 3097 499 3180 μάτην
515 3088 563 3177 [δὲ
579 3087 668 3177 άρτι]
683 3096 719 3157 ἐν
734 3092 781 3176 τῷ
800 3089 940 3175 πελάγει
956 3096 1151 3178 φερόμενος,
1175 3103 1231 3157 νῦν
1245 3097 1307 3175 μέν
1323 3095 1431 3179 όρθης

264 3351 272 3401 1
295 3343 424 3419 άργνρον
441 3345 494 3399 ΡΜ
563 3347 578 3398 ³
597 3333 633 3400 αὖ
650 3339 684 3400 τὸ
703 3344 730 3399 Η
783 3343 818 3401 τὸ
837 3348 956 3416 πρᾶγμα
973 3343 1043 3408 libri,
1060 3341 1096 3402 τά
1115 3341 1271 3418 πράγματα
1284 3345 1381 3414 Ρίίαςίε

173 3437 189 3486 b
207 3427 378 3504 ἐπιτηδεύειν
396 3430 421 3485 Η
438 3425 603 3487 ίπιτιδεύειν
619 3429 642 3484 Ρ
728 3423 797 3495 (laic
813 3424 892 3494 εἰκὸς
909 3428 965 3496 ΡΗ,
983 3425 1023 3495 ώς
1041 3446 1095 3486 om.
1114 3429 1176 3498 ΒΜ,
1194 3428 1316 3496 εἰκότως
1331 3435 1398 3496 (τως
1415 3445 1432 3483 ε

174 3522 255 3581 corr.)
272 3515 297 3572 U
384 3520 398 3571 8
417 3515 561 3588 ξυμφέρον
578 3517 602 3570 Β
692 3509 728 3571 τὸ
747 3509 895 3587 ου’μφὲρσν
910 3511 947 3586 (ἢ
963 3511 998 3571 τὸ
1018 3511 1201 3586 ἀσύμφορον)
1219 3515 1380 3570 Herwerden

173 3597 381 3673 ῶέπιῶύμησεν
399 3601 427 3654 Μ
528 3604 591 3666 πώς
608 3599 697 3668 Μωμ,
715 3595 755 3665 ὥς
771 3600 833 3655 libri
936 3596 1065 3658 αδτοῦΡ
1170 3607 1201 3656 10
1221 3597 1363 3657 παιδεύειν
1382 3616 1431 3669 pro

172 3688 319 3744 παίδευσιν
336 3687 365 3740 Μ
467 3687 532 3743 τίνα
550 3685 644 3754 Μωμ,
667 3705 730 3742 τινα
752 3689 801 3742 καί
819 3685 849 3740 Μ
867 3705 930 3743 τινα
953 3687 1036 3740 celeri
1143 3693 1170 3742 ll
1196 3683 1347 3744 τούτωνΒ

175 3775 206 3826 12
224 3770 308 3844 τύχης
324 3770 560 3842 wyttenbachius,
578 3775 669 3843 ψυχῆς
685 3771 747 3826 libri
834 3767 943 3841 ὁμοίως
961 3773 986 3829 U
1004 3789 1038 3827 ια.
1057 3789 1098 3842 pr.
1179 3777 1210 3826 13
1230 3773 1270 3838 εἰς
1287 3767 1363 3828 τδΒ

176 3863 206 3913 15
225 3853 404 3928 σμικρότατα
424 3855 448 3909 Η
518 3861 548 3909 12
567 3854 664 3914 ἐθέλοι
681 3857 710 3910 ln
727 3873 795 3925 ταις,
814 3857 903 3928 suppl.
923 3857 945 3911 P
1026 3863 1056 3913 18
1073 3862 1170 3923 καλῶς
1187 3852 1225 3913 άν
1244 3857 1301 3922 ΡΗ,
1319 3872 1430 3925 quorum

172 3945 235 3998 loco
252 3933 338 4008 οὗτος
355 3941 404 3998 Uli
422 3932 453 3998 εὖ
471 3940 501 3995 Μ
570 3938 697 4013 ποιήσειε
716 3942 806 4012 Μωμ,
824 3943 935 4010 ποιήσει
952 3942 1032 3999 UBM
1050 3941 1167 4013 ποιήσοι
1184 3941 1233 3996 PII
1310 3947 1341 3996 12
1359 3937 1430 4012 σφά-

173 4031 253 4085 λσιτο
272 4027 351 4082 ΜΡΗ
438 4032 471 4081 20
489 4021 568 4100 αύτῷ
584 4046 615 4083 τε
633 4027 659 4080 Η
677 4021 766 4085 αὐτοῦ
783 4027 854 4084 τεΡ
940 4037 1003 4094 τοῖς
1019 4042 1071 4081 om.
1090 4026 1169 4082 UBM
1266 4031 1432 4095 κατορθοῦν

172 4113 252 4182 Emp.
270 4114 427 4184 κατορθῶν
446 4111 509 4166 libri
611 4113 639 4170 εἰ
660 4113 759 4192 ⁰¹¹¹·ss
862 4116 893 4167 21
918 4115 984 4185 περὶ
1000 4111 1102 4168 om.U
1204 4109 1333 4170 ίππεύειν
1355 4111 1379 4164 Η
1398 4111 1430 4174 ll)

173 4197 282 4266 Rolano,
300 4194 429 4255 ἱππεύων
441 4199 525 4254 celeri
579 4203 611 4254 22
628 4195 647 4270 ἢ
664 4194 699 4257 τὰ
717 4193 793 4255 κατὰ
806 4197 906 4253 bebio
918 4193 975 4255 εἴτε
992 4193 1067 4255 κατὰ
1082 4197 1179 4253 UBPH
1196 4190 1246 4270 ἥτε
1263 4193 1337 4255 κατὰ
1351 4195 1379 4248 Μ

172 4280 311 4355 μουσικὴν
334 4275 369 4355 ἦν
390 4282 417 4337 Η
538 4281 693 4356 γιγνώσκοι
711 4283 789 4349 Wil.‚
814 4280 983 4356 γιγνώσκων
1003 4283 1109 4340 ΠΜΡΗ
1131 4279 1282 4356 γινώσκων
1306 4283 1329 4336 Β

172 4373 205 4425 23
223 4363 419 4441 ἁμαρτάνοιτε
436 4385 485 4440 pro
504 4364 666 4441 ἁμαρτάνοι
688 4365 725 4426 civ
751 4368 779 4422 Μ
801 4369 845 4434 (δε
863 4369 885 4423 Β
908 4369 945 4423 nil
969 4373 1086 4425 leniatur
1103 4367 1194 4438 Emp.)
1298 4373 1331 4423 24
1349 4371 1430 4425 δονα-

172 4451 224 4522 τάς
240 4455 351 4525 scripsi,
375 4452 497 4513 δυνατόν
514 4454 576 4510 libri
679 4459 711 4510 26
729 4455 759 4514 δέ
776 4450 843 4526 άρτι
861 4471 913 4510 om.
933 4455 981 4511 ΡΗ
987 4475 993 4524 ς
1021 4455 1051 4512 δέ
1068 4453 1149 4514 άττει
1167 4452 1282 4512 coniecit
1299 4452 1361 4507 Wil.

173 4533 272 4614 ὀρθῶς
290 4539 315 4593 II
