3526 5264
638 395 776 456 offilo
794 397 919 458 LXXIX.
1348 402 1409 464 221

150 593 272 659 ροντας
293 581 361 636 τῶν
384 575 473 636 πάνυ
498 571 647 659 φαύλων,
670 576 789 653 δμοιον
811 568 893 656 (ὡς)
913 573 1021 651 εἴτις
1042 578 1121 652 τούς
1142 578 1216 642 ἐκεῖ
1234 574 1411 658 δεσμώτας

151 673 234 740 ίδὼν
250 679 435 760 προϊόντας
450 678 486 738 ἐκ
501 685 560 763 της
576 679 707 762 εἱρκτῆς
721 671 850 762 ἐζήλου,
871 679 930 740 καί
944 680 1082 741 πάντων
1106 675 1411 761 εὐδαιμονέστατον

151 779 259 863 ἐκρινε
280 780 339 841 τόν
362 780 480 859 ἔχοντα
502 779 564 854 τάς
592 773 728 859 μείζους
756 775 874 854 πέδας.
927 780 958 842 εί
987 777 1024 842 δέ
1052 777 1179 867 ἐλέφας
1206 783 1409 863 θαυμαστὸν
1433 787 1453 847 4

149 889 258 968 κτῆμα
273 883 330 944 καί
345 883 586 967 περιμάχητον,
600 873 698 945 Ἰνδοί
714 877 802 944 πολύ
819 884 957 945 πάντων
972 879 1178 964 ὀλβιώτατοι
1193 886 1250 949 καί
1264 886 1411 969 ἀριοτοι,

23 980 132 1084 (fflfflflb
154 977 241 1070 παρ’
267 984 320 1061 οίς
342 986 503 1069 ἔρριπται
524 984 566 1046 τά
588 991 656 1046 τῶν
678 980 872 1069 ἐλεφάντων
896 986 982 1047 ὀστᾶ
1001 987 1059 1048 καί
1082 983 1192 1063 οὐδείς
1219 990 1412 1073 πρόσεισιν,

154 1089 271 1172 ὥσπερ
294 1084 421 1150 ἐνθάδε
443 1087 485 1148 τά
507 1092 576 1149 τῶν
596 1086 688 1168 βοῶν
710 1106 747 1149 τε
768 1087 825 1150 καί
847 1088 948 1150 όνων·
970 1089 1028 1152 καί
1049 1085 1226 1170 πολλαχοῦ
1247 1108 1354 1177 φασιν
1376 1093 1412 1154 ἐν

151 1195 225 1265 τοῖς
254 1191 385 1270 τοίχοις
413 1186 717 1270 ἐνοικοδομεῖσθαι
744 1190 786 1252 τά
822 1192 942 1275 κρανία
977 1197 1045 1253 τῶν
1074 1187 1268 1278 ἐλεφάντων
1298 1193 1414 1269 αὐτοῖς

153 1290 300 1357 όδοῖοιν.
344 1294 380 1355 τί
402 1289 438 1356 δέ
457 1295 520 1378 χρη
545 1294 625 1376 περί
647 1288 785 1355 Κελτῶν
809 1289 927 1374 λέγειν,
950 1296 1038 1356 ὅπου
1056 1297 1144 1380 φασί
1158 1297 1315 1376 ποταμόν
1337 1316 1413 1358 τινα

151 1399 356 1481 καταφέρειν
377 1397 416 1457 τδ
447 1392 606 1480 ἤλεκτρον
634 1395 691 1458 καί
721 1391 809 1456 πολύ
839 1403 1016 1475 πανταχοῦ
1041 1397 1185 1459 κεῖσθαι
1214 1399 1309 1482 παρὰ
1338 1402 1415 1472 ταῖς

107 1506 135 1559 lo
156 1497 280 1578 όχθαις
301 1496 577 1583 ἐκβεβρασμένον,
601 1497 718 1581 ὥσπερ
741 1497 778 1557 αί
793 1505 910 1582 ψῆφοι
925 1489 1010 1583 παρ’
1035 1503 1116 1584 ημῖν
1139 1500 1199 1563 ἐπί
1219 1507 1288 1564 τῶν
1304 1503 1415 1583 αίχια·

154 1598 238 1676 mm
266 1603 324 1663 καί
346 1602 513 1685 πρότερον
541 1601 603 1680 μίν
627 1601 661 1662 οί
684 1596 807 1675 παῖδες
830 1594 1010 1676 παίζοντες
1034 1598 1268 1687 διερρίπτουν·
1298 1611 1355 1666 νῖν
1379 1601 1415 1667 δὲ

151 1703 300 1765 κάκεῖνοι
323 1699 521 1785 συλλέγουσι
548 1703 605 1766 καί
636 1699 864 1787 φυλάττουσιν
895 1703 993 1781 αὐτό,
1024 1693 1109 1788 παρ’
1134 1708 1229 1789 ήμῶν
1257 1706 1415 1792 μεμαθη·

151 1807 247 1880 κότες
268 1807 323 1868 ἀτι
344 1806 431 1868 είσίν
453 1802 659 1885 εὐδαίμονες.
759 1805 824 1889 ἀρα
847 1805 1059 1884 ἐνθυμεῖσθε
1082 1809 1136 1869 ότι
1157 1809 1284 1883 πάντες
1307 1805 1413 1886 αὐτοι,
1437 1810 1456 1872 5

154 1904 237 1990 λέγω
261 1904 298 1970 δέ
321 1909 401 1982 τούς
417 1903 567 1983 Κελτούς
587 1909 646 1970 καί
657 1898 782 1983 Ἰνδούς
803 1908 860 1969 καί
876 1897 1011 1992 Ἴβηρας
1032 1909 1090 1972 καί
1106 1899 1256 1994 Ἄραβας
1276 1913 1334 1974 καί
1349 1913 1418 1974 Βα-

108 2019 137 2071 1⁶
159 2006 361 2091 βυλωνίους,
391 2011 520 2095 φόρους
541 2000 635 2094 παρ’ι
653 2013 748 2095 ημῶν
779 2005 1024 2091 λαμβάνουσιν,
1055 2011 1093 2072 οὐ
1124 2019 1184 2097 της
1203 2015 1318 2098 χώρας
1341 2011 1418 2078 οὐδὲ

155 2117 222 2174 τῶν
245 2111 479 2196 βοσκημάτων,
502 2106 588 2172 ἀλλὰ
611 2120 672 2195 τῆς
694 2111 813 2186 ἀνοίας
835 2119 895 2197 τῆς
916 2114 1098 2194 ἡμετέρας·
1129 2113 1168 2174 οὐ
1190 2117 1271 2197 γάρ,
1294 2117 1335 2177 ἀν
1357 2117 1419 2195 μὲν

51 2229 102 2278 (σοι
113 2225 145 2276 ιιι
158 2217 233 2289 τοῖς
255 2210 377 2288 ὅπλοις
402 2213 630 2298 κρατήσαντές
645 2229 736 2284 τινες
758 2209 993 2290 ἀναγκάσωσιν
1016 2211 1133 2286 αὐτοῖς
1154 2211 1313 2297 ἀργύριον
1335 2215 1419 2276 ὑπο-

156 2312 264 2380 τελεῖν
286 2318 366 2391 τοάς
386 2319 602 2401 ἡττημένους,
624 2319 725 2375 τοῦτο
742 2305 943 2391 ὀνομάζεται
961 2313 1078 2396 φόρος,
1100 2314 1158 2378 καί
1172 2315 1266 2378 ἐστιν
1281 2314 1417 2398 ἀνθρώ·

159 2437 234 2481 πων
257 2419 296 2480 οὐ
321 2414 455 2504 σφόδρα
478 2417 622 2496 εὐτυχῶν
646 2411 722 2478 οὐδὲ
746 2410 910 2498 ἀνδρείων
934 2410 1064 2493 δασμόν
1087 2419 1218 2495 έτίροις
1240 2422 1416 2501 παρέχειν·

109 2531 139 2582 2)
160 2521 220 2584 ἐάν
242 2518 281 2584 δέ
301 2541 401 2599 τινες,
422 2522 507 2606 μήτε
527 2519 883 2602 ἐπιστρατευσαμένου
898 2512 1042 2600 μηδενὸς
1056 2519 1141 2604 μήτε
1156 2519 1417 2600 ἀναγκάσαντος,

158 2615 207 2687 δι’
231 2624 393 2710 εὐήθειαν
416 2619 452 2686 δύ
474 2623 531 2686 καί
552 2621 692 2708 τρυφήν,
714 2619 735 2681 ό
757 2619 837 2703 περί
859 2614 1022 2681 πλείστου
1039 2628 1221 2684 ποιοῦνται
1243 2623 1417 2701 ἀπάντων,

158 2728 316 2812 ἀρχύριον
339 2733 526 2807 πέμπωσιν
549 2727 690 2800 ἐκόντες,
715 2719 772 2786 διά
794 2727 923 2806 μακράς
944 2723 1006 2802 μίν
1029 2719 1121 2800 όδοσ,
1144 2720 1274 2811 πολλῆς
1296 2720 1332 2787 δέ
1352 2725 1419 2787 θα-

159 2826 281 2916 λάττης
302 2835 376 2906 τοῖς
396 2826 482 2915 μηδέ
504 2829 667 2910 ἐπιβῆναι
688 2822 818 2910 ῥᾳδίως
847 2822 1046 2904 δυναμένοις
1073 2833 1134 2910 τῆς
1161 2830 1325 2911 ἡμετέρας
1346 2836 1416 2914 χης,

12 2945 143 3002 [mnu
159 2933 197 2995 οὐ
219 2931 268 3015 τῷ
290 2933 395 2995 παντί
414 2933 531 2994 κάκιόν
553 2951 589 2994 τε
604 2930 660 2992 καί
676 2926 809 3009 αἴσχιον
825 2929 864 2990 τδ
879 2929 1094 3009 χιχνόμενον,·
1116 2924 1204 3014 πλην
1225 2931 1279 2992 ότι
1295 2926 1417 3005 λίθους
1440 2932 1460 2995 6

110 3045 141 3098 2ο
162 3036 302 3118 μικροὺς
322 3035 380 3096 καί
401 3034 563 3109 ἀσθενεῖς
590 3035 648 3096 καί
675 3035 713 3118 νη
736 3033 806 3095 Δία
832 3030 967 3116 θηρίων
997 3032 1083 3094 δστά
1110 3028 1262 3108 διδόντες
1292 3029 1420 3114 λαμβά-

159 3151 275 3200 νουσιν
298 3136 456 3220 άρχύριον
478 3136 536 3198 καί
554 3135 704 3220 χρυσίον,
727 3135 803 3196 ἀντί
820 3139 976 3218 χρηστῶν
993 3135 1143 3220 ἀχρηστα
1159 3131 1421 3198 ἀντικαταλλατ-

159 3241 306 3320 τόμενοι.
350 3235 499 3318 μάλιστα
523 3233 560 3300 δέ
587 3230 754 3316 θαυμάζω
784 3231 949 3311 πολλάκις
977 3238 1100 3301 ἐννοῶν
1129 3239 1184 3300 δτι
1212 3233 1332 3323 Μῆδοι
1359 3237 1421 3316 μὲν

159 3341 202 3402 τά
224 3343 341 3425 Σάρων
365 3337 525 3422 λαβόντες
546 3341 688 3425 ηχάπων
713 3341 771 3403 καί
799 3339 951 3424 ἐχαιρον,
980 3339 1117 3422 Πέρσαι
1146 3336 1182 3402 δέ
1212 3339 1254 3402 τά
1278 3334 1421 3424 Μήδων,

161 3441 359 3519 Μακεδόνες
382 3440 418 3506 δέ
440 3443 482 3504 τά
504 3444 665 3528 Περσῶν,
693 3443 751 3504 καί
771 3443 848 3503 τότε
871 3432 979 3522 ᾤοντο
1002 3441 1150 3521 εὐτυχεῖς
1171 3444 1344 3523 γενονέναι
1365 3439 1423 3502 καί

111 3558 144 3610 ³⁰
165 3548 329 3631 πράττειν
357 3548 512 3627 ἀμεινον,
548 3547 603 3608 ότε
634 3542 723 3624 είχον
751 3543 793 3604 τά
823 3550 891 3605 τῶν
921 3540 1055 3606 ἀθλίων
1087 3544 1144 3607 καί
1172 3539 1423 3622 δυστυχούντων

161 3649 324 3734 κτήματα.
367 3655 473 3710 ταῦτα
497 3644 534 3710 δέ
557 3647 616 3709 οὐκ
638 3643 749 3722 ἄλλως
771 3647 874 3729 ἐχωμε
900 3642 1009 3730 ληρῶν
1034 3643 1147 3724 εἷπον,
1177 3636 1254 3708 ἀλλ’
1280 3648 1423 3709 ὅτιτῶν

250 3905 262 3954 ι
277 3893 317 3967 ὥς
327 3897 389 3956 εδδ
398 3898 523 3966 emb..
534 3891 599 3956 οἷον
608 3897 687 3969 Emp.
734 3901 750 3952 2
762 3891 922 3969 προϊόντας
932 3891 1000 3954 ίόάν
1011 3897 1076 3963 (hoc
1085 3896 1187 3966 onl.)U
1234 3903 1248 3952 ῖ
1262 3900 1373 3970 τοίχοις
1384 3904 1424 3966 (οι

162 3985 396 4057 ρείυεεοοιτ.)1]
449 3976 619 4043 ἐδάοῦοιῐί
670 3986 699 4042 τί
710 3983 816 4041 όαίΠΒ
867 3982 1081 4056 περικείτωνΜ
1135 3988 1166 4038 10
1184 3979 1372 4057 παρ’δμῑυΰ

162 4067 217 4130 τὸν
234 4067 369 4145 αἰγιαλὸν
379 4069 430 4128 UB
484 4075 513 4126 11
533 4065 654 4140 ἔπαιζον
669 4063 706 4129 τά
724 4069 755 4128 όέ
771 4065 929 4144 έόβίπτουν
946 4067 993 4136 (Βι
1012 4063 1080 4127 τάδε
1091 4067 1135 4125 M:
1153 4065 1335 4144 ἐρβείπτουν)
1352 4069 1423 4136 libri,

164 4173 235 4214 corr.
252 4157 334 4229 Emp.
352 4155 482 4214 dubitans
535 4159 567 4212 1³
585 4153 773 4226 ἐνθυμεῖσθαι
791 4154 821 4210 Μ
875 4159 907 4210 14
924 4149 1116 4223 σκαιοτάτους
1132 4171 1183 4225 pro
1200 4149 1321 4223 κελτούς
1338 4155 1368 4208 Μ

166 4248 196 4297 17
210 4234 429 4310 τοῖςπάλυιςΜ
482 4235 580 4308 αὐτοῖς
591 4239 646 4298 ΒΜ
698 4244 731 4296 20
743 4239 813 4313 μηδὲ
823 4254 874 4311 pro
886 4240 973 4296 altero
983 4237 1056 4314 μήτε
1066 4239 1114 4297 BU
1168 4244 1198 4296 21
1213 4233 1374 4311 εδὴθιανΜ

164 4331 198 4382 22
216 4326 380 4397 πέμπουσιν
397 4325 424 4384 U
441 4328 584 4397 πέμπουσι
602 4326 626 4381 Β
730 4329 763 4380 24
782 4317 817 4383 οὐ
833 4327 877 4402 τῷ
894 4324 1022 4391 Omub„
1041 4315 1119 4384 οὕτω
1135 4324 1191 4381 ΒΜ
1209 4315 1302 4393 οὕτως
1319 4325 1345 4382 U

163 4408 320 4484 γινόμενον
336 4411 367 4467 Μ
454 4415 487 4466 25
505 4409 684 4484 ομικρυύςΒ
769 4415 803 4466 26
821 4404 1136 4482 άντικαταλαττόμενοι
1154 4411 1184 4467 Μ
1265 4413 1296 4466 27
1314 4407 1426 4468 ἐννοῶν

163 4495 273 4564 Βοίιίεθ,
291 4495 378 4556 ἐνίων
394 4495 458 4552 libri
526 4500 559 4554 28
577 4492 777 4572 λαμβάνοντες
795 4490 914 4570 ἔχαιρον
929 4501 993 4564 (om.
1010 4490 1131 4569 ἠγάπων
1146 4498 1206 4564 καί)
1217 4494 1266 4553 UB
1319 4493 1426 4571 Σόρων

165 4582 200 4640 de
216 4582 336 4654 Assyriis
353 4581 457 4641 dietum
474 4582 582 4641 videtur
599 4581 769 4640 retinendum
786 4597 848 4640 εειο
