3452 5264
321 326 362 384 12
720 325 846 382 morus
863 325 1186 384 BORYSTBENITIOA

319 501 409 563 θεοῦ
429 496 577 577 ξυνιέναι
600 497 817 582 δυναμένοις,
846 501 904 576 οδς
926 502 1061 586 Πέρσαι
1082 505 1211 585 μάγους
1232 497 1411 581 ἐκάλεσαν,
1434 505 1578 566 έπιστα-

318 607 441 682 μένους
461 603 670 686 θεραπεύειν
691 604 730 665 τύ
754 600 942 682 δαιμόνιον,
968 594 1028 683 οὐχ
1050 595 1260 690 ωςἝλληνες
1278 603 1398 688 ἀγνοίᾳ
1420 613 1483 668 τού
1503 607 1578 668 όνό-

317 723 426 784 ματος
455 706 563 780 ούτως
592 699 814 786 ὀνομάζουσιν
843 705 1052 790 ἀνθρώπους
1079 709 1214 792 γόητας.
1264 709 1388 770 έκεῖνσι
1416 704 1452 770 δὲ
1475 711 1517 770 τά
1540 729 1578 771 τε

318 803 403 868 ἀλλα
435 804 542 893 δρῶσι
568 805 796 891 καταλόγους
825 809 937 893 ίερούς
965 810 1023 872 καί
1049 806 1087 895 δή
1112 808 1159 892 τῴ
1182 810 1244 873 Διλ
1271 814 1456 896 τρέφουσιν
1483 813 1576 894 ἅρμα

317 911 475 972 Νισαίων
498 911 632 974 ίππων·
657 913 691 973 οί
714 908 752 974 δέ
773 913 842 974 είσι
864 908 1041 974 κάλλιστοι
1061 913 1118 975 καί
1138 916 1295 994 μέγιστοι
1317 919 1384 975 τῶν
1405 913 1490 974 κατὰ
1513 914 1573 998 τήν
1595 920 1613 970 ο

267 1003 449 1075 42Ἀσίαν·
472 1010 519 1096 τῷ
544 1009 582 1076 δέ
602 1032 639 1096 γε
656 1002 759 1096 Ἡλίῳ
783 1017 840 1076 ένα
865 1015 984 1077 ίππον.
1022 1012 1219 1100 ἐξηγοῦνται
1241 1011 1277 1078 δέ
1300 1016 1358 1078 τόν
1380 1015 1494 1094 μύθου
1517 1005 1578 1094 οὐχ

319 1115 434 1198 ὥσπερ
465 1118 499 1178 οί
527 1108 613 1200 παρ’
645 1121 725 1202 ήμῐν
756 1125 935 1202 προφῆται
962 1124 1030 1180 τῶν
1058 1119 1211 1180 Μουσῶν
1247 1121 1370 1181 ἕκαστα
1409 1112 1577 1202 φράζουσι

316 1217 401 1297 μετά
430 1215 559 1304 πολλῆς
588 1220 751 1297 πειθούς,
781 1215 866 1281 ἀλλὰ
895 1217 988 1298 μάλα
1017 1213 1190 1296 αὐθαδῶς.
1243 1219 1333 1284 εἶναι
1360 1220 1423 1304 γάρ
1453 1215 1493 1305 δή
1516 1225 1579 1282 τού

318 1316 512 1400 ξύμπαντος
533 1321 616 1401 μίαν
638 1321 770 1406 ἀγωγήν
791 1342 829 1383 τε
850 1324 906 1385 καί
927 1325 1101 1407 ήνιόχησιν
1116 1323 1184 1385 ὑπὸ
1200 1331 1260 1409 τῆς
1275 1325 1380 1407 ἄκρας
1395 1322 1577 1407 ἐμπειρίας

317 1441 353 1483 τε
375 1423 432 1484 καί
453 1424 569 1507 ῥώμης
591 1427 787 1508 γιγνομένην
810 1424 873 1500 ἀεί,
896 1425 953 1487 καί
973 1427 1097 1506 ταύτην
1120 1425 1297 1488 ἄπαυστον
1324 1427 1359 1487 έν
1382 1426 1574 1499 ἀπαύστοις
1597 1432 1628 1484 1⁰

318 1524 442 1599 αἰῶνος
464 1521 650 1609 περιόδοις.
694 1527 774 1601 τούς
797 1523 833 1588 δέ
852 1517 969 1588 Ἡλίου
991 1529 1048 1590 καί
1069 1523 1215 1613 Σελήνης
1238 1525 1393 1612 δρόμους,
1415 1526 1577 1609 καθάπερ
1594 1539 1628 1588 191
1642 1537 1664 1581 R
1676 1537 1704 1588 11)

317 1624 428 1704 εἶπον,
450 1633 561 1711 μερῶν
587 1627 675 1690 εἶναι
696 1630 855 1713 κινήσεις,
878 1629 961 1692 ὅθεν
984 1621 1048 1691 ὑπ’
1073 1630 1271 1714 ἀνθρώπων
1294 1629 1447 1715 δρᾶσθαι
1471 1633 1577 1714 σαφέ-

319 1744 447 1812 στερον.
502 1736 562 1814 τῆς
585 1726 621 1792 δὲ
650 1737 712 1792 τού
739 1727 934 1811 ξύμπαντος
961 1733 1125 1817 κινήσεως
1145 1733 1202 1795 καὶ
1225 1739 1333 1818 φορᾶς
1354 1734 1398 1818 μή
1429 1727 1578 1808 ξυνιέναι

266 1827 307 1891 43
319 1831 399 1905 τούς
421 1827 579 1910 πολλούς,
603 1823 680 1893 ἀλλ’
705 1833 838 1914 ἀγνοεῖν
860 1835 898 1894 τύ
920 1834 1069 1915 μέγεθος
1090 1831 1189 1896 τούδε
1210 1841 1273 1896 τού
1293 1835 1431 1915 ἀγῶνος.
1473 1835 1512 1895 τύ
1535 1828 1574 1917 δή

318 1931 403 2011 μετὰ
419 1939 518 1994 τούτο
532 1935 735 2015 αἰσχύνομαι
750 1929 890 2020 φράζειν
905 1941 973 1997 τῶν
988 1936 1107 1998 ίππων
1123 1940 1205 2020 πέρι
1218 1937 1345 2022 καὶτῆς
1357 1936 1572 2021 ήνιοχήσεως,
1596 1943 1624 1994 15

318 2036 414 2109 όπως
436 2031 653 2120 ἐξηγούμενοι
677 2033 840 2119 λέγουσιν,
865 2038 903 2099 ού
926 2041 1016 2100 πάνυ
1039 2059 1074 2101 τι
1090 2033 1326 2123 φροντίζοντες
1340 2039 1459 2119 όμοιόν
1475 2051 1578 2122 σφισι

317 2136 498 2220 γίγνεσθαι
516 2147 670 2225 πανταχῆ
688 2140 728 2204 τύ
743 2147 803 2226 τῆς
818 2142 956 2215 εἰκόνος.
997 2139 1081 2217 ἴσως
1102 2141 1165 2226 γάρ
1187 2141 1229 2202 ἀν
1245 2140 1430 2227 φαινοίμην
1445 2141 1577 2214 ἄτοπος

319 2239 414 2323 παρὰ
426 2231 596 2326 Ἑλληνικά
618 2263 655 2305 τε
676 2244 733 2306 καλ
751 2244 911 2328 χαρίεντα
928 2234 1066 2326 ᾅσματα
1081 2244 1287 2326 βαρβαρικὸν
1311 2223 1405 2325 ᾆσμα
1420 2237 1576 2326 έπᾴδων·

318 2346 410 2422 όμως
426 2340 461 2407 δὲ
475 2341 671 2430 τολμητέον.
711 2346 798 2430 φασί
820 2353 886 2408 τῶν
911 2346 1029 2408 ἵππων
1051 2349 1111 2409 τόν
1133 2353 1270 2427 πρῶτον
1286 2345 1422 2409 ἀνωθεν
1443 2343 1575 2427 ἀπείρῳ

319 2441 496 2532 διαφέρειν
524 2443 639 2510 κάλλει
661 2467 698 2510 τε
720 2450 777 2510 καί
797 2449 939 2530 μεγέθει
961 2451 1017 2512 καί
1038 2457 1213 2534 ταχυτῆτι,
1243 2451 1302 2512 άτε
1324 2445 1455 2526 ἔξωθεν
1477 2463 1574 2528 περι·
1596 2455 1627 2506 10

201 2533 208 2546 ’
318 2552 477 2630 τρέχοντα
500 2551 538 2610 τὸ
561 2550 724 2634 μήκιστον
746 2557 808 2611 τού
829 2547 967 2633 δρόμου,
991 2552 1097 2614 αύτού
1117 2554 1227 2636 Ζηνός
1250 2553 1358 2635 ίερόν·
1389 2549 1517 2633 πτηνόν
1539 2542 1576 2607 δέ

318 2649 423 2712 εἶναι·
451 2653 511 2735 τήν
541 2648 577 2713 δὲ
604 2655 708 2736 χρόαν
739 2648 911 2736 λαμπρόν,
944 2653 1046 2739 αύγῆς
1075 2662 1134 2740 τῆς
1164 2654 1430 2737 καθαρωτάτης·
1458 2651 1517 2711 τόν
1540 2644 1577 2709 δὲ

309 2744 430 2815 Ἥλιον
452 2755 488 2815 έν
510 2753 602 2836 αύτηῖ
622 2755 678 2817 καί
700 2756 760 2840 τήν
774 2750 921 2840 Σελήνην
945 2761 1066 2840 σημεῖα
1090 2765 1250 2842 προφανῆ
1273 2756 1436 2841 δρᾶσθαι,
1460 2753 1576 2832 ὥσπερ

318 2853 494 2935 οἶμαικαὶ
515 2853 621 2920 τῶνδε
642 2863 711 2918 τῶν
733 2858 852 2920 ίππων
874 2859 948 2920 ἐστί
971 2863 1104 2943 σημεῖα,
1127 2859 1169 2920 τά
1190 2861 1252 2938 μὲν
1273 2854 1445 2943 μηνοειδῆ,
1472 2853 1515 2916 τό
1539 2850 1576 2914 δέ

269 2955 310 3017 44
323 2953 454 3020 ἀλλοῖα.
505 2966 610 3020 ταῦτα
634 2956 670 3022 δέ
699 2950 761 3045 ὑφ’
792 2963 887 3044 ήμῶν
915 2960 1067 3043 δρᾶσθαι
1094 2964 1383 3044 συνεστραμμένα,
1411 2958 1574 3038 καθάπερ
1597 2967 1714 3019 mm

318 3056 390 3142 (έν)
413 3061 497 3146 αύγῆ
519 3057 659 3146 λαμπρᾷ
684 3059 811 3148 φλογός
834 3061 1031 3148 σπινθῆρας
1060 3064 1217 3146 ἰσχυρούς
1239 3061 1461 3139 διαθέοντας,
1484 3055 1576 3122 ἰδίαν

320 3158 356 3223 δὲ
379 3163 510 3248 κίνησιν
532 3164 619 3242 έχειν
640 3155 725 3225 καθ’
752 3165 846 3226 αύτά.
889 3166 947 3227 καί
968 3161 1074 3228 τάλλα
1097 3167 1206 3250 ἀστρα
1230 3156 1278 3229 δι’
1303 3165 1431 3228 ἐκείνου
1456 3162 1576 3246 φαινό-

318 3284 402 3345 μενα
424 3267 481 3327 καί
504 3261 680 3345 ξύμπαντα
702 3266 829 3328 έκείνου
852 3269 1028 3352 πεφυκότα
1051 3271 1134 3352 μέρη
1158 3268 1201 3329 τά
1230 3269 1292 3346 μὲν
1319 3263 1577 3351 περιφέρεσθαι

321 3368 381 3429 σύν
404 3365 496 3449 αύτῷ
517 3369 598 3448 μίαν
620 3370 745 3454 ταύτην
766 3370 885 3449 ἔχοντα
906 3370 1048 3455 κίνησιν,
1071 3370 1113 3432 τά
1130 3367 1167 3432 δὲ
1183 3366 1306 3444 ἀλλους
1324 3371 1403 3432 θεῖν
1419 3364 1577 3452 δρόμους.

317 3472 489 3551 τυγχάνειν
512 3466 548 3532 δὲ
572 3471 665 3554 παρὰ
688 3476 762 3547 τοῖς
783 3473 987 3556 ἀνθρώποις
1009 3480 1114 3534 ταῦτα
1136 3474 1197 3552 μέν
1221 3469 1310 3535 ίδίοο
1333 3475 1473 3534 ἕκαστον
1500 3469 1575 3530 όνό-
1597 3485 1714 3540 somn

405 3737 609 3808 1όυναμένους
625 3738 655 3793 Μ
706 3733 916 3814 θάνθραίπους
936 3738 965 3793 Μ
984 3731 1089 3805 αὐτοὺς
1106 3737 1179 3794 UBT
1231 3741 1397 3798 ύΝισαίων
1414 3740 1577 3813 Βνησαίων

318 3820 399 3878 MUT
466 3819 587 3897 μεγάλοι
605 3823 653 3880 UT
723 3821 853 3884 ύλππων
870 3825 900 3880 Μ
977 3827 1020 3882 τῶ
1035 3828 1120 3894 μύθω
1138 3822 1254 3890 (ελο11Τ
1323 3831 1505 3899 ίπροφῆται
1522 3840 1575 3882 om.

318 3909 391 3966 UBT
479 3914 510 3965 10
527 3901 584 3967 ἀπ’
602 3904 692 3968 αὐτὸν
709 3909 739 3964 Μ
828 3916 856 3966 11
881 3900 1018 3982 καθάπερ
1038 3906 1137 3968 ἵππων
1154 3908 1227 3965 UBT
1304 3914 1336 3965 12
1353 3913 1460 3982 κίνησις
1477 3909 1507 3966 Μ

319 3988 369 4056 ὑπ’
387 3989 556 4070 ἀνθρώπων
572 3995 685 4066 scripsi,
707 3986 761 4055 ὑπ’
779 3988 876 4053 αὐτῶν
892 3993 953 4050 libri
1041 4000 1073 4052 13
1090 4001 1212 4064 ξυνεῖναι
1228 3995 1301 4065 libri,
1319 4010 1389 4052 corr.
1408 3995 1509 4051 Reiflke

323 4087 351 4138 17
370 4079 546 4156 γενέσθαιΤ
616 4073 735 4146 ἀτόπως
751 4079 801 4136 UT
856 4082 886 4134 18
903 4084 1095 4154 βαρβαρικῶν
1117 4072 1195 4162 ᾆσμα
1208 4079 1281 4137 UBT
1299 4071 1378 4161 ᾆσμα
1395 4081 1448 4138 δαί.
1461 4079 1525 4136 Wss.

319 4170 431 4225 παίδων
447 4165 552 4224 ΠΒΤΜ
569 4165 628 4232 (sed
645 4171 710 4221 ante
727 4166 779 4222 hoe
791 4163 902 4220 verbum
914 4171 942 4220 εί
952 4165 982 4221 in
992 4166 1080 4223 medio
1093 4181 1205 4236 τεεαεας
1222 4166 1309 4223 fuine
1320 4166 1424 4222 videtur
1435 4163 1576 4225 έπαύόων.

319 4253 409 4323 Emp.)
478 4246 576 4308 19τὸν
586 4267 636 4321 pro
653 4251 748 4308 τῶνΒ
817 4246 851 4308 τὸ
872 4252 1032 4324 πρῶτονΤ
1102 4257 1134 4308 10
1151 4252 1241 4327 κάλλη
1259 4252 1289 4307 Μ
1361 4242 1520 4322 ἀπείπας),
1538 4247 1576 4310 τά

320 4357 350 4394 ιε
367 4337 430 4392 σεε
499 4339 532 4392 τε
550 4331 669 4405 ίμονσ
739 4339 771 4390 ιο
788 4332 821 4392 ιν
838 4335 900 4393 ιιι.
917 4335 1019 4394 Βααε
1087 4331 1158 4412 ιε’γὴ
1176 4337 1293 4411 ιαμπρε
1314 4335 1391 4393 σου
1465 4340 1497 4391 τι
1516 4332 1577 4409 ἔχει

320 4422 391 4478 UBT
409 4413 505 4489 (οὕτω
523 4421 571 4489 δὲ)
587 4423 637 4478 καί
652 4420 717 4477 Wil.
735 4421 862 4477 dubitans
931 4417 967 4482 τὰ
988 4419 1061 4482 ἄλλα
1078 4423 1127 4479 ΒΤ
1206 4419 1246 4482 δι’
1264 4420 1378 4482 ἐκείνου
1394 4422 1439 4479 vix
1455 4437 1523 4478 ειαα

268 4504 272 4512 ’
319 4511 350 4564 13
370 4511 419 4566 καί
436 4504 472 4566 τὰ
489 4506 542 4578 μὲν
560 4504 640 4572 UBT,
658 4503 688 4559 M
705 4519 732 4564 ο.
751 4523 785 4562 m.
805 4523 827 4563 ε.
898 4510 930 4562 29
949 4508 1040 4564 malim
1058 4505 1120 4568 τινὰ
1139 4509 1170 4570 δέ
