3476 5264
643 398 781 456 ORATIO
799 397 886 454 XXX.
1330 397 1392 458 297

133 581 220 660 ήμάς
237 576 324 638 οὕτω
341 581 473 658 γέγονεν
489 577 536 650 ὡς
551 571 647 652 ἔδοξε
668 573 716 657 τη]
740 573 825 656 θεῷ,
867 576 929 660 χρή
955 571 991 636 δέ
1013 570 1118 658 μηδὲν
1140 580 1207 636 τῶν
1222 564 1283 636 ὑπ’
1309 575 1391 637 έκεί-

136 698 194 741 νου
209 682 413 761 γιγνομένων
433 674 584 757 χαλεπόν
601 678 765 760 ήγεῖσθαι
785 674 872 762 μηδὲ
897 674 1067 761 δυσχερῶς
1091 680 1216 762 φέρειν,
1242 678 1288 751 ῶς
1304 696 1391 762 παρ-

138 788 291 844 αινοῦσιν
317 777 417 842 ἄλλοι
444 801 481 842 τε
513 782 618 865 σοφοί
640 781 697 842 καί
721 780 780 859 οδχ
801 782 922 864 ήκιστα
937 771 1101 864 Ὅμηρος,
1129 775 1233 860 λέγων
1253 775 1393 864 μηδαμῇ

137 880 315 968 ἀπόβλητα
339 882 427 946 εἶναι
449 883 654 966 ἀνθρώποις
676 883 717 945 τὰ
740 884 835 945 θεῶν
858 879 961 967 δῶρα,
983 878 1095 956 καλῶς
1113 875 1285 960 ὀνομάζων
1302 877 1393 964 δῶρα

103 997 117 1046 ι
139 985 181 1048 vd
204 987 283 1070 ἔργα
299 992 366 1048 τῶν
388 986 492 1063 θεῶν,
515 987 563 1060 ὡς
584 988 720 1048 ἅπαντα
743 986 860 1069 ἀγαθδ
884 987 964 1048 όντα
986 986 1042 1046 καί
1057 974 1116 1046 ἀπ’
1143 981 1264 1066 ἀγαθῷ
1286 986 1395 1065 γιγνό-

136 1108 230 1168 μενα.
274 1089 339 1170 έγώ
362 1089 423 1168 μὲν
446 1087 504 1150 οδν
527 1089 614 1149 οὕτω
639 1095 753 1172 φρονῶ
776 1090 833 1150 καί
861 1085 1001 1167 δέχομαι
1025 1083 1145 1170 πρᾴως
1170 1087 1230 1171 τήν
1253 1105 1391 1170 πεπρω-
1416 1091 1436 1153 9

11 1201 77 1246 ⁵0ss
93 1201 124 1255 11)
136 1195 248 1275 μένην,
272 1192 331 1252 οὐκ
352 1193 387 1253 έν
410 1194 512 1275 έτέρῳ
527 1188 636 1274 καιρηῖ
657 1198 762 1254 ταῦτα
787 1187 901 1273 λέγων,
925 1185 1010 1251 ἀλλά
1035 1189 1212 1272 παρούσης
1234 1207 1271 1249 τε
1294 1189 1396 1273 αὐτῆς

137 1292 193 1354 καί
215 1295 275 1378 τήν
290 1289 445 1378 τελευτήν
469 1294 556 1374 δρῶν
580 1295 687 1368 οὕτως
709 1293 860 1376 ἐγγύθεν.
896 1293 992 1372 ὑμεῖς
1014 1287 1050 1352 δέ
1067 1290 1144 1370 έμσί
1166 1292 1395 1368 πιστεύοντες.

138 1391 257 1480 έπειδή
280 1396 337 1458 καί
358 1392 484 1475 μᾶλλον
505 1398 599 1475 δμῶν
622 1392 839 1480 ἐπεμελήθην
863 1390 1040 1479 ἀληθείας,
1062 1381 1147 1454 καθ’
1172 1394 1253 1454 όσον
1270 1391 1340 1455 οἷοί
1360 1397 1398 1455 τέ

90 1504 119 1555 1ο
141 1497 233 1573 έοτε,
259 1499 305 1582 μή
331 1502 529 1581 συγχωρεῖτε
551 1505 593 1582 τῇ
615 1494 785 1582 ἀλγηδόνι,
809 1499 856 1570 ὡς
877 1493 1021 1581 μηδενός
1043 1496 1120 1575 έμοί
1143 1491 1257 1556 δεινοῦ
1278 1495 1397 1575 συμβε-

137 1597 290 1683 βηκότος,
311 1595 397 1683 μηδέ
417 1597 452 1661 εἴ
463 1619 516 1674 τις
539 1600 599 1662 έπί
620 1601 679 1662 τδν
694 1596 959 1682 δυσχερέστατον
974 1595 1075 1660 έλθσι
1090 1601 1157 1659 τῶν
1173 1592 1281 1678 λόγων
1296 1594 1393 1674 (λέξω
1408 1607 1448 1669 10

138 1696 174 1762 δέ
198 1699 299 1763 αὐτόν
320 1703 399 1781 ὑμῖν
423 1701 497 1764 σδτι
513 1721 581 1764 που
597 1703 742 1784 τερπνόν
758 1702 836 1763 όντα
862 1698 938 1763 οὐδὲ
958 1700 1136 1784 χαρίεντα·
1160 1699 1198 1760 οδ
1213 1699 1275 1783 γδρ
1300 1697 1398 1779 οἶμαι

137 1802 225 1885 πρδς
243 1805 343 1887 χάριν
365 1805 426 1889 τήν
447 1809 615 1888 ήμετίραν
636 1808 784 1886 γέγονεν·
813 1804 931 1883 ἔχοντα
959 1799 997 1864 δέ
1018 1822 1054 1862 τι
1075 1800 1279 1880 θαυμαστόν
1301 1799 1397 1877 ἴσως)

11 1915 12 1918 ’
138 1907 191 1967 ότι
212 1912 275 1966 τοῦ
294 1912 362 1968 τῶν
387 1908 542 1968 Τιτάνων
566 1907 710 1986 αίματός
731 1908 832 1986 έσμεν
855 1910 953 1991 ήμεῖς
976 1906 1125 1978 ἅπαντες
1150 1904 1185 1964 οἱ
1202 1903 1396 1988 ἅνθρωποι.

90 2014 119 2066 15
142 2007 189 2081 ὡς
212 2005 270 2069 οδν
292 2008 428 2070 ἐκείνων
449 2008 583 2087 έχθρῶν
607 2008 712 2090 όντων
733 2013 808 2083 τοῖς
829 2009 930 2081 θεοῖς
951 2007 1007 2068 καί
1030 2002 1295 2088 πολεμησάντων
1319 2003 1397 2068 οόδέ

138 2112 236 2192 ημεῖς
259 2106 357 2194 φίλοι
373 2111 484 2189 έσμέν,
508 2105 592 2170 ἀλλά
608 2105 824 2190 κολαζόμεθά
839 2129 876 2171 τε
890 2100 952 2171 ὑπ’
979 2109 1088 2170 αὐτῶν
1103 2109 1159 2169 καί
1174 2108 1234 2170 έπί
1248 2110 1396 2192 τιμωρίη

137 2212 335 2291 γεγόναμεν,
366 2212 402 2273 έν
433 2209 565 2296 φρουρᾷ
597 2208 636 2297 δή
662 2212 755 2286 ὄντες
777 2212 813 2273 ἐν
835 2209 882 2293 τῴ
905 2210 969 2291 βίῳ
992 2216 1155 2270 τοσοῦτον
1174 2211 1296 2288 χρόνον
1317 2212 1398 2272 ὅσον

138 2315 275 2376 ἕκαστοι
297 2307 415 2392 ζῶμεν.
460 2313 540 2387 τούς
562 2309 599 2374 δέ
622 2310 910 2397 ἀποθνῄσκοντας
932 2316 1026 2394 ήμῶν
1047 2306 1312 2391 κεκολασμένους
1333 2309 1396 2394 ήδη

24 2424 78 2477 (σοι
91 2422 124 2468 εει
140 2411 262 2486 ίκανῶς
292 2409 439 2474 λύεσθαί
466 2431 502 2474 τε
529 2411 587 2473 καί
614 2407 909 2473 ἀπαλλάττεσθαι.
955 2408 1043 2473 εἶναι
1066 2409 1102 2474 δὲ
1124 2414 1183 2480 τὸν
1204 2413 1266 2492 μὲν
1287 2413 1396 2474 τόπον
1411 2424 1447 2486 11

90 2523 119 2574 20
141 2521 270 2590 τοῦτον,
294 2514 332 2577 δν
353 2516 481 2593 κόσμον
504 2508 711 2594 ὀνομάζομεν
716 2561 726 2592 ,
755 2511 987 2598 δεσμωτήριον
1008 2515 1076 2576 δπδ
1098 2521 1166 2577 τῶν
1189 2516 1283 2577 θεῶν
1304 2535 1399 2576 κατε-

141 2621 365 2695 σκευασμένον
383 2613 537 2695 χαλεπόν
551 2636 588 2678 τε
610 2616 667 2678 καί
686 2612 861 2701 δυσάερον,
884 2613 1049 2678 οὐδέποτε
1071 2619 1131 2702 τήν
1154 2617 1257 2702 αδτήν
1278 2618 1396 2700 κρᾶσίν

139 2739 175 2781 τε
197 2719 254 2781 καί
276 2721 397 2783 στάσιν
420 2724 483 2779 τοῦ
503 2718 603 2800 ἀέρος
628 2713 808 2802 φυλάττον,
832 2713 917 2779 ἀλλά
942 2720 1026 2780 ποτε
1049 2719 1111 2798 μὲν
1131 2721 1261 2802 ψυχρόν
1283 2739 1320 2780 τε
1342 2719 1399 2781 καί

139 2823 297 2904 παγερόν,
313 2822 438 2900 ἀνέμου
455 2840 493 2884 τε
507 2821 564 2884 καί
579 2815 692 2905 πηλοῦ
704 2821 761 2882 καί
769 2821 885 2899 χιόνος
899 2822 956 2882 καί
967 2817 1090 2896 ὕδατος
1105 2818 1398 2906 ἐμπεπλησμένον,

139 2925 223 2986 ποτὲ
236 2920 272 2985 δέ
289 2923 334 2986 αδ
346 2924 479 3007 θερμόν
494 2943 530 2985 τε
544 2924 601 2985 καί
616 2924 796 3007 πνιγηρόν·
812 2924 931 3006 μικρὸν
947 2919 985 2986 δέ
998 2944 1074 2986 τινα
1091 2921 1267 2998 παντελῶς
1280 2925 1398 3005 καιρόν

90 3034 119 3084 κο
141 3031 203 3086 τοῦ
212 3025 308 3099 ἔτους
318 3026 465 3109 μετρίως
476 3027 579 3104 ἔχειν·
594 3026 844 3109 κατασκήπτειν
857 3021 893 3087 δέ
903 3027 959 3087 καί
974 3036 1171 3114 πρηστῆρας
1186 3029 1222 3090 έν
1238 3023 1327 3109 αδτῴ
1343 3027 1400 3088 καί

139 3133 298 3210 τυφῶνας
311 3128 528 3209 ἐγγίγνεσθαι
539 3129 597 3189 καί
608 3122 773 3202 πολλάκις
787 3128 946 3190 σείεσθαι
957 3129 1114 3191 κάτωθεν
1129 3127 1216 3193 ὅλον.
1244 3136 1349 3191 ταῦτα
1362 3125 1398 3191 δέ

140 3231 252 3290 πάντα
265 3226 353 3291 εἶναι
366 3226 524 3304 κολάσεις
536 3226 658 3303 δεινάς.
686 3224 940 3313 ἐκπλήττεσθαι
954 3231 1016 3314 γάρ
1033 3233 1192 3294 έκάστοτε
1207 3222 1271 3293 ὑπ’
1286 3229 1396 3292 αὐτῶν
1411 3237 1449 3301 12

139 3331 196 3393 καί
211 3331 402 3415 φοβεῖσθαι
418 3333 497 3406 τοδς
513 3330 733 3415 ἀνθρώπους,
757 3332 861 3394 όπότε
878 3332 1068 3413 συμβαίνοι.
1109 3337 1197 3418 πρός
1212 3332 1248 3397 δὲ
1264 3335 1399 3407 τσότοις

141 3433 199 3494 οδκ
211 3435 431 3513 ἀνεχομένους
441 3441 504 3496 τοῦ
514 3434 615 3517 ἀέρος
626 3435 686 3518 τήν
698 3428 893 3519 φαυλότητα
908 3435 965 3497 καί
976 3434 1038 3510 τάς
1047 3431 1239 3516 μεταβολάς
1250 3439 1347 3518 έτερα
1357 3435 1402 3499 αδ

88 3544 119 3594 ³0
138 3536 361 3618 μηχανᾶσθαι
375 3537 477 3619 μικρά
494 3532 719 3620 δεσμωτήρια,
741 3537 803 3610 τάς
823 3556 860 3597 τε
883 3537 993 3611 οίκίας
1011 3538 1068 3600 καί
1088 3533 1218 3614 πόλεις,
1243 3535 1324 3614 ξύλα
1345 3541 1401 3601 καί

11 3652 50 3698 σοι
63 3648 128 3699 ΒΗ)
140 3633 262 3712 λίθους
290 3634 518 3716 ξυντιθέντας,
543 3629 658 3721 ὥσπερ
682 3636 717 3700 εἴ
735 3657 788 3712 τις
809 3638 845 3699 έν
861 3633 988 3723 μεγάλῃ
1012 3640 1126 3724 εἱρκτῇ
1140 3642 1258 3722 ἐτέρας
1279 3641 1400 3723 βραχυ-

11 3799 12 3802 ,
139 3744 238 3824 τέρας
265 3737 495 3820 ἐνοικοδομοῖ·
523 3740 579 3802 καί
601 3739 643 3800 τδ
667 3740 819 3824 φυόμενα
842 3746 947 3801 ταῦτα
972 3741 1030 3803 καί
1051 3742 1109 3802 τδν
1130 3743 1262 3825 καρπόν
1284 3743 1342 3803 τδν
1364 3743 1400 3803 έκ

11 3865 13 3946 η
137 3851 196 3928 γῆς
225 3844 318 3904 ἕνεκα
347 3849 409 3903 τοῦ
443 3845 651 3926 παραμένειν
680 3845 767 3926 ήμάς
795 3842 991 3924 γίγνεσθαι,
1021 3842 1181 3927 καθάπερ
1209 3840 1400 3925 δεσμώταις

206 4060 221 4110 3
241 4053 340 4124 ἀλλοις
360 4056 392 4112 Μ
493 4055 530 4113 cs.
548 4057 628 4114 Hom.
646 4055 733 4113 11.111
751 4060 784 4111 65
809 4051 891 4113 οδτοι
916 4050 1061 4130 ἀπόβλητ’
1086 4054 1146 4115 ἐστί
1171 4062 1249 4117 θεῶν
1269 4059 1398 4134 ἐρικυδέα

136 4145 215 4216 δῶρα
267 4133 432 4209 δαδτωςΰ
483 4135 645 4200 θοίοίτἬ
700 4145 730 4197 13
747 4136 800 4213 τήν
816 4137 959 4212 ὑμετέραν
972 4140 1019 4197 UB
1074 4146 1107 4196 22
1126 4140 1349 4212 φυλάττονταΜ

139 4231 173 4282 24
191 4223 330 4301 πνιγερδν
341 4228 429 4298 UBM,
447 4224 622 4302 πνιγηρδνΤ
675 4231 708 4283 25
725 4222 944 4298 κατασκήπτειν
956 4228 1063 4299 scripsi,
1080 4231 1271 4288 καταπίπτειν
1288 4231 1349 4287 libri

138 4315 171 4367 2ss
188 4309 305 4372 κάτωθε
322 4309 416 4385 νόμον
432 4314 463 4370 Μ
542 4318 575 4369 28
594 4315 730 4385 συμβένσι
747 4313 773 4371 U
860 4317 893 4368 29
911 4305 1084 4387 ἀνεχόμενοι
1102 4315 1125 4369 Β
1143 4308 1319 4386 ἀνεχομένου
1336 4316 1401 4384 ΠΜ,

139 4391 373 4469 ἀνεχομένουςΤ
454 4405 487 4456 30
504 4399 714 4473 μηχανάαθεΒ
799 4389 854 4465 τάς
870 4418 903 4456 τε
921 4428 955 4439 ·-
973 4395 1074 4465 πόλεις
1090 4400 1198 4454 nauem
1214 4401 1320 4468 εδεεεε,
1337 4403 1402 4472 ηυδε

140 4483 373 4540 ετουεαείαδὶυε
389 4485 470 4542 huius
488 4485 594 4554 generis
611 4484 797 4539 nmationum
814 4483 963 4540 abhorrent
1031 4486 1081 4541 καί
1098 4479 1213 4551 ξδλαῐί
1263 4491 1294 4542 31
1314 4491 1400 4553 ξυντι-

136 4565 238 4634 θέντες
257 4568 306 4625 UB
375 4567 480 4645 είρκτηι
499 4570 523 4627 U
597 4574 630 4625 32
647 4565 832 4638 ένοικσόόμοι
849 4569 879 4623 Μ
