3476 5264
657 372 903 459 οελειοωι
1333 399 1400 458 τοι

146 578 232 660 βῶς·
253 579 310 640 καί
331 577 373 642 τά
396 574 482 642 ἀλλα
507 574 624 658 σχεόύν
647 582 859 663 σαφέστερον
874 569 1080 661 όπέξεισινη
1097 577 1177 660 περὶ
1191 571 1295 638 ἀλλσυ
1310 577 1404 650 τινός

146 687 214 743 τῶν
235 676 434 744 καλλίστων.
467 681 528 765 τήν
542 700 579 742 τε
601 681 663 765 γάρ
685 675 835 766 κεφαλην
854 679 1040 762 χαρίεσσαν
1062 679 1167 740 αὐτοῦ
1187 695 1294 763 φησιν
1316 675 1405 740 εἶναι

147 783 205 846 καί
226 784 286 869 την
306 784 412 868 κόμην
434 785 525 846 πάνυ
552 779 715 862 μέλαιναν
742 782 800 844 καί
820 783 859 844 τό
884 787 981 861 σῶμα
1006 781 1044 844 ού
1068 777 1219 863 σκληρόν.
1266 781 1346 863 περὶ
1368 777 1405 841 ἀὲ

6 950 53 996 m
91 948 98 974 ¹
149 892 212 948 τοῦ
227 875 407 965 Ἀχιλλέως
429 881 541 961 εἴόους
564 882 660 948 ούόίν
675 881 765 967 λέγει
778 875 863 948 καθ’
888 887 1028 947 ἕκαστον
1042 873 1160 965 (ἀλλ’)
1180 885 1276 968 ῆτης
1290 885 1405 967 κόμης,

20 947 130 1054 (Mum
152 990 206 1052 ὅτι
228 984 357 1064 ξανθός
379 983 436 1072 ἦν,
458 989 515 1051 καί
537 989 618 1070 περί
644 996 704 1072 της
725 987 905 1073 Εόφόρβου
932 989 1038 1073 κόμης
1059 988 1116 1050 καί
1137 983 1337 1070 Πατρόκλου
1360 987 1408 1060 ὡς

51 1054 83 1099 11)
152 1086 302 1170 μάλιστα
324 1093 360 1153 όν
382 1091 471 1174 ἀκμῇ
493 1086 779 1175 τελευτησάντων,
805 1091 864 1153 καί
886 1091 1054 1174 περὶτῶν
1076 1087 1187 1152 ἀλλων
1212 1091 1351 1172 σμικρόν
1372 1107 1408 1149 τι

150 1194 232 1276 περί
252 1195 394 1255 ίκάστου
416 1194 473 1255 καί
494 1189 625 1275 ἀνδρῶν
647 1193 703 1255 καί
724 1200 889 1274 γυναικῶν
910 1199 978 1255 τῶν
999 1189 1197 1256 καλλίστων.
1243 1189 1332 1278 πλην
1355 1193 1408 1253 ότι

150 1312 189 1375 γε
212 1291 322 1370 ούόείς
344 1295 385 1357 άν
408 1293 504 1358 εἴποι
525 1290 647 1357 τούσόε
670 1296 798 1375 ὁμοίως
820 1295 861 1356 ἀν
884 1293 973 1358 εἶναι
993 1291 1132 1373 καλούς,
1159 1292 1237 1358 ούόλ
1256 1286 1409 1370 Ἀλέξαν-

153 1393 233 1480 ἀρον
254 1398 274 1482 ἢ
297 1397 477 1483 Εὔφορβον
498 1398 518 1482 ἢ
545 1394 698 1481 Τρωίλον
720 1399 868 1460 ἐοικέναι
892 1419 928 1460 τι
950 1395 1114 1480 Μενελάῳ
1143 1399 1201 1460 καί
1221 1391 1408 1481 Πατρόκλῳ

105 1509 133 1561 1⁰
153 1501 212 1563 καί
232 1501 349 1584 Νιρεῖ,
379 1496 456 1563 ούόλ
484 1501 520 1562 ἐν
548 1504 622 1575 τοῖς
650 1500 837 1585 βαρβάροις
863 1503 1057 1584 Σέσωστριν
1084 1503 1143 1564 τόν
1165 1500 1362 1583 Αίγύπτιον
1389 1497 1409 1581 ἢ

156 1602 323 1682 Μέμνονα
345 1604 404 1665 τόν
426 1601 596 1666 Αἰθίοπα
617 1603 637 1687 ἢ
661 1605 792 1666 Νινύαν
813 1603 833 1688 ἢ
856 1599 1055 1687 Εὐρύπυλον
1076 1605 1096 1689 η
1119 1600 1276 1668 Πέλοπα.

681 1891 884 1900 ———-

249 2176 322 2268 (72)
344 2173 499 2258 ΠΕΡΙ
533 2174 828 2258 ΕΙΡΗΝΗΣ
861 2173 975 2260 ΚΑΙ
1009 2174 1338 2262 ΠΟΛΕΜΟΥ.

739 2350 840 2362 ——a

246 2445 366 2512 Πολλά
387 2451 449 2531 μὲν
470 2452 527 2513 καί
548 2447 633 2514 άλλα
657 2454 749 2536 εύροι
769 2474 825 2528 τις
852 2454 894 2514 ἀν
921 2454 978 2516 καί
1006 2450 1183 2534 ξύμπαντα
1207 2455 1351 2535 ἀτεχνῶς
1373 2458 1415 2519 τύ
1440 2460 1456 2520 1

162 2552 260 2634 ἔργου
275 2555 368 2627 τινός
390 2554 531 2634 ἐχόμενα
553 2555 610 2617 καί
633 2551 789 2638 πράξεως
809 2555 905 2618 κοινά
920 2561 994 2631 τοῖς
1011 2553 1220 2642 φιλοσόφοις
1241 2560 1298 2622 καί
1310 2552 1420 2641 <τοῖς>

162 2655 333 2739 ῥήτορσιν,
356 2657 433 2718 ὅσοι
447 2657 492 2741 μη
510 2656 667 2740 ἀγοραῖοι
682 2653 767 2742 μηδὲ
782 2657 982 2742 μίσθαρνοι,
1007 2661 1094 2743 πρὸς
1106 2660 1260 2744 χρήματα
1277 2661 1420 2744 ὁρῶντες

115 2764 143 2816 15
163 2758 267 2836 μόνον
295 2759 352 2820 καί
380 2759 443 2833 τάς
465 2755 641 2835 ίύιωτικάς
662 2757 870 2846 ἀμφιλογίας
899 2761 980 2844 περὶ
1009 2757 1224 2842 συμβολαίων
1246 2764 1266 2846 ἢ
1288 2759 1421 2824 τινων*

160 2853 282 2940 (ἀλλά)
304 2857 452 2946 όημσσίᾳ
476 2859 715 2943 συμβουλεύειν
736 2865 793 2926 καί
813 2864 1016 2944 νομοθετεῖν
1038 2861 1234 2944 ἀξιούμενοι
1256 2896 1295 2906 -
1310 2864 1421 2925 καθά-

164 2981 229 3046 περ
253 2961 350 3043 υίμαι
365 2961 533 3051 Περικλῆς
554 2968 611 3028 καί
626 2963 836 3050 Θουκυδίδης
854 2959 1023 3052 Ἀθήνησι
1044 2968 1101 3029 καί
1118 2963 1348 3052 Θεμιστοκλῆς
1371 2966 1422 3026 ότι

29 3069 153 3126 (5101211)
164 3066 331 3148 πρότερον
360 3067 417 3128 καί
438 3064 652 3153 Κλεισθένης
679 3071 736 3131 καί
762 3070 1031 3153 Πεισίστρατος,
1060 3072 1124 3145 ἕως
1152 3071 1203 3131 ότι
1232 3071 1343 3154 ῥητωρ
1366 3069 1423 3130 καλ

166 3163 364 3252 δημαγωγός
378 3171 527 3254 ηνείχετο
540 3167 761 3250 καλούμενος·
774 3163 985 3258 Ἀριστείδην
999 3175 1061 3252 μὲν
1075 3173 1137 3255 γάρ
1153 3173 1209 3236 καί
1223 3175 1421 3255 Λυκοῦργον
1443 3175 1464 3236 2

118 3269 149 3321 ²⁰
169 3272 226 3333 καί
247 3267 386 3333 Σόλωνα
409 3274 465 3334 καί
483 3264 769 3352 Ἐπαμεινώνδαν,
790 3275 846 3336 καί
870 3272 905 3336 εί
922 3295 975 3350 τις
996 3277 1109 3359 ἔτερος
1131 3283 1302 3352 τοιοῦτος,
1327 3271 1424 3361 φιλο-

170 3376 300 3459 σόφους
327 3375 363 3436 ἐν
392 3371 550 3458 πολιτείᾳ
579 3375 702 3438 θετέον
727 3377 747 3461 ἢ
771 3378 917 3462 ῥήτορας
938 3377 1023 3439 κατύ
1045 3381 1105 3463 την
1127 3379 1281 3460 γενναίαν
1310 3397 1348 3440 τε
1368 3361 1425 3438 καί

256 3627 461 3701 ιένιίξησινῦ
539 3623 702 3700 ἢΒοίεΙιίαι
721 3621 760 3695 ὡς
778 3620 813 3685 ού
830 3627 888 3693 UB,
906 3642 959 3683 om.
977 3627 1007 3682 Μ
1093 3630 1215 3699 ίφασίν
1232 3627 1266 3684 U.
1293 3628 1328 3682 cf.
1346 3627 1426 3686 Hom.

169 3714 451 3772 1.l.402.4⁰1.3·1³
520 3709 643 3787 ύκόνην
659 3713 690 3769 Μ
764 3711 875 3780 ίῖύους
892 3713 922 3768 Μ
991 3705 1057 3772 ἀλλ’
1076 3708 1093 3784 ἢ
1111 3711 1211 3782 οοείρεί
1228 3727 1289 3767 cum
1306 3712 1429 3780 Beiskio,

168 3795 187 3874 ἢ
204 3801 267 3857 IlbrI
373 3805 455 3873 ύτης
472 3793 631 3874 Εόφόρβου
653 3797 745 3874 κόμης
769 3799 801 3855 Il.
819 3799 899 3854 XVII
917 3803 946 3855 51
966 3799 1055 3868 κόμαι
1071 3799 1240 3871 χαρίτεσσιν
1259 3792 1357 3868 ὁμοῖαι

171 3892 233 3946 ύτι
250 3903 304 3946 om.
322 3887 349 3942 II
367 3903 403 3944 m.
420 3903 462 3959 pr.
533 3880 659 3955 βοόύείς
676 3882 716 3946 ἀν
733 3885 861 3952 Gusub„
880 3877 945 3944 οόόλ
961 3880 1018 3946 κόν
1028 3883 1091 3939 libri
1161 3877 1323 3953 ὃμοίουςῑί
1391 3877 1429 3940 ἀν

171 3974 235 4032 secl.
253 3975 334 4030 Dind.
403 3970 526 4041 κάλλους
541 3973 573 4028 Μ
624 3969 837 4047 θάφορβονΰ
922 3967 1091 4045 ἦΤρωίλον
1108 3968 1203 4027 om.U
1302 3972 1333 4023 10
1352 3966 1432 4040 νηρέ“’

173 4059 222 4118 UB
240 4061 333 4136 νηρόει
351 4061 382 4115 Μ
494 4065 524 4115 11
550 4060 583 4118 de
608 4060 766 4120 Sesostridiu
788 4057 990 4128 pulchriIudino
1010 4055 1077 4112 nihil
1099 4059 1266 4124 compertum
1290 4054 1431 4122 htbomun,

173 4146 207 4202 ἀι
220 4146 364 4203 Memnone
380 4150 411 4204 ού
421 4145 561 4218 Eurypylo
575 4146 610 4202 cf.
623 4146 701 4204 Hom.
716 4145 766 4201 Ού.
779 4145 820 4200 xl
832 4147 882 4199 520
891 4160 931 4212 sq.
962 4137 1071 4200 Νινύαν
1088 4140 1223 4204 Βοὶιίάαε,
1243 4139 1313 4208 quod
1331 4139 1432 4208 probat

173 4229 463 4302 w11.‚mavv'avlibri
534 4237 563 4287 1³
582 4241 644 4300 τοῖς
660 4233 723 4290 add.
741 4231 806 4287 wil.
897 4234 928 4284 14
945 4223 1076 4300 σχήματα
1095 4225 1124 4282 Μ
1213 4229 1243 4279 15
1262 4214 1432 4296 συμβολόων

173 4321 200 4384 (υ
216 4319 331 4375 alterum
348 4319 376 4376 In
393 4334 449 4376 m.
467 4334 486 4375 ε
503 4325 584 4384 corr.)
603 4318 627 4375 U
731 4323 794 4389 post
811 4336 899 4376 τινων
914 4315 1030 4372 alterum
1046 4309 1245 4368 εαοοιιαάτυια
1262 4309 1376 4374 excidit,
1399 4305 1431 4379 όὴ

175 4425 262 4464 τινων
279 4405 362 4476 Emp.
434 4411 465 4461 16
483 4407 622 4479 σημασίας
633 4404 663 4459 Μ
731 4403 762 4462 II
778 4403 841 4459 αύύ.
854 4401 961 4458 selden.
972 4403 1037 4471 post
1049 4399 1180 4475 άημοοίη,
1197 4411 1245 4466 ego
1264 4388 1336 4456 ἀλλὰ
1354 4407 1432 4464 μετα·

175 4492 241 4558 tuli,
264 4497 328 4546 aute
345 4493 469 4570 δημοσίᾳ
493 4492 679 4560 inserendum,
702 4493 733 4546 ut
754 4490 838 4559 magis
863 4487 1022 4558 pemplcuuu
1045 4484 1172 4540 evaderet
1200 4482 1349 4539 :autentim
1369 4494 1434 4550 pro·

176 4591 288 4646 gressus
357 4580 390 4632 20
408 4573 571 4650 φιλόσοφος
588 4575 701 4644 UBMT,
719 4589 789 4632 corr.
808 4574 886 4644 editu
902 4572 1005 4632 malim:
1021 4566 1077 4644 (ἢ)
1093 4565 1273 4650 φιλοσόφους
