3454 5272
493 365 723 423 TESTIMONIA
740 367 792 423 DII
809 366 900 422 VITA
917 365 1046 424 morus
1328 364 1389 426 313

221 541 272 625 38,
295 562 326 627 p.
344 543 421 606 223:
448 534 673 627 Ἐρυθριάσας
703 540 738 605 όέ
768 544 787 605 ό
807 543 919 620 Δίων,
947 539 1142 619 Διάλλαξόν
1162 563 1221 623 με,
1242 539 1393 624 βασιλεύ,

135 643 223 723 εἷπε,
248 647 335 729 πρός
354 637 585 708 Ἀπολλώνιον
608 647 667 708 τόν
691 641 894 708 διδάσκαλον
917 645 1004 729 ύπέρ
1027 643 1073 706 ὧν
1096 642 1281 727 ἀντιλέγειν
1302 643 1394 727 αὐτῷ

9 807 10 814 ,
135 744 236 825 έύοξα
258 750 362 833 μήπω
380 750 546 832 πρότερον
562 749 733 812 ἀντειπὼν
755 747 804 830 τῷ
827 745 934 831 ἀνόρί.
972 749 1158 823 ἐπαινέσας
1174 748 1232 810 ούν
1255 750 1273 810 ό
1294 748 1392 829 βασι-

137 847 221 928 λεύς,
243 851 354 927 Χθές,
377 853 454 937 έφη,
478 857 577 912 τοῦτο
601 853 665 933 έγὼ
688 841 799 935 ᾔτησα
822 852 878 913 καὶ
899 851 1055 934 ὑπάρχει.
1094 842 1169 911 ἀλλ’
1196 847 1285 913 αἴτει
1306 850 1391 930 ύπέρ

136 949 275 1037 ύωρεάς.
319 955 375 1016 καλ
397 955 416 1014 ό
435 954 541 1029 Δίων,
563 953 764 1037 Λασθένης,
788 953 866 1039 ἔφη,
889 954 963 1016 ἐστί
983 955 1045 1034 μέν
1068 949 1105 1030 έξ
1123 943 1314 1032 Ἀπαμείας
1335 958 1430 1036 τῆςί

9 1117 10 1122 ,
135 1053 241 1137 ἐντῷ
270 1056 431 1118 Βιθυνῶν
460 1056 573 1133 ἐθνει,
604 1051 874 1141 ξομφιλοσοφῶν
903 1053 941 1119 όέ
968 1076 1030 1137 μοι
1054 1050 1226 1135 χλαμύύος
1255 1053 1392 1138 ήράσθη

8 1196 9 1224 ;
135 1159 192 1220 καλ
223 1159 431 1241 στρατιώτου
459 1158 552 1239 βίου·
581 1165 716 1235 τοῦτον,
744 1154 864 1243 ἐπειόή
894 1158 1058 1241 τρίβωνος
1088 1153 1193 1219 πάλιν
1221 1157 1298 1239 ἐρᾶν
1331 1176 1394 1241 φη-

8 1299 9 1330 ;
138 1276 206 1337 σιν,
239 1261 317 1334 ἄνες
349 1268 409 1346 τῆς
444 1261 638 1344 στρατείας,
674 1257 786 1324 δεῖται
824 1256 860 1321 d&
896 1260 997 1334 αύτός
1031 1266 1145 1321 ταῦτα.
1209 1263 1328 1342 χαριεῖ
1358 1255 1394 1320 (II

136 1362 213 1440 έμολ
234 1364 296 1441 μὲν
318 1362 498 1448 άποφήναι
520 1363 621 1426 αὐτόν
644 1359 750 1447 ἄνδρα
773 1361 923 1444 ἀγαθόν,
947 1361 1060 1443 ἐκείνῳ
1085 1357 1121 1423 ύέ
1145 1355 1218 1445 ζῆν,
1249 1361 1296 1435 ὡς
1317 1361 1395 1442 βού·

139 1459 244 1526 λεται.
266 1484 294 1525 κ.
311 1483 339 1524 τ.
357 1460 384 1524 λ.
887 1513 891 1518 .
1419 1469 1448 1522 1⁰

223 1567 279 1647 39,
302 1583 334 1648 p.
350 1566 426 1628 224:
457 1556 501 1626 ‘H
526 1561 562 1627 ύὲ
592 1573 654 1626 τοῦ
680 1566 817 1640 Δίωνος
847 1562 1040 1651 φιλοσοφία
1069 1567 1319 1650 ρητορικωτέρα
1349 1563 1395 1647 τῷ

134 1660 353 1750 Ἀπολλωνίῳ
371 1669 531 1752 έφαίνετο
553 1669 611 1730 καλ
632 1669 668 1743 ές
689 1670 728 1729 τό
753 1668 937 1753 εύφραῑνον
959 1671 1248 1752 κατεσκευασμένη
1271 1663 1397 1748 μᾶλλον

137 1771 221 1832 όθεν
244 1767 491 1856 ύιορθούμενος
514 1771 616 1832 αὐτόν
647 1788 769 1857 φησιν,
799 1765 912 1852 Αύλῴ
932 1771 990 1832 καὶ
1012 1765 1095 1855 λύρᾳ
1116 1766 1243 1850 μᾶλλον
1265 1771 1285 1855 ή
1310 1766 1395 1852 λόγῳ

137 1870 255 1955 θέλγε,
277 1875 334 1936 καλ
357 1869 531 1952 πολλαχοῦ
560 1880 628 1935 τῶν
658 1875 745 1957 πρὸς
766 1874 885 1935 Δίωνα
915 1869 1108 1935 ἐπιστολῶν
1130 1868 1335 1956 ἐπιπλήττει
1357 1877 1398 1954 τῇ

140 1971 341 2058 όημαγωγίρ
363 1977 477 2057 ταύτῃ.
1419 1980 1448 2032 1⁵

223 2073 311 2158 VIII,
335 2079 365 2159 7,
387 2093 419 2157 p.
436 2077 515 2139 330:
537 2077 656 2138 Δίωνα
679 2078 724 2160 μή
749 2077 948 2160 παυσαίμην
970 2077 1110 2161 γράφων
1133 2078 1168 2138 ἐν
1192 2073 1318 2161 φίλοις.

224 2193 384 2260 Lucianus
407 2193 571 2278 Peregrin.
594 2213 621 2260 ο.
640 2193 695 2258 18:
729 2191 824 2280 Πλήν
854 2192 939 2256 ἀλλὰ
968 2196 1025 2257 καλ
1052 2202 1152 2256 τοῦτο
1180 2192 1310 2258 κλεινόν
1340 2196 1397 2258 αύ·

139 2304 201 2359 τού
227 2299 284 2360 καλ
315 2293 371 2360 ἐιά
402 2300 571 2377 στόματος
600 2293 640 2382 ήν
669 2298 815 2374 ἅπασιν,
840 2298 859 2359 ό
882 2294 1077 2382 φιλόσοφος
1106 2294 1163 2359 διὰ
1185 2299 1245 2382 τήν
1268 2318 1397 2383 παρρη-

143 2402 220 2463 σίαν
248 2402 305 2463 καί
332 2401 393 2486 τήν
422 2402 507 2482 άγαν
536 2397 736 2483 ἐλευθερίαν
765 2397 960 2477 ἐξελαθείς·
988 2401 1045 2462 καλ
1074 2397 1287 2485 προσήλαυνε
1311 2401 1397 2463 κατά

141 2509 241 2566 τοῦτο
264 2501 312 2585 τῷ
336 2504 530 2584 Μουσωνίῳ
554 2503 611 2564 καὶ
626 2503 737 2565 Δίωνι
758 2503 814 2564 καί
826 2493 1009 2588 Ἐπικτήτῳ
1032 2503 1089 2565 καί
1111 2501 1146 2564 εἴ
1163 2523 1217 2578 τις
1239 2500 1342 2578 ἄλλος
1363 2505 1399 2566 έν
1420 2509 1451 2561 20

143 2607 347 2690 περιστάσει
368 2607 508 2688 τοιαύτῃ
532 2601 676 2687 ἐγένετο.

116 2806 120 2812 ν
227 2722 426 2790 Τλιεωίελίσε
448 2720 590 2806 Οιελὸ,
612 2742 644 2807 p.
661 2724 719 2805 63,
742 2722 787 2789 D:
821 2723 919 2788 Ούτω
942 2725 999 2787 καί
1022 2726 1056 2786 οί
1078 2721 1229 2809 πατέρες
1255 2733 1315 2812 τῆς
1339 2735 1399 2811 σης

142 2824 322 2909 βασιλείας
350 2828 430 2902 τούς
459 2830 647 2911 προγόνους
668 2829 793 2912 ταύτης
816 2835 875 2912 τῆς
903 2823 1023 2912 τέχνης
1045 2836 1175 2913 ποήγον
1197 2861 1248 2902 -,
1273 2832 1398 2912 Τραια-

144 2932 201 3006 νός
224 2932 243 2991 ό
264 2925 372 3011 με’γας
393 2931 512 2991 Δίωνα
535 2931 594 2991 τόν
613 2935 758 3013 χρυσοῦν
780 2931 840 3015 τήν
861 2926 1021 3011 γλῶτταν.
1045 2964 1087 2974 -

227 3029 403 3096 Menander
431 3033 511 3114 περὶ
541 3023 779 3094 ἐπιδεικτικῶν
809 3028 903 3096 Rhet.
928 3029 981 3096 Gr.
1002 3029 1051 3096 111
1078 3050 1110 3114 p.
1126 3031 1199 3114 389,
1216 3034 1256 3097 30
1272 3029 1329 3115 Sp.
1358 3065 1399 3076 -
1421 3035 1452 3088 λδ

141 3135 222 3196 όταν
248 3135 293 3218 μή
323 3133 461 3216 τραχείᾳ
488 3133 654 3216 χρώμεθα
678 3142 719 3218 τῇ
748 3131 937 3218 ἀπαγγελίᾳ
959 3133 1044 3219 μηόέ
1068 3133 1250 3220 περιόδους
1277 3135 1397 3217 ἐχούσῃ

140 3237 197 3298 καί
224 3235 464 3320 ἐνθυμήματα,
494 3225 570 3296 ἀλλ’
595 3237 676 3298 όταν
698 3232 913 3320 ἁπλουστέρα
935 3239 1077 3322 τυγχάνῃ
1098 3240 1156 3300 καὶ
1178 3234 1398 3323 α’φελεστέρα,

142 3338 197 3400 οία
220 3333 479 3423 ήΞενοφῶντος
500 3339 557 3400 καλ
578 3339 812 3421 Νικοστράτου
833 3338 890 3400 καί
911 3339 1046 3413 Δίωνος
1068 3345 1129 3400 τοῦ
1149 3342 1399 3425 Χρυσοστόμου

141 3441 197 3504 καλ
214 3437 449 3523 Φιλοστράτου
471 3446 533 3502 τοῦ
553 3447 620 3502 τῶν
638 3428 810 3523 Ἡρωικῶν
832 3441 892 3525 τήν
917 3431 1075 3526 ἐξήγησιν
1096 3443 1235 3518 καὶτὰς
1258 3444 1400 3516 Είκόνας

142 3545 349 3626 γράψαντος,
374 3543 528 3628 εἰρομένη
552 3543 609 3604 καλ
631 3545 933 3617 όκατασκεύαστος.
1420 3548 1451 3600 ³⁰

228 3643 250 3709 l.
273 3643 294 3708 l.
316 3645 505 3727 p.411‚29.
553 3650 684 3726 γένοιτο
714 3636 748 3706 δ’
780 3646 820 3706 όν
848 3646 904 3707 καλ
932 3644 1001 3706 άπό
1033 3642 1154 3722 λέξεως
1185 3637 1399 3730 ἐπιτετηδευ-

5 3761 6 3802 ὲ
142 3753 244 3834 μένης
258 3749 315 3810 καλ
336 3743 655 3832 κεκαλλωπισμένης
672 3749 773 3831 χάρις
798 3738 835 3811 ἒν
858 3744 957 3830 λόγῳ,
981 3748 1037 3809 ola
1062 3741 1155 3812 ἐστίν
1176 3744 1400 3833 ήΠλάτωνος

142 3853 199 3914 καί
219 3847 443 3937 Ξενοφῶντος
464 3852 521 3913 καλ
542 3857 608 3913 τῶν
630 3853 817 3933 νεωτέρων,
846 3851 981 3926 Δίωνος
1006 3853 1063 3914 καλ
1086 3845 1321 3938 Φιλοστράτου
1344 3851 1400 3912 καλ

143 3961 211 4016 τῶν
235 3961 410 4039 σοφιστῶν
431 3956 511 4017 όσοι
540 3953 597 4016 καὶ
627 3953 825 4016 συντιθέναι
855 3953 893 4014 τό
918 3954 1144 4038 συγγραφικόν
1166 3949 1258 4027 είόος
1279 3947 1399 4029 έόοξαν

142 4062 336 4140 χαριέντως.
1422 4056 1452 4108 ³5

230 4155 345 4240 Synes.
368 4157 442 4223 Di0.
465 4176 515 4242 cp.
543 4162 568 4223 1.
623 4153 858 4241 Φιλόστρατος
886 4159 947 4238 μέν
975 4158 1174 4242 ύΛήμνιος
1196 4157 1400 4242 ἀναγράφων

146 4263 224 4336 τούς
253 4262 349 4343 βίους
378 4268 445 4324 τῶν
472 4267 589 4345 μέχρις
612 4261 716 4324 αὑτοῦ
741 4266 916 4345 σοφιστῶν
945 4260 981 4321 ἐν
1009 4260 1094 4346 ἀρχῇ
1123 4267 1185 4322 τού
1212 4256 1312 4341 λόγου
1341 4255 1400 4320 όύο

233 4551 265 4602 37
283 4545 315 4605 έν
333 4542 409 4622 α’ρχῇ
428 4579 456 4589 -
477 4552 626 4620 σοφιστῶν
642 4561 693 4602 om.
711 4547 735 4602 L
753 4561 788 4599 m.
807 4560 849 4616 pr.
867 4545 967 4614 (suppl.
985 4549 1040 4601 vet.
1058 4559 1128 4601 corr.
1146 4543 1174 4598 in
1192 4547 1270 4612 ταις.)
