3452 5264
340 391 380 450 34
706 391 829 448 DIONIS
846 393 898 448 An
917 391 1218 450 NICOMEDIENSES

338 570 407 630 ὑπό
430 569 626 654 ἀφροσύνης
648 564 791 653 ἄρξηται
815 564 1008 646 στασιάζειν
1028 572 1115 655 πρὸς
1138 571 1278 646 αύτούς,·
1299 574 1318 655 ή
1343 565 1379 632 δὲ
1403 567 1596 657 ἀδελφότης

290 681 328 743 16
343 671 378 732 τί
405 667 487 732 ἀλλο
517 672 608 732 έστίν
630 671 650 756 ἢ
674 667 832 757 ἀδελφῶν
854 674 1015 752 όμόνοια,·
1042 677 1062 758 ή
1093 670 1129 736 δὲ
1154 671 1253 760 φιλία
1276 675 1311 735 τί
1333 669 1415 734 άλλο
1438 674 1458 758 ή
1483 671 1595 760 φίλων

341 775 503 853 δμόνοια,·
532 774 588 835 καί
609 779 715 834 ταῦτα
738 776 850 836 πάντα
874 775 912 835 ού
935 778 1038 855 μόνον
1061 776 1177 858 ἀγαθά
1201 777 1275 838 έστι
1296 776 1352 838 καί
1373 773 1458 837 καλά
1466 824 1476 853 ,
1506 774 1593 840 ἀλλά
1611 789 1702 842 (mn)

338 876 395 937 καί
417 871 555 959 ήδιστα·
578 875 619 935 τά
645 871 680 937 δὲ
703 876 838 938 ἐναντία
860 879 996 953 τούτοις
1020 878 1058 939 ού
1080 879 1163 940 κακά
1179 882 1292 959 μόνον,
1317 874 1402 939 ἀλλά
1417 879 1474 940 καί
1489 876 1593 966 ἀηδῆ·

337 979 393 1040 καί
415 979 507 1058 όμως
530 977 613 1039 αύτά
637 975 802 1054 πολλάκις
824 979 899 1042 ἀντί
913 987 980 1043 τῶν
995 977 1144 1066 ήδίστων
1159 981 1302 1063 ἀγαθῶν
1319 981 1593 1066 προαιρούμεθα.
1616 989 1633 1040 1

338 1081 417 1156 τούς
439 1081 500 1161 μέν
524 1078 581 1142 οδν
610 1077 780 1160 πολέμους
808 1078 870 1167 ήδη
900 1084 990 1158 τινὲς
1019 1084 1094 1146 ἀντί
1122 1092 1182 1170 τής
1210 1085 1344 1169 εἰρήνης
1372 1079 1594 1146 ἐπανείλοντο

336 1179 491 1264 μεγάλων
520 1182 624 1244 όντων
652 1189 720 1245 τῶν
744 1180 936 1269 διαφόρων,
967 1186 1025 1265 ούχ
1056 1187 1102 1260 ὡς
1124 1187 1163 1247 τό
1185 1187 1361 1266 μάχεσθαι
1382 1190 1533 1270 κρεῖττον
1557 1186 1595 1248 δν

337 1285 356 1369 ή
381 1281 477 1369 ήδιον
498 1285 555 1347 καί
578 1279 787 1369 δικαιότερον
810 1294 872 1348 τού
891 1289 951 1372 τήν
974 1289 1107 1372 εἰρήνην
1130 1288 1239 1370 όγειν,
1266 1279 1342 1350 ἀλλ’
1368 1289 1403 1350 οί
1424 1289 1485 1368 μὲν
1507 1290 1594 1373 ὑπὲρ

337 1383 525 1467 βασιλείας,
549 1387 584 1448 οἰ
605 1383 641 1449 δὲ
663 1388 749 1471 ὑπὲρ
772 1384 980 1473 ἐλευθερίας,
1005 1389 1039 1450 οί
1062 1385 1098 1451 δέ
1120 1397 1181 1475 γῆν
1201 1391 1367 1472 κτώμενοι
1388 1392 1433 1476 μή
1451 1391 1594 1469 ἔχοντες,

339 1489 374 1550 ol
396 1486 432 1550 δέ
454 1485 631 1551 θάλατταν
654 1492 952 1574 περιποιούμενοι·
975 1492 1031 1553 καί
1052 1487 1257 1576 τηλικούτων
1272 1494 1364 1572 όμως
1385 1499 1452 1555 τῶν
1469 1490 1591 1556 άθλων
1615 1499 1644 1552 10

338 1595 500 1671 κειμένων
522 1594 558 1654 έν
580 1589 629 1674 τῷ
650 1595 743 1674 μέσῳ
775 1589 899 1655 πολλοὶ
926 1594 1111 1656 κατέθεντο
1141 1597 1199 1656 τόν
1230 1592 1380 1675 πόλεμον
1403 1595 1450 1670 ὡς
1472 1595 1530 1657 ούκ
1553 1597 1594 1659 ἂν

166 1674 169 1679 ’
290 1696 421 1765 Πάντα
445 1690 521 1757 ούδὲ
544 1695 620 1758 άντί
641 1701 708 1758 τῶν
730 1697 897 1778 μεγίστων
920 1697 1103 1783 αἱρεθῆναί
1126 1714 1246 1783 σφισιν
1268 1693 1374 1776 άξιον.
1418 1700 1456 1760 τό
1481 1695 1516 1760 δὲ
1539 1701 1596 1761 καί

335 1798 440 1881 χωρίς
454 1798 658 1873 ὑποθέσεως
673 1794 836 1878 πολεμεῖν
850 1800 907 1862 καί
920 1801 1095 1880 μάχεσθαι
1110 1801 1145 1862 τί
1159 1797 1242 1862 άλλο
1264 1802 1284 1886 ή
1307 1803 1411 1882 μανία
1428 1797 1597 1884 παντελής

339 1902 415 1963 ἐστι
435 1901 492 1962 καί
514 1896 571 1963 διά
594 1902 718 1985 ταύτην
740 1907 849 1962 κακῶν
864 1902 1056 1982 έπιθυμία,·
1078 1901 1119 1964 τὰ
1135 1905 1196 1983 μὲν
1213 1902 1271 1966 σύν
1286 1903 1394 1989 θηρία
1418 1899 1474 1965 διὰ
1493 1909 1594 1963 τούτο
1714 1977 1715 1994 ¹

339 1998 488 2082 μάλιστα
512 2003 547 2064 οί
574 2002 760 2086 ἄνθρωποι
788 2010 970 2083 μισοῦμεν,
1001 2006 1056 2067 ότι
1084 2001 1233 2085 πόλεμος
1261 2009 1341 2088 ήμῖν
1371 2001 1595 2080 ἀδιάλλακτος
1620 2013 1633 2066 1
1683 2011 1715 2084 m*

341 2107 429 2188 πρός
450 2106 555 2166 ταῦτά
579 2106 672 2167 έστιν
695 2105 758 2167 ἀεί.
798 2100 922 2167 πολλοί
946 2101 981 2167 δέ
1003 2107 1062 2169 καί
1075 2127 1164 2182 τινες
1185 2110 1279 2190 ήμῶν
1293 2108 1350 2169 καί
1371 2112 1445 2183 τοῖς
1459 2107 1595 2193 ἀνθρώ·

341 2225 422 2280 ποις
446 2207 492 2282 ὡς
514 2206 655 2291 θηρίοις
674 2207 843 2291 χρώμενοι
862 2208 1022 2288 χαίρουσι
1043 2215 1085 2293 τῇ
1114 2211 1201 2292 πρός
1229 2211 1267 2271 τό
1291 2207 1465 2296 ὁμόφυλον
1486 2230 1595 2294 γιγνο-

340 2313 422 2391 μένῃ
444 2311 542 2392 μάχῃ.
592 2309 650 2371 καί
672 2305 749 2371 ούδὲ
771 2315 838 2370 τῶν
862 2311 1010 2395 σημείων
1033 2310 1277 2391 αἰσθανόμεθα
1300 2318 1371 2375 τῶν.
1390 2313 1507 2384 θείων,
1530 2315 1594 2375 όσα

291 2417 330 2481 18
344 2406 560 2485 διδάσκοντες
582 2414 667 2495 ήμᾶς
692 2412 847 2490 δμονοεῐν
870 2412 985 2486 αὐτοῖς
1007 2413 1234 2496 ἐπεφήμισαν.
1283 2415 1340 2476 καί
1368 2415 1430 2499 γάρ
1458 2415 1597 2500 κήρυκές

340 2533 429 2588 τινες
450 2514 487 2575 ἰκ
508 2519 575 2575 τῶν
597 2512 691 2574 θεῶν
713 2511 801 2574 εἶναι
824 2508 993 2594 λέγονται,
1022 2514 1079 2575 καί
1108 2509 1165 2575 διά
1194 2522 1294 2577 τούτο
1322 2518 1379 2579 καί
1401 2510 1488 2600 παρ’
1511 2521 1592 2603 ήμῐν
1615 2524 1644 2576 w

340 2615 452 2699 εἰρήνη
469 2616 529 2694 μὲν
545 2615 819 2699 ἐπικηρύσσεται,
835 2611 982 2694 πόλεμοι
998 2611 1033 2677 δὲ
1050 2616 1097 2690 ὡς
1108 2617 1168 2680 ἰπί
1182 2619 1222 2678 τό
1237 2613 1399 2681 πλεῖστον
1414 2619 1594 2704 ἀκήρυκτοι

339 2717 519 2799 γίγνονται.
563 2717 620 2778 καί
633 2718 752 2799 γυμνοὶ
774 2717 1019 2800 πρεσβεύουσιν
1042 2717 1092 2793 εἰς
1106 2715 1343 2800 ὡπλισμένους
1357 2721 1444 2805 ὑπὲρ
1460 2724 1594 2808 εἰρήνης

339 2822 396 2882 καί
418 2815 577 2905 ἀδικῆσαι
600 2819 659 2881 ούκ
680 2817 810 2897 έξεστιν
839 2820 948 2882 αὐτῶν
978 2816 1113 2894 ούδένα,
1143 2822 1191 2896 ὡς
1219 2829 1287 2884 τῶν
1315 2822 1408 2885 θεῶν
1439 2825 1594 2901 ἅπαντας

340 2923 419 2997 τούς
447 2921 533 3005 ύπέρ
563 2917 681 3007 φιλίας
709 2918 876 3004 ἀγγέλους.
933 2923 989 2984 καί
1017 2924 1098 2985 όταν
1129 2928 1377 3008 συνερχομένων
1407 2927 1457 3002 εἰς
1483 2929 1593 3012 μάχην

342 3031 494 3108 στρατῶν
515 3024 535 3108 ἢ
559 3020 721 3109 διοσημία
745 3031 836 3109 φανῇ
859 3021 1034 3110 αἰφνίδιος
1062 3025 1081 3110 ή
1113 3033 1172 3111 τῆς
1193 3033 1253 3111 γῆς
1274 3030 1411 3112 γένηται
1440 3032 1590 3110 σεισμός,
1613 3036 1644 3088 15

341 3128 622 3212 ἀποστρέφονται
637 3127 740 3202 εὐθύς
757 3128 791 3188 οί
806 3125 991 3210 ἅνθρωποι
1012 3128 1070 3189 καὶ
1085 3127 1324 3212 ἀποχωροῦσιν
1341 3118 1405 3191 ἀπ’
1430 3127 1594 3217 ἀλλήλων,

292 3233 331 3297 19
344 3231 390 3304 ὡς
405 3235 472 3291 τῶν
488 3227 581 3290 θεῶν
598 3228 635 3290 ού
650 3225 863 3309 βουλομένων
879 3229 1000 3305 αύτούς
1014 3230 1198 3309 μάχεσθαι.
1234 3227 1386 3312 πολέμου
1403 3228 1438 3294 δὲ
1455 3237 1596 3318 σημεῖον

342 3328 439 3394 οὐδὲν
460 3330 560 3393 θεῖόν
582 3332 675 3392 ἐστιν
697 3326 955 3415 ὑπειλημμένον.
999 3333 1057 3394 καί
1084 3334 1148 3394 όσα
1178 3329 1214 3395 δὲ
1244 3329 1282 3418 δή
1313 3329 1435 3418 ήδιστά
1464 3355 1501 3397 τε
1522 3339 1597 3410 τοῖς

340 3434 608 3517 ἀνθρώποιςκαὶ
619 3429 835 3512 εὐδαιμονίας
848 3430 1011 3515 σύμβολα,
1023 3441 1128 3496 ταῦτα
1141 3436 1252 3497 πάντα
1266 3443 1441 3517 ποιοῦμεν,
1454 3432 1595 3498 ἐπειδάν

342 3537 454 3622 εἰρήνη
478 3540 624 3621 γένηται,
646 3537 702 3598 καί
725 3537 989 3621 στεφανούμεθα
1010 3538 1067 3600 καί
1089 3537 1219 3618 θύομεν
1234 3540 1290 3601 καὶ
1311 3533 1528 3623 έορτάζομεν·
1550 3537 1593 3600 τά
1616 3547 1648 3599 111

343 3634 379 3700 δὲ
401 3639 537 3701 ἐναντία
561 3641 673 3701 πάντα
695 3640 730 3700 έν
751 3643 824 3714 τοῖς
848 3636 1030 3719 πολέμοις,
1060 3641 1175 3723 ὥσπερ
1199 3642 1234 3702 έν
1257 3645 1330 3716 τοῖς
1353 3641 1517 3718 πένθεσι,
1539 3641 1597 3703 καί
1613 3651 1707 3704 (mm

343 3737 589 3823 συγκλειόμεθα
612 3741 680 3803 ἰσω
704 3737 820 3804 πυλῶν
842 3742 898 3804 καί
921 3738 1117 3823 δεδοίκαμεν
1140 3743 1252 3804 πάντα
1279 3743 1336 3804 καί
1366 3737 1599 3822 ἀπελπίζομεν

342 3845 499 3918 ἑαυτούς’
526 3845 583 3906 καί
606 3844 643 3906 αί
663 3849 815 3925 γυναῖκες
844 3847 921 3907 τότε
950 3845 1035 3928 ὑπὲρ
1065 3851 1132 3907 τῶν
1155 3839 1286 3930 ἀνδρῶν
1307 3840 1465 3908 κλαίουσι
1484 3847 1542 3908 καί
1564 3846 1601 3906 οί

427 4051 525 4129 λήύὲ
542 4059 712 4129 φιλαδελφία
730 4057 803 4113 UBT
872 4052 943 4115 ἄλλο
962 4055 1081 4114 έστλνΒ
1166 4055 1390 4117 δέπανείλαντο
1409 4059 1438 4114 M
1507 4061 1600 4115 Ίδια·

342 4146 445 4214 φορῶν
461 4143 532 4209 libri,
551 4157 621 4198 corr.
641 4141 742 4199 Roiske
809 4133 845 4213 ἦν
862 4157 911 4212 pto
931 4137 967 4199 όν
983 4141 1057 4198 UBT
1144 4137 1327 4214 θήίάιονΤ
1405 4143 1494 4200 malim
1512 4137 1530 4214 ἢ
1547 4159 1601 4213 pro

340 4232 389 4286 καί
477 4234 506 4284 11
527 4222 567 4295 ύς
585 4220 638 4286 ούκ
655 4222 693 4286 δν
711 4223 782 4285 ὄντα
801 4226 880 4297 Ειυρ.
899 4223 940 4294 ὣς
958 4221 993 4285 ού
1009 4223 1246 4295 κακόνναΜιδς
1263 4223 1297 4288 ού
1314 4223 1409 4287 κακὸν
1427 4226 1499 4287 όντα
1517 4230 1540 4285 B
1559 4223 1601 4296 ὥς

340 4313 435 4372 κακόν
454 4309 525 4372 ὄντα
542 4313 592 4370 UT
664 4311 865 4388 11αίρεύῆναί
882 4331 955 4370 τισιν
971 4312 1044 4378 libri,
1062 4327 1133 4370 corr.
1153 4313 1298 4385 Emporias
1371 4306 1490 4383 άυάειαν
1508 4315 1530 4368 Β

344 4404 374 4454 11
392 4399 470 4457 ἐστιν
487 4399 511 4454 Τ
582 4403 614 4454 19
632 4391 730 4465 αύτοῐς
748 4397 827 4454 MUT
905 4401 938 4454 13
958 4393 1046 4465 ὄντας
1062 4414 1114 4469 pro
1132 4388 1265 4466 ἅπαντας
1283 4399 1341 4467 UT,
1360 4395 1449 4466 ὄντας
1466 4389 1601 4466 ἅπαντας

341 4485 427 4540 dubit.
445 4484 526 4554 Emp.
596 4489 628 4539 25
647 4478 663 4556 ἢ
681 4483 730 4540 UT
800 4483 990 4557 διοσημεῖαῦ
1060 4479 1207 4556 αἰφνὴόιος
1224 4485 1253 4540 Μ
1351 4489 1383 4541 11
1401 4483 1603 4559 βουλομένους

341 4569 415 4627 UBT
485 4572 518 4624 28
535 4562 737 4640 ύιιειλιμμὲνον
753 4569 782 4623 Μ
852 4574 884 4626 32
903 4565 1095 4642 συγκειόμεθα
1113 4569 1143 4624 Μ
1214 4573 1246 4626 33
1263 4569 1419 4627 κλέουσιΤ
