3520 5270
674 369 812 424 onfflo
828 369 915 425 ml.
1360 373 1422 432 148

163 545 215 618 είς
237 545 385 628 ἐπὴκοον
408 544 638 628 φθέγγεσθαι.
676 545 809 626 καὶγὰρ
826 543 967 623 οδνῖχει
988 567 1022 607 τι
1038 545 1281 634 παραπλὴσιον
1303 551 1323 612 δ
1345 553 1465 626 νοῦςλ

163 655 205 730 τῇ
228 647 327 728 όψει·
350 648 397 721 ὡς
418 646 527 730 ἐκείνη
552 642 788 730 διεφθαρμένη
811 649 873 726 μέν
896 644 993 709 ούδέν
1016 648 1093 712 ούδέ
1109 657 1177 712 τῶν
1192 648 1423 736 πλησιαίτατα

164 746 245 832 δρᾷ,
274 751 370 835 ύγιὴς
399 745 435 811 δέ
465 748 551 810 οὖσα
578 753 696 833 μέχρις
725 750 870 832 ούρανοῦ
895 771 932 813 τε
959 753 1016 813 καί
1043 752 1196 836 ἀστέρων
1228 751 1423 832 ἐξανεῖται·

164 851 268 913 ταότύ
292 848 331 937 δὴ
355 859 456 913 τοῦτο
471 856 491 937 ἡ
507 853 570 930 μέν
584 859 647 912 τοῦ
661 853 829 936 φρονίμου
846 849 981 915 διάνοια
996 856 1053 916 καί
1068 857 1201 930 πάντας
1215 857 1425 940 ἀνθρώπους

128 983 145 1033 5
169 956 263 1040 ίκανὴ
286 956 435 1036 γίγνεται
457 951 608 1030 διοικεῖν,
631 958 651 1036 ἡ
675 951 711 1016 δέ
733 962 795 1016 τοῦ
815 956 968 1040 ἄφρονος
984 953 1061 1018 ούδέ
1077 958 1112 1018 ἐν
1129 965 1226 1038 σῶμα
1241 961 1281 1020 τό
1296 961 1424 1022 ἐκείνου

167 1055 311 1120 δύναται
334 1054 517 1142 φυλάττειν
539 1053 616 1118 ούδὲ
639 1059 697 1117 ἕνα
722 1055 824 1118 οίκον.

254 1160 289 1220 οί
309 1161 371 1238 μὲν
393 1159 456 1241 γάρ
485 1155 608 1219 πολλοὶ
628 1164 696 1220 τῶν
718 1160 754 1220 ἐν
776 1163 853 1235 ταῖς
876 1156 1106 1240 δυναστείαις,
1136 1166 1190 1225 δτι
1210 1164 1273 1244 μέν
1295 1159 1426 1240 ἐξεστιν

169 1263 287 1336 αὐτοῖς
310 1263 423 1323 πάντα
447 1258 637 1342 λαμβάνειν,
661 1264 799 1324 πάντων
817 1262 1064 1341 ἐπιθυμοῦσιν.
1088 1267 1142 1327 δτι
1165 1263 1201 1328 δέ
1223 1258 1284 1329 ἐπ’
1310 1267 1426 1342 αύτοῖς

168 1366 245 1426 ἐστι
266 1366 305 1426 τδ
329 1361 469 1440 δίκαιον,
493 1360 549 1425 διά
564 1365 665 1424 τοῦτό
680 1366 768 1426 είσιν
783 1360 914 1426 ἀδικοι·
936 1366 990 1426 δτι
1013 1362 1049 1427 δέ
1073 1358 1112 1429 οδ
1136 1369 1325 1454 φοβοῦνται
1346 1371 1426 1446 τούς

117 1491 150 1543 10
171 1469 306 1547 νόμους,
322 1457 399 1528 οὐδὲ
410 1465 499 1529 εἶναι
509 1460 718 1546 νομίζουσιν·
741 1469 795 1528 δτι
810 1463 846 1528 δέ
863 1457 921 1528 οὐκ
936 1464 1178 1550 ἀναγκάζονται
1190 1477 1317 1551 πονεῖν,
1333 1461 1427 1536 οὐδέ·

172 1589 257 1632 ποτε
279 1573 449 1632 παύονται
470 1576 680 1655 τρυφῶντες·
702 1570 756 1630 δτι
779 1565 814 1630 δὲ
838 1560 950 1644 οὐδείς
972 1570 1135 1650 ἀμύνεται
1149 1581 1258 1650 κακῶς
1274 1575 1426 1655 πάσχων,

171 1665 337 1734 οὐδέποτε
353 1674 521 1734 παύονται
538 1679 735 1746 ποιοῦντες·
757 1673 810 1732 δτι
827 1669 863 1732 δέ
879 1663 1040 1752 οὐδεμιᾶς
1057 1670 1279 1751 σπανίζουσιν
1294 1674 1426 1764 ἡδονὴς,

25 1801 108 1852 (mn
123 1801 155 1850 ω
172 1763 337 1837 οὐδέποτε
366 1769 627 1853 ἐμπίμπλανται
659 1769 836 1859 ἡδόμενοι·
869 1776 923 1835 ότι
956 1771 993 1836 δέ
1027 1766 1138 1852 οὐδείς
1171 1782 1271 1860 ψέγει
1304 1781 1340 1842 ἐκ
1367 1785 1429 1842 τοῦ

171 1884 338 1964 φανεροῦ,
368 1868 465 1939 οὐδέν
492 1873 724 1938 ἀπολείπουσι
753 1883 819 1938 τῶν
849 1864 926 1938 οὐδὲ
948 1873 1059 1952 καλῶς
1082 1875 1286 1961 λεγομένων·
1314 1884 1368 1944 δτι
1391 1879 1427 1944 δέ

15 2003 60 2055 ζεεε
70 2003 103 2054 ιι)
118 1998 147 2049 ιο
170 1971 282 2055 οὐδεὶς
304 1973 428 2053 αὐτούς
449 1975 608 2059 βούλεται
631 1975 759 2055 λυπεῖν,
783 1975 840 2040 διά
856 1986 955 2041 τοῦτο
972 1985 1059 2042 πάσι
1070 1979 1352 2061 χαλεπαίνουσιν·
1375 1987 1429 2047 δτι

171 2081 207 2144 δέ
231 2082 446 2166 ὀργισθεῖσιν
468 2077 580 2158 ἐξεστι
594 2083 706 2142 πάντα
723 2085 846 2156 ποιεῖν,
871 2077 928 2143 διά
943 2088 1042 2144 τοῦτο
1061 2091 1204 2164 συνεχῶς
1227 2081 1427 2167 ὀργίζονται.

171 2187 189 2245 ό
213 2182 249 2247 δέ
273 2185 406 2268 ἀγαθός
428 2186 548 2268 ἅρχων,
572 2184 688 2266 ὥσπερ
713 2185 763 2259 σύ,
785 2185 947 2246 τάναντία
969 2182 1181 2270 ἐπιτηδεύει·
1205 2178 1341 2262 οὐδενός
1363 2189 1424 2266 μέν
1448 2194 1467 2256 3

170 2288 344 2369 ἐπιθυμεῖ
369 2284 426 2350 διά
457 2289 495 2348 τό
522 2288 634 2348 πάντα
665 2284 806 2348 οἴεσθαι
828 2287 932 2365 ἔχειν,
963 2284 1119 2371 φείδεται
1147 2284 1184 2349 δέ
1206 2294 1274 2350 τῶν
1296 2285 1427 2374 ἡδονῶν

172 2390 229 2454 διά
252 2393 290 2452 τύ
312 2387 480 2475 μηδεμιᾶς
502 2389 544 2450 ἀν
559 2390 734 2474 ἀπορῆσαι
749 2388 915 2472 ὀρεχθείς,
940 2384 1150 2473 δικαιότερος
1174 2387 1209 2452 δέ
1233 2397 1300 2452 τῶν
1315 2387 1427 2452 ἀλλων

124 2509 155 2560 νυ
176 2495 280 2571 ἐστίν,
303 2495 361 2555 άτε
384 2499 473 2554 πᾶσι
496 2495 652 2574 παρέχων
674 2486 733 2576 τὴν
757 2487 982 2575 δικαιοσύνην,
1004 2487 1122 2576 ἡδεται
1145 2489 1181 2554 δέ
1204 2497 1278 2568 τοῖς
1297 2485 1428 2569 πόνοις,

172 2601 226 2660 δτι
249 2596 332 2658 έκὼν
354 2599 463 2670 πονεῖ,
486 2590 604 2675 ἀγαπᾷ
626 2589 662 2654 δέ
685 2595 764 2666 τούς
786 2595 919 2673 νόμους,
943 2597 996 2656 ότι
1019 2586 1058 2655 οὐ
1082 2591 1221 2657 δέδοικε.

258 2700 441 2760 καὶταῦτα
465 2696 582 2780 ὀρθῶς
603 2691 847 2775 ὑπολαμβάνει.
891 2697 959 2758 τίνι
980 2699 1041 2776 μέν
1063 2698 1125 2780 γάρ
1157 2700 1354 2783 φρονήσεως
1378 2695 1435 2761 δεῖ

173 2798 333 2874 πλείονος
354 2800 374 2884 ἡ
397 2797 446 2880 τῷ
468 2799 548 2882 περί
570 2800 741 2859 τοσούτων
763 2795 1012 2879 βουλευομένῳ,·
1038 2801 1106 2862 τίνι
1130 2797 1165 2862 δέ
1190 2802 1429 2884 ἀκριβεστέρας

175 2901 391 2985 δικαιοσύνης
411 2902 431 2986 ἡ
455 2897 502 2980 τῷ
524 2894 654 2979 μείζονι
676 2907 742 2962 τῶν
765 2902 877 2980 νόμων
884 2923 895 2975 ;
917 2903 985 2963 τίνι
1008 2898 1044 2963 δέ
1069 2905 1292 2988 σωφροσύνης
1314 2906 1429 2986 ἐγκρα-

126 3018 156 3069 25
178 3004 378 3088 τεστέραςὴ
402 2993 430 3084 ᾧ
451 3004 564 3064 πάντα
587 2999 697 3078 ἔξεστι
703 3025 715 3078 ;
736 3004 805 3065 τίνι
821 3000 856 3065 δέ
873 2999 1028 3086 ἀνδρείας
1042 2998 1197 3083 μείζονος
1218 3003 1303 3089 ἡτηλ
1318 3007 1429 3067 πάντα

176 3103 336 3191 σῴζοντι,
357 3108 413 3168 καί
434 3107 547 3168 τοίνυν
569 3103 616 3187 τῷ
638 3107 700 3185 μὲν
722 3102 833 3168 ἀλλων
856 3101 994 3189 ἄρξοντι
1011 3103 1147 3169 πολλῶν
1162 3115 1262 3168 τοῦτο
1284 3108 1346 3186 μέν
1368 3104 1427 3169 δα·
1450 3113 1470 3172 4

175 3213 286 3295 πείνης
315 3206 373 3271 δεῖ
396 3203 618 3293 παμπόλλης,
650 3215 750 3269 τοῦτο
781 3205 816 3270 δέ
848 3206 1087 3292 στρατοπέδων
1117 3211 1174 3271 καί
1201 3204 1347 3286 πεζικῶν
1374 3211 1432 3272 καί

177 3315 340 3388 ἱππικῶν,
363 3312 415 3374 ἐτι
438 3307 474 3373 δέ
496 3317 617 3390 τειχῶν
638 3313 695 3374 καί
716 3318 799 3374 νεῶν
819 3312 877 3373 καί
898 3312 1162 3396 μηχανημάτων,
1185 3313 1216 3373 εί
1237 3308 1353 3391 μέλλει
1373 3332 1431 3372 κα·

176 3413 292 3492 δέξειν
314 3417 375 3495 μέν
396 3416 476 3489 τούς
498 3414 678 3499 ὑπηκόους,
702 3414 911 3494 ἀμυνεῖσθαι
934 3410 970 3475 δέ
992 3415 1072 3488 τούς
1088 3410 1288 3493 πολεμίους·
1312 3414 1370 3475 ἐὰν
1395 3410 1433 3476 δέ

129 3531 158 3579 ³0
178 3540 231 3594 τις
254 3520 443 3604 ἀφιστῆται
465 3525 524 3602 τὴς
546 3519 665 3603 ἀρχῆς,
685 3517 1001 3600 καταστρέψεσθαι.
1051 3517 1090 3577 τδ
1114 3512 1150 3577 δέ
1174 3517 1277 3577 αὑτοῦ
1297 3519 1432 3597 κρατεῖν

177 3623 316 3682 πάντων
343 3615 612 3680 ἀδαπανώτατον
639 3621 697 3681 καί
724 3620 1047 3702 ἀπραγμονέστατόν
1076 3620 1151 3680 ἐστι
1181 3619 1238 3680 καί
1260 3614 1432 3679 ἀκινδυνό-

177 3733 294 3784 τατον·
319 3721 395 3784 οὔτε
416 3721 478 3803 γάρ
501 3717 744 3798 πολυδάπανος
767 3722 843 3784 οδτε
859 3718 1007 3806 ἐργώδης
1023 3721 1099 3783 ούτε
1114 3715 1310 3806 ἐπισφαλὴς
1332 3720 1352 3781 ό
1373 3725 1435 3780 τοῦ

343 3899 485 3906 .----—-
518 3901 583 3906 .--.-
592 3901 620 3906 --
626 3901 657 3907 --.
662 3901 668 3906 .

266 4023 339 4090 ίείς
354 4019 483 4096 ἐπήκοον
501 4021 549 4078 UB
566 4017 695 4095 ύπὴκοον
711 4029 774 4090 (om.
792 4025 841 4090 είς)
860 4023 939 4079 ΜΡΗ
1000 4017 1050 4096 ἔχη
1067 4022 1096 4077 Μ
1170 4025 1252 4080 λιταί
1270 4015 1310 4088 ἀς
1328 4018 1376 4077 UB
1394 4015 1434 4088 ἀς

178 4104 235 4182 γάρ
252 4109 300 4164 PH
404 4115 418 4164 ³
437 4101 563 4182 ούρανοῦ
578 4123 615 4164 ex
631 4102 790 4182 ἀνθρώπου
807 4114 963 4179 (utrumque
979 4107 1147 4178 compendio)
1165 4105 1189 4164 U
1292 4112 1308 4162 δ
1326 4107 1434 4178 γίνεται

180 4195 254 4251 ΒΡΗ
323 4199 355 4250 12
372 4189 494 4252 παύεται
510 4194 541 4249 Μ
629 4199 660 4250 1³
677 4191 869 4264 ἐμπίπλανται
885 4194 957 4263 libri,
974 4208 1044 4250 αοιτ.
1063 4195 1201 4248 corrector
1217 4189 1247 4244 M
1320 4195 1351 4246 14
1369 4183 1435 4248 οὐδὲ

179 4285 275 4348 καλῶς
292 4281 371 4351 Eup.
390 4273 425 4338 οὐ
443 4281 559 4346 όικαίως
576 4279 650 4334 ΡΗΜ
667 4275 705 4350 μὴ
723 4279 839 4344 δικαίαις
855 4277 905 4334 UB
991 4282 1022 4333 Π
1040 4271 1187 4350 ἐπιτηόεύη
1204 4275 1230 4330 Η
1342 4277 1375 4328 22
1393 4278 1436 4331 όεῑ

179 4361 348 4440 φρονήσεως
365 4367 428 4434 (hoe
445 4364 553 4430 orm
656 4367 689 4418 ²³
705 4363 873 4437 βουλομένη
889 4363 920 4418 Μ
1023 4365 1079 4419 τίνι
1095 4391 1130 4404 -
1146 4364 1181 4416 24
1198 4355 1298 4428 νόμων
1314 4373 1367 4414 om.
1385 4359 1435 4414 PH

179 4452 278 4522 (suppL
297 4467 332 4507 m.
351 4466 406 4508 ιοε.
423 4449 454 4506 ln
471 4455 548 4518 αις.)
633 4451 667 4502 29
683 4438 843 4516 ἀμύνεσθαι
861 4446 941 4502 ΠΒΜ
1043 4452 1077 4502 ³⁰
1094 4444 1348 4516 καταστρέφεσθαι
1365 4444 1435 4504 libri.

181 4553 250 4591 corr.
264 4537 344 4608 Eup.
415 4530 504 4592 αὐτοῦ
521 4533 593 4590 Um.
604 4549 645 4603 pr.
715 4535 747 4584 ³2
766 4529 833 4588 οὔτε
852 4530 881 4584 Μ
899 4525 963 4589 αδόέ
975 4531 1057 4588 ceteri
1074 4537 1147 4596 (ante
1164 4524 1231 4601 γάρ)
