<?xml version="1.0" encoding="UTF-8"?>
<!DOCTYPE html PUBLIC "-//W3C//DTD XHTML 1.0 Transitional//EN"
    "http://www.w3.org/TR/xhtml1/DTD/xhtml1-transitional.dtd">
<html xmlns="http://www.w3.org/1999/xhtml" xml:lang="en" lang="en">
 <head>
  <title>
</title>
<meta http-equiv="Content-Type" content="text/html;charset=utf-8" />
  <meta name='ocr-system' content='tesseract 3.04.00' />
  <meta name='ocr-capabilities' content='ocr_page ocr_carea ocr_par ocr_line ocrx_word'/>
</head>
<body>
  <div class='ocr_page' id='page_1' title='image "./quaeexstantomni01diogoog_0371.png"; bbox 0 0 3476 5264; ppageno 0'>
   <div class='ocr_carea' id='block_1_1' title="bbox 288 351 1164 432">
    <p class='ocr_par' dir='ltr' id='par_1_1' title="bbox 288 351 1164 432">
     <span class='ocr_line' id='line_1_1' title="bbox 288 351 1164 432; baseline -0.008 -17"><span class='ocrx_word' id='word_1_1' title='bbox 288 353 364 432; x_wconf 76' lang='grc' dir='ltr'><strong><em>Ιειε</em></strong></span> <span class='ocrx_word' id='word_1_2' title='bbox 697 351 1164 411; x_wconf 76' lang='grc' dir='ltr'><strong><em>οιοειευυεαοωτυοωε</em></strong></span> 
     </span>
    </p>
   </div>
   <div class='ocr_carea' id='block_1_2' title="bbox 301 517 1567 819">
    <p class='ocr_par' dir='ltr' id='par_1_2' title="bbox 301 517 1567 819">
     <span class='ocr_line' id='line_1_2' title="bbox 301 517 1567 615; baseline -0.001 -23"><span class='ocrx_word' id='word_1_3' title='bbox 301 531 533 615; x_wconf 77' lang='grc' dir='ltr'><strong><em>προσήκοντος</em></strong></span> <span class='ocrx_word' id='word_1_4' title='bbox 555 530 708 604; x_wconf 88' lang='grc' dir='ltr'><strong><em>θάνατος</em></strong></span> <span class='ocrx_word' id='word_1_5' title='bbox 728 523 866 612; x_wconf 80' lang='grc' dir='ltr'><strong><em>(λυπεῖ)</em></strong></span> <span class='ocrx_word' id='word_1_6' title='bbox 887 518 908 615; x_wconf 80' lang='grc' dir='ltr'><em>ἢ</em></span> <span class='ocrx_word' id='word_1_7' title='bbox 930 533 1031 605; x_wconf 88' lang='grc' dir='ltr'><strong><em>νόσος</em></strong></span> <span class='ocrx_word' id='word_1_8' title='bbox 1053 531 1188 593; x_wconf 85' lang='grc' dir='ltr'><strong><em>έκείνων</em></strong></span> <span class='ocrx_word' id='word_1_9' title='bbox 1209 531 1303 605; x_wconf 87' lang='grc' dir='ltr'><strong><em>τινός</em></strong></span> <span class='ocrx_word' id='word_1_10' title='bbox 1324 517 1344 615; x_wconf 84' lang='grc' dir='ltr'><em>ἢ</em></span> <span class='ocrx_word' id='word_1_11' title='bbox 1366 531 1423 593; x_wconf 85' lang='grc' dir='ltr'><strong><em>καί</em></strong></span> <span class='ocrx_word' id='word_1_12' title='bbox 1444 530 1551 591; x_wconf 77' lang='grc' dir='ltr'><strong><em>αὐτοῦ</em></strong></span> <span class='ocrx_word' id='word_1_13' title='bbox 1558 541 1567 558; x_wconf 88' lang='grc'><em>·</em></span> 
     </span>
     <span class='ocr_line' id='line_1_3' title="bbox 303 627 1567 718; baseline 0.001 -25"><span class='ocrx_word' id='word_1_14' title='bbox 303 632 391 715; x_wconf 85' lang='grc' dir='ltr'><strong><em>πρὸς</em></strong></span> <span class='ocrx_word' id='word_1_15' title='bbox 414 627 450 693; x_wconf 76' lang='grc' dir='ltr'><strong><em>δὲ</em></strong></span> <span class='ocrx_word' id='word_1_16' title='bbox 466 633 602 707; x_wconf 78' lang='grc' dir='ltr'><strong><em>τούτοις</em></strong></span> <span class='ocrx_word' id='word_1_17' title='bbox 617 628 748 709; x_wconf 84' lang='grc' dir='ltr'><strong><em>ἀδοξία,</em></strong></span> <span class='ocrx_word' id='word_1_18' title='bbox 769 633 951 716; x_wconf 91' lang='grc' dir='ltr'><strong><em>χρημάτων</em></strong></span> <span class='ocrx_word' id='word_1_19' title='bbox 973 629 1141 717; x_wconf 82' lang='grc' dir='ltr'><strong><em>ἀποβολή,</em></strong></span> <span class='ocrx_word' id='word_1_20' title='bbox 1164 635 1202 694; x_wconf 88' lang='grc' dir='ltr'><strong><em>τό</em></strong></span> <span class='ocrx_word' id='word_1_21' title='bbox 1218 634 1263 718; x_wconf 83' lang='grc' dir='ltr'><strong><em>μν)</em></strong></span> <span class='ocrx_word' id='word_1_22' title='bbox 1281 633 1425 718; x_wconf 77' lang='grc' dir='ltr'><strong><em>περᾶναί</em></strong></span> <span class='ocrx_word' id='word_1_23' title='bbox 1439 652 1474 694; x_wconf 93' lang='grc' dir='ltr'><strong><em>τι</em></strong></span> <span class='ocrx_word' id='word_1_24' title='bbox 1495 639 1567 694; x_wconf 81' lang='grc' dir='ltr'><strong><em>τῶν</em></strong></span> 
     </span>
     <span class='ocr_line' id='line_1_4' title="bbox 303 721 1566 819; baseline 0.001 -25"><span class='ocrx_word' id='word_1_25' title='bbox 303 737 535 817; x_wconf 79' lang='grc' dir='ltr'><strong><em>προκειμένων</em></strong></span> <span class='ocrx_word' id='word_1_26' title='bbox 555 721 686 818; x_wconf 84' lang='grc' dir='ltr'><strong><em>ἢπαρά</em></strong></span> <span class='ocrx_word' id='word_1_27' title='bbox 708 735 747 795; x_wconf 88' lang='grc' dir='ltr'><strong><em>τό</em></strong></span> <span class='ocrx_word' id='word_1_28' title='bbox 772 729 858 810; x_wconf 87' lang='grc' dir='ltr'><strong><em>δέον,</em></strong></span> <span class='ocrx_word' id='word_1_29' title='bbox 881 731 1034 813; x_wconf 87' lang='grc' dir='ltr'><strong><em>ἀσχολία,</em></strong></span> <span class='ocrx_word' id='word_1_30' title='bbox 1056 731 1219 812; x_wconf 89' lang='grc' dir='ltr'><strong><em>κίνδυνος,</em></strong></span> <span class='ocrx_word' id='word_1_31' title='bbox 1241 735 1345 819; x_wconf 91' lang='grc' dir='ltr'><strong><em>μυρία</em></strong></span> <span class='ocrx_word' id='word_1_32' title='bbox 1368 727 1477 818; x_wconf 74' lang='grc' dir='ltr'><strong><em>[ἀλλα]</em></strong></span> <span class='ocrx_word' id='word_1_33' title='bbox 1500 736 1566 796; x_wconf 88' lang='grc' dir='ltr'><strong><em>όσα</em></strong></span> 
     </span>
    </p>
   </div>
   <div class='ocr_carea' id='block_1_3' title="bbox 208 833 1707 3269">
    <p class='ocr_par' dir='ltr' id='par_1_3' title="bbox 306 833 1687 920">
     <span class='ocr_line' id='line_1_5' title="bbox 306 833 1687 920; baseline 0.004 -25"><span class='ocrx_word' id='word_1_34' title='bbox 306 833 484 915; x_wconf 79' lang='grc' dir='ltr'><strong><em>συμβαίνει</em></strong></span> <span class='ocrx_word' id='word_1_35' title='bbox 505 835 590 897; x_wconf 86' lang='grc' dir='ltr'><strong><em>κατά</em></strong></span> <span class='ocrx_word' id='word_1_36' title='bbox 606 833 668 898; x_wconf 85' lang='grc' dir='ltr'><strong><em>τόν</em></strong></span> <span class='ocrx_word' id='word_1_37' title='bbox 686 836 772 917; x_wconf 90' lang='grc' dir='ltr'><strong><em>βίον,</em></strong></span> <span class='ocrx_word' id='word_1_38' title='bbox 795 837 852 898; x_wconf 85' lang='grc' dir='ltr'><strong><em>καί</em></strong></span> <span class='ocrx_word' id='word_1_39' title='bbox 875 833 992 914; x_wconf 90' lang='grc' dir='ltr'><strong><em>σχεδόν</em></strong></span> <span class='ocrx_word' id='word_1_40' title='bbox 1016 836 1139 920; x_wconf 81' lang='grc' dir='ltr'><strong><em>ἀνάγκη</em></strong></span> <span class='ocrx_word' id='word_1_41' title='bbox 1163 837 1367 899; x_wconf 79' lang='grc' dir='ltr'><strong><em>τούτωνδεῖ</em></strong></span> <span class='ocrx_word' id='word_1_42' title='bbox 1388 857 1423 898; x_wconf 94' lang='grc' dir='ltr'><strong><em>τι</em></strong></span> <span class='ocrx_word' id='word_1_43' title='bbox 1445 841 1638 920; x_wconf 60' lang='grc' dir='ltr'><strong><em>παρά-ἕλω</em></strong></span> <span class='ocrx_word' id='word_1_44' title='bbox 1652 849 1687 900; x_wconf 74' lang='grc' dir='ltr'><strong><em>Ι)</em></strong></span> 
     </span>
    </p>

    <p class='ocr_par' dir='ltr' id='par_1_4' title="bbox 264 929 1707 1124">
     <span class='ocr_line' id='line_1_6' title="bbox 264 929 1707 1033; baseline -0.003 -29"><span class='ocrx_word' id='word_1_45' title='bbox 264 944 284 1004; x_wconf 81' lang='grc'>4</span> <span class='ocrx_word' id='word_1_46' title='bbox 306 949 380 998; x_wconf 91' lang='grc' dir='ltr'><strong><em>ναι·</em></strong></span> <span class='ocrx_word' id='word_1_47' title='bbox 403 938 442 999; x_wconf 90' lang='grc' dir='ltr'><strong><em>τδ</em></strong></span> <span class='ocrx_word' id='word_1_48' title='bbox 466 933 502 999; x_wconf 80' lang='grc' dir='ltr'><strong><em>δὲ</em></strong></span> <span class='ocrx_word' id='word_1_49' title='bbox 524 934 727 1015; x_wconf 88' lang='grc' dir='ltr'><strong><em>τελευταῖον,</em></strong></span> <span class='ocrx_word' id='word_1_50' title='bbox 751 938 792 1000; x_wconf 88' lang='grc' dir='ltr'><strong><em>άν</em></strong></span> <span class='ocrx_word' id='word_1_51' title='bbox 807 938 873 1020; x_wconf 78' lang='grc' dir='ltr'><strong><em>ἄρα</em></strong></span> <span class='ocrx_word' id='word_1_52' title='bbox 888 938 1043 1022; x_wconf 86' lang='grc' dir='ltr'><strong><em>γίγνηται</em></strong></span> <span class='ocrx_word' id='word_1_53' title='bbox 1062 941 1193 1022; x_wconf 83' lang='grc' dir='ltr'><strong><em>χρόνος,</em></strong></span> <span class='ocrx_word' id='word_1_54' title='bbox 1216 939 1251 1000; x_wconf 87' lang='grc' dir='ltr'><strong><em>έν</em></strong></span> <span class='ocrx_word' id='word_1_55' title='bbox 1269 929 1415 1023; x_wconf 78' lang='grc' dir='ltr'><strong><em>ᾧμηδὲν</em></strong></span> <span class='ocrx_word' id='word_1_56' title='bbox 1431 938 1569 1022; x_wconf 77' lang='grc' dir='ltr'><strong><em>ἀπαντᾷ</em></strong></span> <span class='ocrx_word' id='word_1_57' title='bbox 1595 935 1707 1033; x_wconf 57' lang='lat' dir='ltr'><strong>blffiffiss</strong></span> 
     </span>
     <span class='ocr_line' id='line_1_7' title="bbox 306 1034 1567 1124; baseline 0.002 -24"><span class='ocrx_word' id='word_1_58' title='bbox 306 1034 480 1116; x_wconf 86' lang='grc' dir='ltr'><strong><em>δύσκολον,</em></strong></span> <span class='ocrx_word' id='word_1_59' title='bbox 504 1035 589 1101; x_wconf 87' lang='grc' dir='ltr'><strong><em>ἀλλά</em></strong></span> <span class='ocrx_word' id='word_1_60' title='bbox 611 1059 667 1101; x_wconf 92' lang='grc' dir='ltr'><strong><em>τοι</em></strong></span> <span class='ocrx_word' id='word_1_61' title='bbox 689 1041 727 1101; x_wconf 91' lang='grc' dir='ltr'><strong><em>τό</em></strong></span> <span class='ocrx_word' id='word_1_62' title='bbox 751 1036 946 1124; x_wconf 76' lang='grc' dir='ltr'><strong><em>προσδοκᾶν</em></strong></span> <span class='ocrx_word' id='word_1_63' title='bbox 965 1040 1050 1101; x_wconf 86' lang='grc' dir='ltr'><strong><em>αύτά</em></strong></span> <span class='ocrx_word' id='word_1_64' title='bbox 1072 1042 1129 1102; x_wconf 89' lang='grc' dir='ltr'><strong><em>καί</em></strong></span> <span class='ocrx_word' id='word_1_65' title='bbox 1150 1041 1345 1122; x_wconf 78' lang='grc' dir='ltr'><strong><em>γιγνώσκειν</em></strong></span> <span class='ocrx_word' id='word_1_66' title='bbox 1361 1041 1408 1115; x_wconf 88' lang='grc' dir='ltr'><strong><em>ώς</em></strong></span> <span class='ocrx_word' id='word_1_67' title='bbox 1424 1037 1567 1103; x_wconf 89' lang='grc' dir='ltr'><strong><em>δυνατόν</em></strong></span> 
     </span>
    </p>

    <p class='ocr_par' dir='ltr' id='par_1_5' title="bbox 208 1139 1500 1230">
     <span class='ocr_line' id='line_1_8' title="bbox 208 1139 1500 1230; baseline 0.002 -28"><span class='ocrx_word' id='word_1_68' title='bbox 208 1225 211 1230; x_wconf 15' lang='grc' dir='ltr'><strong>Δ</strong></span> <span class='ocrx_word' id='word_1_69' title='bbox 306 1141 381 1203; x_wconf 86' lang='grc' dir='ltr'><strong><em>έστι</em></strong></span> <span class='ocrx_word' id='word_1_70' title='bbox 398 1141 575 1226; x_wconf 82' lang='grc' dir='ltr'><strong><em>συμβῆναι,</em></strong></span> <span class='ocrx_word' id='word_1_71' title='bbox 597 1142 801 1224; x_wconf 78' lang='grc' dir='ltr'><strong><em>καθάψεται</em></strong></span> <span class='ocrx_word' id='word_1_72' title='bbox 823 1149 882 1227; x_wconf 84' lang='grc' dir='ltr'><strong><em>τῆς</em></strong></span> <span class='ocrx_word' id='word_1_73' title='bbox 897 1143 1032 1227; x_wconf 83' lang='grc' dir='ltr'><strong><em>γνώμης</em></strong></span> <span class='ocrx_word' id='word_1_74' title='bbox 1051 1148 1118 1205; x_wconf 85' lang='grc' dir='ltr'><strong><em>τῶν</em></strong></span> <span class='ocrx_word' id='word_1_75' title='bbox 1141 1144 1249 1217; x_wconf 80' lang='grc' dir='ltr'><strong><em>οὕτως</em></strong></span> <span class='ocrx_word' id='word_1_76' title='bbox 1272 1139 1500 1223; x_wconf 80' lang='grc' dir='ltr'><strong><em>διακειμένων.</em></strong></span> 
     </span>
    </p>

    <p class='ocr_par' dir='ltr' id='par_1_6' title="bbox 307 1234 1623 1842">
     <span class='ocr_line' id='line_1_9' title="bbox 308 1234 1568 1332; baseline 0.003 -28"><span class='ocrx_word' id='word_1_77' title='bbox 308 1241 427 1305; x_wconf 87' lang='grc' dir='ltr'><strong><em>ούκουν</em></strong></span> <span class='ocrx_word' id='word_1_78' title='bbox 447 1234 533 1304; x_wconf 77' lang='grc' dir='ltr'><strong><em>καθ’</em></strong></span> <span class='ocrx_word' id='word_1_79' title='bbox 559 1245 699 1306; x_wconf 73' lang='grc' dir='ltr'><strong><em>ἕκαστον</em></strong></span> <span class='ocrx_word' id='word_1_80' title='bbox 722 1243 832 1306; x_wconf 79' lang='grc' dir='ltr'><strong><em>αὐτῶν</em></strong></span> <span class='ocrx_word' id='word_1_81' title='bbox 856 1241 913 1306; x_wconf 90' lang='grc' dir='ltr'><strong><em>δεῖ</em></strong></span> <span class='ocrx_word' id='word_1_82' title='bbox 930 1245 1116 1307; x_wconf 91' lang='grc' dir='ltr'><strong><em>ποιεῖσθαι</em></strong></span> <span class='ocrx_word' id='word_1_83' title='bbox 1143 1247 1202 1330; x_wconf 80' lang='grc' dir='ltr'><strong><em>την</em></strong></span> <span class='ocrx_word' id='word_1_84' title='bbox 1225 1246 1452 1328; x_wconf 76' lang='grc' dir='ltr'><strong><em>παραμυθίαν</em></strong></span> <span class='ocrx_word' id='word_1_85' title='bbox 1474 1242 1568 1332; x_wconf 65' lang='lat' dir='ltr'><strong><em>(civri-</em></strong></span> 
     </span>
     <span class='ocr_line' id='line_1_10' title="bbox 307 1342 1569 1432; baseline 0.002 -24"><span class='ocrx_word' id='word_1_86' title='bbox 307 1365 405 1408; x_wconf 91' lang='grc' dir='ltr'><strong><em>νυτον</em></strong></span> <span class='ocrx_word' id='word_1_87' title='bbox 427 1346 490 1430; x_wconf 87' lang='grc' dir='ltr'><strong><em>γάρ</em></strong></span> <span class='ocrx_word' id='word_1_88' title='bbox 513 1349 551 1408; x_wconf 89' lang='grc' dir='ltr'><strong><em>τό</em></strong></span> <span class='ocrx_word' id='word_1_89' title='bbox 576 1353 712 1431; x_wconf 83' lang='grc' dir='ltr'><strong><em>πρᾶγμα</em></strong></span> <span class='ocrx_word' id='word_1_90' title='bbox 735 1342 823 1409; x_wconf 79' lang='grc' dir='ltr'><strong><em>καί*</em></strong></span> <span class='ocrx_word' id='word_1_91' title='bbox 839 1343 989 1432; x_wconf 89' lang='grc' dir='ltr'><strong><em>λυπηρός</em></strong></span> <span class='ocrx_word' id='word_1_92' title='bbox 1003 1349 1097 1410; x_wconf 87' lang='grc' dir='ltr'><strong><em>έστιν</em></strong></span> <span class='ocrx_word' id='word_1_93' title='bbox 1120 1348 1139 1408; x_wconf 94' lang='grc' dir='ltr'><strong><em>ό</em></strong></span> <span class='ocrx_word' id='word_1_94' title='bbox 1160 1348 1259 1429; x_wconf 80' lang='grc' dir='ltr'><strong><em>βίος),</em></strong></span> <span class='ocrx_word' id='word_1_95' title='bbox 1282 1344 1367 1409; x_wconf 88' lang='grc' dir='ltr'><strong><em>ἀλλά</em></strong></span> <span class='ocrx_word' id='word_1_96' title='bbox 1390 1343 1478 1423; x_wconf 86' lang='grc' dir='ltr'><strong><em>δλως</em></strong></span> <span class='ocrx_word' id='word_1_97' title='bbox 1499 1345 1536 1424; x_wconf 85' lang='grc' dir='ltr'><strong><em>έξ</em></strong></span> <span class='ocrx_word' id='word_1_98' title='bbox 1554 1380 1569 1390; x_wconf 93' lang='grc'>-</span> 
     </span>
     <span class='ocr_line' id='line_1_11' title="bbox 308 1444 1623 1536; baseline 0.002 -27"><span class='ocrx_word' id='word_1_99' title='bbox 308 1444 408 1510; x_wconf 89' lang='grc' dir='ltr'><strong><em>λόντα</em></strong></span> <span class='ocrx_word' id='word_1_100' title='bbox 440 1456 500 1532; x_wconf 81' lang='grc' dir='ltr'><strong><em>τῆς</em></strong></span> <span class='ocrx_word' id='word_1_101' title='bbox 528 1456 639 1535; x_wconf 81' lang='grc' dir='ltr'><strong><em>ψυχῆς</em></strong></span> <span class='ocrx_word' id='word_1_102' title='bbox 667 1451 706 1511; x_wconf 91' lang='grc' dir='ltr'><strong><em>τδ</em></strong></span> <span class='ocrx_word' id='word_1_103' title='bbox 730 1449 849 1524; x_wconf 91' lang='grc' dir='ltr'><strong><em>πάθος</em></strong></span> <span class='ocrx_word' id='word_1_104' title='bbox 870 1451 927 1512; x_wconf 85' lang='grc' dir='ltr'><strong><em>καί</em></strong></span> <span class='ocrx_word' id='word_1_105' title='bbox 948 1457 1048 1512; x_wconf 90' lang='grc' dir='ltr'><strong><em>τοῦτο</em></strong></span> <span class='ocrx_word' id='word_1_106' title='bbox 1070 1451 1228 1530; x_wconf 84' lang='grc' dir='ltr'><strong><em>κρίναντα</em></strong></span> <span class='ocrx_word' id='word_1_107' title='bbox 1250 1451 1414 1531; x_wconf 81' lang='grc' dir='ltr'><strong><em>βεβαίως,</em></strong></span> <span class='ocrx_word' id='word_1_108' title='bbox 1444 1452 1498 1513; x_wconf 92' lang='grc' dir='ltr'><strong><em>ότι</em></strong></span> <span class='ocrx_word' id='word_1_109' title='bbox 1518 1452 1564 1536; x_wconf 83' lang='grc' dir='ltr'><strong><em>μν)</em></strong></span> <span class='ocrx_word' id='word_1_110' title='bbox 1590 1460 1623 1512; x_wconf 85' lang='lat'><strong><em>1⁰</em></strong></span> 
     </span>
     <span class='ocr_line' id='line_1_12' title="bbox 308 1547 1569 1635; baseline 0.003 -24"><span class='ocrx_word' id='word_1_111' title='bbox 308 1547 476 1634; x_wconf 81' lang='grc' dir='ltr'><strong><em>λυπητέον</em></strong></span> <span class='ocrx_word' id='word_1_112' title='bbox 504 1551 578 1612; x_wconf 87' lang='grc' dir='ltr'><strong><em>έστί</em></strong></span> <span class='ocrx_word' id='word_1_113' title='bbox 606 1552 687 1633; x_wconf 87' lang='grc' dir='ltr'><strong><em>περί</em></strong></span> <span class='ocrx_word' id='word_1_114' title='bbox 714 1547 859 1635; x_wconf 85' lang='grc' dir='ltr'><strong><em>μηδενός</em></strong></span> <span class='ocrx_word' id='word_1_115' title='bbox 887 1549 936 1633; x_wconf 73' lang='grc' dir='ltr'><strong><em>τῷ</em></strong></span> <span class='ocrx_word' id='word_1_116' title='bbox 965 1559 1043 1614; x_wconf 90' lang='grc' dir='ltr'><strong><em>νοῦν</em></strong></span> <span class='ocrx_word' id='word_1_117' title='bbox 1071 1553 1197 1632; x_wconf 92' lang='grc' dir='ltr'><strong><em>έχοντι,</em></strong></span> <span class='ocrx_word' id='word_1_118' title='bbox 1224 1555 1263 1614; x_wconf 92' lang='grc' dir='ltr'><strong><em>τό</em></strong></span> <span class='ocrx_word' id='word_1_119' title='bbox 1288 1550 1410 1615; x_wconf 89' lang='grc' dir='ltr'><strong><em>λοιπόν</em></strong></span> <span class='ocrx_word' id='word_1_120' title='bbox 1433 1549 1569 1616; x_wconf 73' lang='grc' dir='ltr'><strong><em>ἐλευθε-</em></strong></span> 
     </span>
     <span class='ocr_line' id='line_1_13' title="bbox 307 1646 1570 1740; baseline 0.003 -27"><span class='ocrx_word' id='word_1_121' title='bbox 307 1646 452 1735; x_wconf 84' lang='grc' dir='ltr'><strong><em>ριάζειν,</em></strong></span> <span class='ocrx_word' id='word_1_122' title='bbox 474 1653 531 1714; x_wconf 85' lang='grc' dir='ltr'><strong><em>καί</em></strong></span> <span class='ocrx_word' id='word_1_123' title='bbox 553 1653 691 1714; x_wconf 90' lang='grc' dir='ltr'><strong><em>πάντων</em></strong></span> <span class='ocrx_word' id='word_1_124' title='bbox 714 1648 813 1715; x_wconf 84' lang='grc' dir='ltr'><strong><em>όδεια</em></strong></span> <span class='ocrx_word' id='word_1_125' title='bbox 836 1659 904 1714; x_wconf 83' lang='grc' dir='ltr'><strong><em>τῶν</em></strong></span> <span class='ocrx_word' id='word_1_126' title='bbox 927 1649 1096 1737; x_wconf 85' lang='grc' dir='ltr'><strong><em>δυσχερῶν</em></strong></span> <span class='ocrx_word' id='word_1_127' title='bbox 1119 1655 1225 1716; x_wconf 80' lang='grc' dir='ltr'><strong><em>ἔσται.</em></strong></span> <span class='ocrx_word' id='word_1_128' title='bbox 1272 1651 1369 1716; x_wconf 81' lang='grc' dir='ltr'><strong><em>οὐδὲν</em></strong></span> <span class='ocrx_word' id='word_1_129' title='bbox 1391 1656 1453 1740; x_wconf 90' lang='grc' dir='ltr'><strong><em>γάρ</em></strong></span> <span class='ocrx_word' id='word_1_130' title='bbox 1476 1656 1570 1718; x_wconf 89' lang='grc' dir='ltr'><strong><em>έστιν</em></strong></span> 
     </span>
     <span class='ocr_line' id='line_1_14' title="bbox 310 1748 1571 1842; baseline 0.003 -27"><span class='ocrx_word' id='word_1_131' title='bbox 310 1754 391 1815; x_wconf 89' lang='grc' dir='ltr'><strong><em>αδτδ</em></strong></span> <span class='ocrx_word' id='word_1_132' title='bbox 416 1748 536 1829; x_wconf 90' lang='grc' dir='ltr'><strong><em>δεινόν,</em></strong></span> <span class='ocrx_word' id='word_1_133' title='bbox 559 1750 644 1815; x_wconf 83' lang='grc' dir='ltr'><strong><em>ἀλλά</em></strong></span> <span class='ocrx_word' id='word_1_134' title='bbox 666 1755 735 1816; x_wconf 83' lang='grc' dir='ltr'><strong><em>ὑπό</em></strong></span> <span class='ocrx_word' id='word_1_135' title='bbox 758 1762 817 1838; x_wconf 81' lang='grc' dir='ltr'><strong><em>τῆς</em></strong></span> <span class='ocrx_word' id='word_1_136' title='bbox 841 1750 942 1838; x_wconf 87' lang='grc' dir='ltr'><strong><em>δόξης</em></strong></span> <span class='ocrx_word' id='word_1_137' title='bbox 964 1757 1020 1817; x_wconf 84' lang='grc' dir='ltr'><strong><em>καί</em></strong></span> <span class='ocrx_word' id='word_1_138' title='bbox 1042 1763 1102 1841; x_wconf 83' lang='grc' dir='ltr'><strong><em>τῆς</em></strong></span> <span class='ocrx_word' id='word_1_139' title='bbox 1125 1756 1310 1831; x_wconf 77' lang='grc' dir='ltr'><strong><em>ἀσθενείας</em></strong></span> <span class='ocrx_word' id='word_1_140' title='bbox 1324 1765 1385 1842; x_wconf 83' lang='grc' dir='ltr'><strong><em>τῆς</em></strong></span> <span class='ocrx_word' id='word_1_141' title='bbox 1405 1761 1571 1842; x_wconf 79' lang='grc' dir='ltr'><strong><em>ημετέρας</em></strong></span> 
     </span>
    </p>

    <p class='ocr_par' dir='ltr' id='par_1_7' title="bbox 268 1853 1645 2250">
     <span class='ocr_line' id='line_1_15' title="bbox 268 1853 1645 1943; baseline 0.005 -27"><span class='ocrx_word' id='word_1_142' title='bbox 268 1860 288 1922; x_wconf 80' lang='grc'>5</span> <span class='ocrx_word' id='word_1_143' title='bbox 311 1856 461 1937; x_wconf 90' lang='grc' dir='ltr'><strong><em>γίγνεται</em></strong></span> <span class='ocrx_word' id='word_1_144' title='bbox 487 1863 652 1919; x_wconf 90' lang='grc' dir='ltr'><strong><em>τοιοῦτον.</em></strong></span> <span class='ocrx_word' id='word_1_145' title='bbox 698 1858 731 1917; x_wconf 86' lang='lat' dir='ltr'><strong><em>ol</em></strong></span> <span class='ocrx_word' id='word_1_146' title='bbox 759 1863 839 1938; x_wconf 90' lang='grc' dir='ltr'><strong><em>γοῦν</em></strong></span> <span class='ocrx_word' id='word_1_147' title='bbox 864 1853 1005 1934; x_wconf 90' lang='grc' dir='ltr'><strong><em>πολλοί,</em></strong></span> <span class='ocrx_word' id='word_1_148' title='bbox 1035 1857 1094 1919; x_wconf 88' lang='grc' dir='ltr'><strong><em>έάν</em></strong></span> <span class='ocrx_word' id='word_1_149' title='bbox 1122 1859 1260 1943; x_wconf 86' lang='grc' dir='ltr'><strong><em>γένηταί</em></strong></span> <span class='ocrx_word' id='word_1_150' title='bbox 1286 1880 1322 1920; x_wconf 90' lang='grc' dir='ltr'><strong><em>τι</em></strong></span> <span class='ocrx_word' id='word_1_151' title='bbox 1348 1866 1416 1922; x_wconf 84' lang='grc' dir='ltr'><strong><em>τῶν</em></strong></span> <span class='ocrx_word' id='word_1_152' title='bbox 1439 1855 1537 1940; x_wconf 85' lang='grc' dir='ltr'><strong><em>νομιζ</em></strong></span> <span class='ocrx_word' id='word_1_153' title='bbox 1558 1893 1571 1903; x_wconf 97' lang='grc'>-</span> <span class='ocrx_word' id='word_1_154' title='bbox 1640 1861 1645 1866; x_wconf 83' lang='grc'><strong>“</strong></span> 
     </span>
     <span class='ocr_line' id='line_1_16' title="bbox 306 1957 1623 2046; baseline 0.001 -25"><span class='ocrx_word' id='word_1_155' title='bbox 306 1963 417 2038; x_wconf 88' lang='grc' dir='ltr'><strong><em>μένων</em></strong></span> <span class='ocrx_word' id='word_1_156' title='bbox 445 1959 602 2037; x_wconf 85' lang='grc' dir='ltr'><strong><em>ἀτόπων,</em></strong></span> <span class='ocrx_word' id='word_1_157' title='bbox 635 1958 689 2020; x_wconf 86' lang='grc' dir='ltr'><strong><em>ἀεί</em></strong></span> <span class='ocrx_word' id='word_1_158' title='bbox 716 1961 836 2020; x_wconf 87' lang='grc' dir='ltr'><strong><em>τούτου</em></strong></span> <span class='ocrx_word' id='word_1_159' title='bbox 869 1962 1134 2044; x_wconf 83' lang='grc' dir='ltr'><strong><em>μνημονεύουσι,</em></strong></span> <span class='ocrx_word' id='word_1_160' title='bbox 1169 1957 1348 2046; x_wconf 79' lang='grc' dir='ltr'><strong><em>δυσχεροῦς</em></strong></span> <span class='ocrx_word' id='word_1_161' title='bbox 1378 1961 1480 2046; x_wconf 85' lang='grc' dir='ltr'><strong><em>οδοης</em></strong></span> <span class='ocrx_word' id='word_1_162' title='bbox 1507 1969 1567 2046; x_wconf 78' lang='grc' dir='ltr'><strong><em>τῆς</em></strong></span> <span class='ocrx_word' id='word_1_163' title='bbox 1590 1970 1623 2022; x_wconf 80' lang='lat'><strong><em>15</em></strong></span> 
     </span>
     <span class='ocr_line' id='line_1_17' title="bbox 308 2056 1570 2146; baseline 0.003 -25"><span class='ocrx_word' id='word_1_164' title='bbox 308 2063 457 2146; x_wconf 82' lang='grc' dir='ltr'><strong><em>μνήμης,</em></strong></span> <span class='ocrx_word' id='word_1_165' title='bbox 488 2062 607 2140; x_wconf 90' lang='grc' dir='ltr'><strong><em>όμοιον</em></strong></span> <span class='ocrx_word' id='word_1_166' title='bbox 639 2056 678 2145; x_wconf 77' lang='grc' dir='ltr'><strong><em>δή</em></strong></span> <span class='ocrx_word' id='word_1_167' title='bbox 708 2080 742 2122; x_wconf 90' lang='grc' dir='ltr'><strong><em>τι</em></strong></span> <span class='ocrx_word' id='word_1_168' title='bbox 771 2064 960 2140; x_wconf 88' lang='grc' dir='ltr'><strong><em>πάσχοντες</em></strong></span> <span class='ocrx_word' id='word_1_169' title='bbox 987 2067 1061 2138; x_wconf 88' lang='grc' dir='ltr'><strong><em>τοῖς</em></strong></span> <span class='ocrx_word' id='word_1_170' title='bbox 1089 2059 1254 2138; x_wconf 89' lang='grc' dir='ltr'><strong><em>παιδίοις.</em></strong></span> <span class='ocrx_word' id='word_1_171' title='bbox 1297 2066 1355 2126; x_wconf 85' lang='grc' dir='ltr'><strong><em>καί</em></strong></span> <span class='ocrx_word' id='word_1_172' title='bbox 1375 2063 1438 2146; x_wconf 89' lang='grc' dir='ltr'><strong><em>γάρ</em></strong></span> <span class='ocrx_word' id='word_1_173' title='bbox 1461 2065 1570 2126; x_wconf 80' lang='grc' dir='ltr'><strong><em>ἐκεῖνα</em></strong></span> 
     </span>
     <span class='ocr_line' id='line_1_18' title="bbox 310 2161 1571 2250; baseline 0.003 -26"><span class='ocrx_word' id='word_1_174' title='bbox 310 2169 372 2225; x_wconf 89' lang='grc' dir='ltr'><strong><em>τοῦ</em></strong></span> <span class='ocrx_word' id='word_1_175' title='bbox 401 2164 509 2247; x_wconf 88' lang='grc' dir='ltr'><strong><em>πυρός</em></strong></span> <span class='ocrx_word' id='word_1_176' title='bbox 538 2163 706 2245; x_wconf 76' lang='grc' dir='ltr'><strong><em>ἅψασθαι</em></strong></span> <span class='ocrx_word' id='word_1_177' title='bbox 728 2163 976 2246; x_wconf 87' lang='grc' dir='ltr'><strong><em>προθυμεῖται,</em></strong></span> <span class='ocrx_word' id='word_1_178' title='bbox 1005 2165 1119 2227; x_wconf 92' lang='grc' dir='ltr'><strong><em>καίτοι</em></strong></span> <span class='ocrx_word' id='word_1_179' title='bbox 1143 2161 1276 2250; x_wconf 85' lang='grc' dir='ltr'><strong><em>σφόδρα</em></strong></span> <span class='ocrx_word' id='word_1_180' title='bbox 1300 2162 1481 2246; x_wconf 80' lang='grc' dir='ltr'><strong><em>ἀλγοῦντα,</em></strong></span> <span class='ocrx_word' id='word_1_181' title='bbox 1509 2165 1571 2229; x_wconf 82' lang='grc' dir='ltr'><strong><em>κᾶν</em></strong></span> 
     </span>
    </p>

    <p class='ocr_par' dir='ltr' id='par_1_8' title="bbox 272 2260 1706 3269">
     <span class='ocr_line' id='line_1_19' title="bbox 272 2260 1572 2350; baseline 0.003 -24"><span class='ocrx_word' id='word_1_182' title='bbox 272 2269 292 2332; x_wconf 85' lang='grc'><strong>6</strong></span> <span class='ocrx_word' id='word_1_183' title='bbox 314 2265 416 2350; x_wconf 78' lang='grc' dir='ltr'><strong><em>ἀφῇς,</em></strong></span> <span class='ocrx_word' id='word_1_184' title='bbox 440 2265 569 2347; x_wconf 77' lang='grc' dir='ltr'><strong><em>ἅψεται</em></strong></span> <span class='ocrx_word' id='word_1_185' title='bbox 592 2260 705 2326; x_wconf 88' lang='grc' dir='ltr'><strong><em>πάλιν.</em></strong></span> <span class='ocrx_word' id='word_1_186' title='bbox 745 2265 861 2348; x_wconf 85' lang='grc' dir='ltr'><strong><em>ὥσπερ</em></strong></span> <span class='ocrx_word' id='word_1_187' title='bbox 885 2265 942 2327; x_wconf 86' lang='grc' dir='ltr'><strong><em>οδν</em></strong></span> <span class='ocrx_word' id='word_1_188' title='bbox 964 2271 1038 2341; x_wconf 90' lang='grc' dir='ltr'><strong><em>τοῖς</em></strong></span> <span class='ocrx_word' id='word_1_189' title='bbox 1061 2267 1111 2341; x_wconf 90' lang='grc' dir='ltr'><strong><em>είς</em></strong></span> <span class='ocrx_word' id='word_1_190' title='bbox 1132 2264 1282 2347; x_wconf 92' lang='grc' dir='ltr'><strong><em>πόλεμον</em></strong></span> <span class='ocrx_word' id='word_1_191' title='bbox 1304 2264 1452 2344; x_wconf 76' lang='grc' dir='ltr'><strong><em>ἐξιοῦσιν</em></strong></span> <span class='ocrx_word' id='word_1_192' title='bbox 1476 2265 1572 2330; x_wconf 82' lang='grc' dir='ltr'><strong><em>οὐδέν</em></strong></span> 
     </span>
     <span class='ocr_line' id='line_1_20' title="bbox 311 2361 1706 2454; baseline 0.005 -27"><span class='ocrx_word' id='word_1_193' title='bbox 311 2367 404 2429; x_wconf 79' lang='grc' dir='ltr'><strong><em>ἐστιν</em></strong></span> <span class='ocrx_word' id='word_1_194' title='bbox 427 2361 561 2450; x_wconf 81' lang='grc' dir='ltr'><strong><em>όφελος,</em></strong></span> <span class='ocrx_word' id='word_1_195' title='bbox 584 2367 625 2428; x_wconf 85' lang='grc' dir='ltr'><strong><em>άν</em></strong></span> <span class='ocrx_word' id='word_1_196' title='bbox 647 2368 766 2447; x_wconf 85' lang='grc' dir='ltr'><strong><em>γυμνοί</em></strong></span> <span class='ocrx_word' id='word_1_197' title='bbox 788 2363 1020 2449; x_wconf 88' lang='grc' dir='ltr'><strong><em>προελθόντες</em></strong></span> <span class='ocrx_word' id='word_1_198' title='bbox 1037 2369 1158 2431; x_wconf 81' lang='grc' dir='ltr'><strong><em>ἔπειτα</em></strong></span> <span class='ocrx_word' id='word_1_199' title='bbox 1181 2371 1404 2431; x_wconf 74' lang='grc' dir='ltr'><strong><em>ἕκαστοντῶν</em></strong></span> <span class='ocrx_word' id='word_1_200' title='bbox 1428 2373 1706 2454; x_wconf 63' lang='lat' dir='ltr'><strong><em>‹prebui-urbam</em></strong></span> 
     </span>
     <span class='ocr_line' id='line_1_21' title="bbox 312 2464 1627 2555; baseline 0.002 -25"><span class='ocrx_word' id='word_1_201' title='bbox 312 2489 378 2530; x_wconf 91' lang='grc' dir='ltr'><strong><em>νων</em></strong></span> <span class='ocrx_word' id='word_1_202' title='bbox 406 2465 514 2549; x_wconf 79' lang='grc' dir='ltr'><strong><em>βελῶν</em></strong></span> <span class='ocrx_word' id='word_1_203' title='bbox 543 2464 703 2530; x_wconf 84' lang='grc' dir='ltr'><strong><em>ἐκκλίνειν</em></strong></span> <span class='ocrx_word' id='word_1_204' title='bbox 728 2466 898 2531; x_wconf 76' lang='grc' dir='ltr'><strong><em>ἐθέλωσιν</em></strong></span> <span class='ocrx_word' id='word_1_205' title='bbox 927 2469 978 2543; x_wconf 86' lang='grc' dir='ltr'><strong><em>(οδ</em></strong></span> <span class='ocrx_word' id='word_1_206' title='bbox 1007 2470 1069 2551; x_wconf 84' lang='grc' dir='ltr'><strong><em>γάρ</em></strong></span> <span class='ocrx_word' id='word_1_207' title='bbox 1099 2471 1150 2532; x_wconf 84' lang='grc' dir='ltr'><strong><em>ένι</em></strong></span> <span class='ocrx_word' id='word_1_208' title='bbox 1173 2468 1412 2555; x_wconf 82' lang='grc' dir='ltr'><strong><em>φυλάττεσθαι</em></strong></span> <span class='ocrx_word' id='word_1_209' title='bbox 1433 2474 1569 2548; x_wconf 90' lang='grc' dir='ltr'><strong><em>πάντα),</em></strong></span> <span class='ocrx_word' id='word_1_210' title='bbox 1591 2483 1627 2532; x_wconf 85' lang='grc' dir='ltr'><strong><em>2ο</em></strong></span> 
     </span>
     <span class='ocr_line' id='line_1_22' title="bbox 314 2567 1620 2656; baseline 0 -24"><span class='ocrx_word' id='word_1_211' title='bbox 314 2567 371 2632; x_wconf 86' lang='grc' dir='ltr'><strong><em>δεῖ</em></strong></span> <span class='ocrx_word' id='word_1_212' title='bbox 396 2567 431 2632; x_wconf 83' lang='grc' dir='ltr'><strong><em>δέ</em></strong></span> <span class='ocrx_word' id='word_1_213' title='bbox 461 2571 622 2653; x_wconf 91' lang='grc' dir='ltr'><strong><em>θώρακος</em></strong></span> <span class='ocrx_word' id='word_1_214' title='bbox 652 2578 791 2653; x_wconf 84' lang='grc' dir='ltr'><strong><em>στερεοῦ</em></strong></span> <span class='ocrx_word' id='word_1_215' title='bbox 816 2573 873 2633; x_wconf 89' lang='grc' dir='ltr'><strong><em>καί</em></strong></span> <span class='ocrx_word' id='word_1_216' title='bbox 905 2579 964 2656; x_wconf 81' lang='grc' dir='ltr'><strong><em>τῆς</em></strong></span> <span class='ocrx_word' id='word_1_217' title='bbox 993 2568 1097 2655; x_wconf 88' lang='grc' dir='ltr'><strong><em>ἀλλης</em></strong></span> <span class='ocrx_word' id='word_1_218' title='bbox 1127 2568 1339 2649; x_wconf 89' lang='grc' dir='ltr'><strong><em>πανοπλίας,</em></strong></span> <span class='ocrx_word' id='word_1_219' title='bbox 1375 2573 1478 2649; x_wconf 84' lang='grc' dir='ltr'><strong><em>ὥστε,</em></strong></span> <span class='ocrx_word' id='word_1_220' title='bbox 1511 2572 1574 2633; x_wconf 88' lang='grc' dir='ltr'><strong><em>κάν</em></strong></span> <span class='ocrx_word' id='word_1_221' title='bbox 1616 2599 1620 2604; x_wconf 64' lang='grc'>’</span> 
     </span>
     <span class='ocr_line' id='line_1_23' title="bbox 313 2669 1577 2758; baseline 0 -23"><span class='ocrx_word' id='word_1_222' title='bbox 313 2674 445 2755; x_wconf 80' lang='grc' dir='ltr'><strong><em>έμπέση</em></strong></span> <span class='ocrx_word' id='word_1_223' title='bbox 468 2693 512 2749; x_wconf 93' lang='grc' dir='ltr'><strong><em>τι,</em></strong></span> <span class='ocrx_word' id='word_1_224' title='bbox 534 2673 579 2758; x_wconf 73' lang='grc' dir='ltr'><strong><em>με)</em></strong></span> <span class='ocrx_word' id='word_1_225' title='bbox 604 2669 825 2750; x_wconf 87' lang='grc' dir='ltr'><strong><em>διικνεῖσθαι,</em></strong></span> <span class='ocrx_word' id='word_1_226' title='bbox 848 2676 907 2735; x_wconf 91' lang='grc' dir='ltr'><strong><em>τὸν</em></strong></span> <span class='ocrx_word' id='word_1_227' title='bbox 924 2673 1025 2735; x_wconf 82' lang='grc' dir='ltr'><strong><em>αὐτόν</em></strong></span> <span class='ocrx_word' id='word_1_228' title='bbox 1041 2675 1241 2755; x_wconf 83' lang='grc' dir='ltr'><strong><em>τρόπονκαὶ</em></strong></span> <span class='ocrx_word' id='word_1_229' title='bbox 1256 2678 1329 2747; x_wconf 88' lang='grc' dir='ltr'><strong><em>τοῖς</em></strong></span> <span class='ocrx_word' id='word_1_230' title='bbox 1344 2674 1395 2747; x_wconf 90' lang='grc' dir='ltr'><strong><em>είς</em></strong></span> <span class='ocrx_word' id='word_1_231' title='bbox 1416 2675 1475 2735; x_wconf 90' lang='grc' dir='ltr'><strong><em>τόν</em></strong></span> <span class='ocrx_word' id='word_1_232' title='bbox 1497 2674 1577 2753; x_wconf 89' lang='grc' dir='ltr'><strong><em>βίον</em></strong></span> 
     </span>
     <span class='ocr_line' id='line_1_24' title="bbox 315 2770 1576 2859; baseline 0.002 -25"><span class='ocrx_word' id='word_1_233' title='bbox 315 2770 547 2856; x_wconf 85' lang='grc' dir='ltr'><strong><em>προελθοῦσιν</em></strong></span> <span class='ocrx_word' id='word_1_234' title='bbox 578 2775 637 2853; x_wconf 81' lang='grc' dir='ltr'><strong><em>οὐχ</em></strong></span> <span class='ocrx_word' id='word_1_235' title='bbox 666 2773 739 2837; x_wconf 89' lang='grc' dir='ltr'><strong><em>οίόν</em></strong></span> <span class='ocrx_word' id='word_1_236' title='bbox 768 2795 804 2837; x_wconf 92' lang='grc' dir='ltr'><strong><em>τε</em></strong></span> <span class='ocrx_word' id='word_1_237' title='bbox 832 2772 992 2837; x_wconf 82' lang='grc' dir='ltr'><strong><em>ἐκκλίνειν</em></strong></span> <span class='ocrx_word' id='word_1_238' title='bbox 1022 2771 1099 2835; x_wconf 78' lang='grc' dir='ltr'><strong><em>οὐδὲ</em></strong></span> <span class='ocrx_word' id='word_1_239' title='bbox 1130 2771 1366 2859; x_wconf 82' lang='grc' dir='ltr'><strong><em>φυλάττεσθαι</em></strong></span> <span class='ocrx_word' id='word_1_240' title='bbox 1394 2775 1481 2836; x_wconf 87' lang='grc' dir='ltr'><strong><em>ώστε</em></strong></span> <span class='ocrx_word' id='word_1_241' title='bbox 1503 2775 1576 2836; x_wconf 83' lang='grc' dir='ltr'><strong><em>ύπδ</em></strong></span> 
     </span>
     <span class='ocr_line' id='line_1_25' title="bbox 314 2867 1576 2964; baseline 0 -27"><span class='ocrx_word' id='word_1_242' title='bbox 314 2872 458 2961; x_wconf 89' lang='grc' dir='ltr'><strong><em>μηδενός</em></strong></span> <span class='ocrx_word' id='word_1_243' title='bbox 488 2876 661 2939; x_wconf 89' lang='grc' dir='ltr'><strong><em>παίεσθαι</em></strong></span> <span class='ocrx_word' id='word_1_244' title='bbox 689 2884 756 2939; x_wconf 83' lang='grc' dir='ltr'><strong><em>τῶν</em></strong></span> <span class='ocrx_word' id='word_1_245' title='bbox 785 2879 822 2939; x_wconf 89' lang='grc' dir='ltr'><strong><em>έκ</em></strong></span> <span class='ocrx_word' id='word_1_246' title='bbox 843 2885 902 2964; x_wconf 81' lang='grc' dir='ltr'><strong><em>τῆς</em></strong></span> <span class='ocrx_word' id='word_1_247' title='bbox 923 2879 1042 2962; x_wconf 89' lang='grc' dir='ltr'><strong><em>τύχης,</em></strong></span> <span class='ocrx_word' id='word_1_248' title='bbox 1071 2877 1200 2959; x_wconf 88' lang='grc' dir='ltr'><strong><em>μυρίων</em></strong></span> <span class='ocrx_word' id='word_1_249' title='bbox 1223 2867 1282 2962; x_wconf 78' lang='grc' dir='ltr'><strong><em>ἐφ’</em></strong></span> <span class='ocrx_word' id='word_1_250' title='bbox 1308 2879 1449 2939; x_wconf 79' lang='grc' dir='ltr'><strong><em>ἕκαστον</em></strong></span> <span class='ocrx_word' id='word_1_251' title='bbox 1473 2895 1576 2962; x_wconf 82' lang='grc' dir='ltr'><strong><em>φερο-</em></strong></span> 
     </span>
     <span class='ocr_line' id='line_1_26' title="bbox 314 2973 1628 3064; baseline 0.002 -24"><span class='ocrx_word' id='word_1_252' title='bbox 314 2981 433 3057; x_wconf 83' lang='grc' dir='ltr'><strong><em>μένων,</em></strong></span> <span class='ocrx_word' id='word_1_253' title='bbox 458 2973 543 3039; x_wconf 87' lang='grc' dir='ltr'><strong><em>ἀλλά</em></strong></span> <span class='ocrx_word' id='word_1_254' title='bbox 560 2974 714 3054; x_wconf 91' lang='grc' dir='ltr'><strong><em>διανοίας</em></strong></span> <span class='ocrx_word' id='word_1_255' title='bbox 730 2981 865 3064; x_wconf 82' lang='grc' dir='ltr'><strong><em>ἰσχυρᾶς</em></strong></span> <span class='ocrx_word' id='word_1_256' title='bbox 884 2981 1012 3064; x_wconf 81' lang='grc' dir='ltr'><strong><em>έστινη</em></strong></span> <span class='ocrx_word' id='word_1_257' title='bbox 1033 2980 1141 3063; x_wconf 90' lang='grc' dir='ltr'><strong><em>χρεία,</em></strong></span> <span class='ocrx_word' id='word_1_258' title='bbox 1163 2976 1311 3059; x_wconf 92' lang='grc' dir='ltr'><strong><em>μάλιστα</em></strong></span> <span class='ocrx_word' id='word_1_259' title='bbox 1333 2980 1395 3058; x_wconf 84' lang='grc' dir='ltr'><strong><em>μὲν</em></strong></span> <span class='ocrx_word' id='word_1_260' title='bbox 1418 2979 1570 3062; x_wconf 85' lang='grc' dir='ltr'><strong><em>ἀτρώτου</em></strong></span> <span class='ocrx_word' id='word_1_261' title='bbox 1593 2992 1628 3042; x_wconf 68' lang='grc' dir='ltr'><strong><em>2ο</em></strong></span> 
     </span>
     <span class='ocr_line' id='line_1_27' title="bbox 314 3077 1577 3167; baseline 0.001 -27"><span class='ocrx_word' id='word_1_262' title='bbox 314 3081 371 3141; x_wconf 86' lang='grc' dir='ltr'><strong><em>καί</em></strong></span> <span class='ocrx_word' id='word_1_263' title='bbox 399 3082 486 3162; x_wconf 90' lang='grc' dir='ltr'><strong><em>πρός</em></strong></span> <span class='ocrx_word' id='word_1_264' title='bbox 507 3077 612 3165; x_wconf 84' lang='grc' dir='ltr'><strong><em>μηδὲν</em></strong></span> <span class='ocrx_word' id='word_1_265' title='bbox 635 3082 805 3166; x_wconf 79' lang='grc' dir='ltr'><strong><em>εἰκούσης,</em></strong></span> <span class='ocrx_word' id='word_1_266' title='bbox 832 3083 864 3144; x_wconf 85' lang='grc' dir='ltr'><strong><em>εί</em></strong></span> <span class='ocrx_word' id='word_1_267' title='bbox 887 3078 923 3143; x_wconf 84' lang='grc' dir='ltr'><strong><em>δέ</em></strong></span> <span class='ocrx_word' id='word_1_268' title='bbox 945 3083 1008 3166; x_wconf 82' lang='grc' dir='ltr'><strong><em>μή,</em></strong></span> <span class='ocrx_word' id='word_1_269' title='bbox 1039 3082 1085 3166; x_wconf 76' lang='grc' dir='ltr'><strong><em>μή</em></strong></span> <span class='ocrx_word' id='word_1_270' title='bbox 1108 3102 1144 3163; x_wconf 92' lang='grc' dir='ltr'><strong><em>γε</em></strong></span> <span class='ocrx_word' id='word_1_271' title='bbox 1166 3078 1295 3166; x_wconf 78' lang='grc' dir='ltr'><strong><em>ῥᾳδίως</em></strong></span> <span class='ocrx_word' id='word_1_272' title='bbox 1316 3078 1401 3167; x_wconf 78' lang='grc' dir='ltr'><strong><em>μηδὲ</em></strong></span> <span class='ocrx_word' id='word_1_273' title='bbox 1423 3082 1491 3142; x_wconf 84' lang='grc' dir='ltr'><strong><em>ὑπό</em></strong></span> <span class='ocrx_word' id='word_1_274' title='bbox 1514 3087 1577 3141; x_wconf 89' lang='grc' dir='ltr'><strong><em>τοῦ</em></strong></span> 
     </span>
     <span class='ocr_line' id='line_1_28' title="bbox 316 3179 1575 3269; baseline 0 -25"><span class='ocrx_word' id='word_1_275' title='bbox 316 3184 473 3261; x_wconf 86' lang='grc' dir='ltr'><strong><em>τυχόντος</em></strong></span> <span class='ocrx_word' id='word_1_276' title='bbox 487 3187 774 3268; x_wconf 87' lang='grc' dir='ltr'><strong><em>τιτρωσκομένης·</em></strong></span> <span class='ocrx_word' id='word_1_277' title='bbox 797 3185 875 3247; x_wconf 85' lang='grc' dir='ltr'><strong><em>έπεί</em></strong></span> <span class='ocrx_word' id='word_1_278' title='bbox 898 3179 1063 3259; x_wconf 81' lang='grc' dir='ltr'><strong><em>πολλάκις</em></strong></span> <span class='ocrx_word' id='word_1_279' title='bbox 1086 3184 1209 3269; x_wconf 85' lang='grc' dir='ltr'><strong><em>ἀνάγκη</em></strong></span> <span class='ocrx_word' id='word_1_280' title='bbox 1226 3184 1424 3246; x_wconf 87' lang='grc' dir='ltr'><strong><em>κεντεῖσθαι</em></strong></span> <span class='ocrx_word' id='word_1_281' title='bbox 1437 3185 1494 3246; x_wconf 87' lang='grc' dir='ltr'><strong><em>καί</em></strong></span> <span class='ocrx_word' id='word_1_282' title='bbox 1514 3204 1575 3263; x_wconf 92' lang='grc' dir='ltr'><strong><em>μυ-</em></strong></span> 
     </span>
    </p>
   </div>
   <div class='ocr_carea' id='block_1_4' title="bbox 317 3413 1582 4601">
    <p class='ocr_par' dir='ltr' id='par_1_9' title="bbox 317 3413 1582 4601">
     <span class='ocr_line' id='line_1_29' title="bbox 405 3413 1578 3488; baseline 0.001 -21"><span class='ocrx_word' id='word_1_283' title='bbox 405 3418 415 3467; x_wconf 86' lang='lat' dir='ltr'><strong>l</strong></span> <span class='ocrx_word' id='word_1_284' title='bbox 437 3417 522 3471; x_wconf 81' lang='grc' dir='ltr'><strong><em>λυπεῖ</em></strong></span> <span class='ocrx_word' id='word_1_285' title='bbox 538 3427 572 3468; x_wconf 78' lang='lat' dir='ltr'><strong><em>ex</em></strong></span> <span class='ocrx_word' id='word_1_286' title='bbox 590 3413 748 3471; x_wconf 73' lang='lat' dir='ltr'><strong>coniectura</strong></span> <span class='ocrx_word' id='word_1_287' title='bbox 766 3415 872 3484; x_wconf 77' lang='lat' dir='ltr'><strong>addidi,</strong></span> <span class='ocrx_word' id='word_1_288' title='bbox 895 3431 958 3470; x_wconf 78' lang='lat' dir='ltr'><strong><em>nam</em></strong></span> <span class='ocrx_word' id='word_1_289' title='bbox 982 3417 1133 3488; x_wconf 78' lang='grc' dir='ltr'><strong><em>συμβαίνει</em></strong></span> <span class='ocrx_word' id='word_1_290' title='bbox 1156 3431 1213 3472; x_wconf 86' lang='lat' dir='ltr'><strong><em>non</em></strong></span> <span class='ocrx_word' id='word_1_291' title='bbox 1231 3415 1425 3485; x_wconf 67' lang='lat' dir='ltr'><strong><em>potentialius</em></strong></span> <span class='ocrx_word' id='word_1_292' title='bbox 1442 3415 1578 3471; x_wconf 72' lang='lat' dir='ltr'><strong>enuntiati</strong></span> 
     </span>
     <span class='ocr_line' id='line_1_30' title="bbox 317 3495 1577 3572; baseline 0 -19"><span class='ocrx_word' id='word_1_293' title='bbox 317 3497 502 3568; x_wconf 71' lang='lat' dir='ltr'><strong>praedicatum</strong></span> <span class='ocrx_word' id='word_1_294' title='bbox 519 3499 614 3554; x_wconf 73' lang='lat' dir='ltr'><strong>haberi</strong></span> <span class='ocrx_word' id='word_1_295' title='bbox 630 3505 743 3570; x_wconf 73' lang='lat' dir='ltr'><strong>propter</strong></span> <span class='ocrx_word' id='word_1_296' title='bbox 760 3500 969 3556; x_wconf 73' lang='lat' dir='ltr'><strong>disiunctionem</strong></span> <span class='ocrx_word' id='word_1_297' title='bbox 987 3495 1006 3572; x_wconf 77' lang='grc' dir='ltr'><em>ἢ</em></span> <span class='ocrx_word' id='word_1_298' title='bbox 1023 3495 1092 3572; x_wconf 80' lang='grc' dir='ltr'><strong><em>-ἢ</em></strong></span> <span class='ocrx_word' id='word_1_299' title='bbox 1176 3497 1296 3558; x_wconf 78' lang='grc' dir='ltr'><strong><em>ἐκείνων</em></strong></span> <span class='ocrx_word' id='word_1_300' title='bbox 1313 3500 1400 3565; x_wconf 77' lang='grc' dir='ltr'><strong><em>ΠΒΜ,</em></strong></span> <span class='ocrx_word' id='word_1_301' title='bbox 1419 3500 1535 3557; x_wconf 80' lang='grc' dir='ltr'><strong><em>οἰκείων</em></strong></span> <span class='ocrx_word' id='word_1_302' title='bbox 1553 3498 1577 3553; x_wconf 86' lang='grc' dir='ltr'>Τ</span> 
     </span>
     <span class='ocr_line' id='line_1_31' title="bbox 317 3578 1526 3658; baseline -0.003 -18"><span class='ocrx_word' id='word_1_303' title='bbox 317 3588 345 3640; x_wconf 75' lang='grc' dir='ltr'><strong><em>εί</em></strong></span> <span class='ocrx_word' id='word_1_304' title='bbox 361 3583 440 3655; x_wconf 73' lang='lat' dir='ltr'><strong>vulgo</strong></span> <span class='ocrx_word' id='word_1_305' title='bbox 514 3578 698 3658; x_wconf 80' lang='grc' dir='ltr'><strong><em>2άιιοβοίῆς</em></strong></span> <span class='ocrx_word' id='word_1_306' title='bbox 716 3585 745 3639; x_wconf 98' lang='grc' dir='ltr'><strong>Μ</strong></span> <span class='ocrx_word' id='word_1_307' title='bbox 814 3589 938 3658; x_wconf 85' lang='grc' dir='ltr'><strong><em>περάναι</em></strong></span> <span class='ocrx_word' id='word_1_308' title='bbox 955 3585 1045 3655; x_wconf 73' lang='grc' dir='ltr'><strong><em>Εωμ,</em></strong></span> <span class='ocrx_word' id='word_1_309' title='bbox 1063 3593 1198 3658; x_wconf 85' lang='grc' dir='ltr'><strong><em>παρεῖναι</em></strong></span> <span class='ocrx_word' id='word_1_310' title='bbox 1216 3585 1278 3640; x_wconf 83' lang='lat' dir='ltr'><strong>libri</strong></span> <span class='ocrx_word' id='word_1_311' title='bbox 1350 3578 1435 3656; x_wconf 74' lang='grc' dir='ltr'><strong><em>ἦρτο</em></strong></span> <span class='ocrx_word' id='word_1_312' title='bbox 1452 3605 1479 3641; x_wconf 89' lang='grc' dir='ltr'><strong><em>τι</em></strong></span> <span class='ocrx_word' id='word_1_313' title='bbox 1497 3583 1526 3636; x_wconf 95' lang='grc' dir='ltr'><strong>Μ</strong></span> 
     </span>
     <span class='ocr_line' id='line_1_32' title="bbox 318 3661 1508 3744; baseline 0 -20"><span class='ocrx_word' id='word_1_314' title='bbox 318 3674 333 3724; x_wconf 80' lang='lat'>³</span> <span class='ocrx_word' id='word_1_315' title='bbox 352 3664 368 3743; x_wconf 78' lang='grc' dir='ltr'><strong><em>ἡ</em></strong></span> <span class='ocrx_word' id='word_1_316' title='bbox 387 3667 467 3744; x_wconf 77' lang='grc' dir='ltr'><strong><em>παρὰ</em></strong></span> <span class='ocrx_word' id='word_1_317' title='bbox 486 3665 522 3726; x_wconf 85' lang='grc' dir='ltr'><strong><em>τὸ</em></strong></span> <span class='ocrx_word' id='word_1_318' title='bbox 541 3670 607 3727; x_wconf 85' lang='grc' dir='ltr'><strong><em>δέον</em></strong></span> <span class='ocrx_word' id='word_1_319' title='bbox 624 3669 681 3736; x_wconf 84' lang='lat' dir='ltr'><strong><em>UB,</em></strong></span> <span class='ocrx_word' id='word_1_320' title='bbox 701 3686 754 3726; x_wconf 85' lang='lat' dir='ltr'><strong><em>om.</em></strong></span> <span class='ocrx_word' id='word_1_321' title='bbox 772 3670 802 3724; x_wconf 96' lang='lat' dir='ltr'>M</span> <span class='ocrx_word' id='word_1_322' title='bbox 893 3666 966 3727; x_wconf 81' lang='grc' dir='ltr'><strong><em>ἄλλα</em></strong></span> <span class='ocrx_word' id='word_1_323' title='bbox 984 3669 1094 3740; x_wconf 73' lang='lat' dir='ltr'><strong><em>seclusi,</em></strong></span> <span class='ocrx_word' id='word_1_324' title='bbox 1113 3661 1170 3728; x_wconf 83' lang='grc' dir='ltr'><strong><em>δσα</em></strong></span> <span class='ocrx_word' id='word_1_325' title='bbox 1188 3666 1261 3728; x_wconf 78' lang='grc' dir='ltr'><strong><em>ἄλλα</em></strong></span> <span class='ocrx_word' id='word_1_326' title='bbox 1279 3669 1342 3733; x_wconf 79' lang='lat' dir='ltr'><strong>(boc</strong></span> <span class='ocrx_word' id='word_1_327' title='bbox 1361 3669 1428 3735; x_wconf 82' lang='lat' dir='ltr'><strong>ord.)</strong></span> <span class='ocrx_word' id='word_1_328' title='bbox 1445 3669 1508 3724; x_wconf 85' lang='lat' dir='ltr'><strong>wil.</strong></span> 
     </span>
     <span class='ocr_line' id='line_1_33' title="bbox 318 3745 1578 3830; baseline -0.003 -16"><span class='ocrx_word' id='word_1_329' title='bbox 318 3746 375 3814; x_wconf 83' lang='grc' dir='ltr'><strong><em>δσα</em></strong></span> <span class='ocrx_word' id='word_1_330' title='bbox 393 3757 545 3829; x_wconf 81' lang='grc' dir='ltr'><strong><em>συμβαίνει</em></strong></span> <span class='ocrx_word' id='word_1_331' title='bbox 562 3755 609 3811; x_wconf 89' lang='lat' dir='ltr'><strong><em>UB</em></strong></span> <span class='ocrx_word' id='word_1_332' title='bbox 627 3758 777 3830; x_wconf 79' lang='grc' dir='ltr'><strong><em>συμβαίνει</em></strong></span> <span class='ocrx_word' id='word_1_333' title='bbox 796 3760 859 3822; x_wconf 87' lang='lat' dir='ltr'><strong>(om.</strong></span> <span class='ocrx_word' id='word_1_334' title='bbox 878 3745 947 3822; x_wconf 81' lang='grc' dir='ltr'><strong><em>ὅσα)</em></strong></span> <span class='ocrx_word' id='word_1_335' title='bbox 965 3757 994 3810; x_wconf 92' lang='lat' dir='ltr'>M</span> <span class='ocrx_word' id='word_1_336' title='bbox 1075 3761 1091 3812; x_wconf 85' lang='lat' dir='ltr'><strong>b</strong></span> <span class='ocrx_word' id='word_1_337' title='bbox 1108 3757 1238 3828; x_wconf 84' lang='grc' dir='ltr'><strong><em>γίγνηται</em></strong></span> <span class='ocrx_word' id='word_1_338' title='bbox 1256 3755 1370 3822; x_wconf 68' lang='grc' dir='ltr'><strong><em>δείδια,</em></strong></span> <span class='ocrx_word' id='word_1_339' title='bbox 1388 3749 1578 3826; x_wconf 86' lang='grc' dir='ltr'><strong><em>γιγνώσκηται</em></strong></span> 
     </span>
     <span class='ocr_line' id='line_1_34' title="bbox 317 3829 1510 3914; baseline -0.001 -18"><span class='ocrx_word' id='word_1_340' title='bbox 317 3841 380 3897; x_wconf 82' lang='lat' dir='ltr'>libri</span> <span class='ocrx_word' id='word_1_341' title='bbox 487 3845 567 3897; x_wconf 79' lang='grc' dir='ltr'><strong><em>δτοι</em></strong></span> <span class='ocrx_word' id='word_1_342' title='bbox 584 3855 637 3896; x_wconf 86' lang='lat' dir='ltr'><strong><em>om.</em></strong></span> <span class='ocrx_word' id='word_1_343' title='bbox 655 3840 686 3893; x_wconf 92' lang='lat' dir='ltr'>M</span> <span class='ocrx_word' id='word_1_344' title='bbox 787 3838 977 3914; x_wconf 82' lang='grc' dir='ltr'><strong><em>γινώσκεινΒ</em></strong></span> <span class='ocrx_word' id='word_1_345' title='bbox 1062 3837 1306 3914; x_wconf 76' lang='grc' dir='ltr'><strong><em>’ίκαθάνμηταιῦ</em></strong></span> <span class='ocrx_word' id='word_1_346' title='bbox 1393 3829 1510 3896; x_wconf 73' lang='grc' dir='ltr'><strong><em>οδτωΒ</em></strong></span> 
     </span>
     <span class='ocr_line' id='line_1_35' title="bbox 319 3918 1581 4000; baseline -0.004 -19"><span class='ocrx_word' id='word_1_347' title='bbox 319 3931 334 3981; x_wconf 84' lang='grc'>8</span> <span class='ocrx_word' id='word_1_348' title='bbox 354 3919 459 3983; x_wconf 75' lang='grc' dir='ltr'><strong><em>οὐκοῦν</em></strong></span> <span class='ocrx_word' id='word_1_349' title='bbox 476 3925 500 3981; x_wconf 88' lang='lat' dir='ltr'><strong>U</strong></span> <span class='ocrx_word' id='word_1_350' title='bbox 569 3931 585 3980; x_wconf 83' lang='grc'>9</span> <span class='ocrx_word' id='word_1_351' title='bbox 602 3929 652 3983; x_wconf 86' lang='grc' dir='ltr'><strong><em>καί</em></strong></span> <span class='ocrx_word' id='word_1_352' title='bbox 669 3918 797 4000; x_wconf 83' lang='grc' dir='ltr'><strong><em>λυπηρός</em></strong></span> <span class='ocrx_word' id='word_1_353' title='bbox 812 3926 891 3984; x_wconf 80' lang='grc' dir='ltr'><strong><em>ἐστιν</em></strong></span> <span class='ocrx_word' id='word_1_354' title='bbox 909 3921 925 3984; x_wconf 85' lang='grc' dir='ltr'><strong><em>δ</em></strong></span> <span class='ocrx_word' id='word_1_355' title='bbox 943 3929 1011 4000; x_wconf 82' lang='grc' dir='ltr'><strong><em>βίος</em></strong></span> <span class='ocrx_word' id='word_1_356' title='bbox 1028 3931 1156 3996; x_wconf 74' lang='lat' dir='ltr'><strong><em>suspecta</em></strong></span> <span class='ocrx_word' id='word_1_357' title='bbox 1167 3926 1309 3993; x_wconf 77' lang='lat' dir='ltr'><strong>Emperi03</strong></span> <span class='ocrx_word' id='word_1_358' title='bbox 1327 3924 1361 3980; x_wconf 84' lang='grc' dir='ltr'><strong><em>δε</em></strong></span> <span class='ocrx_word' id='word_1_359' title='bbox 1378 3918 1458 3982; x_wconf 81' lang='grc' dir='ltr'><strong><em>ἔσται</em></strong></span> <span class='ocrx_word' id='word_1_360' title='bbox 1477 3921 1581 3991; x_wconf 69' lang='lat' dir='ltr'><strong>cogitat</strong></span> 
     </span>
     <span class='ocr_line' id='line_1_36' title="bbox 318 4005 1581 4082; baseline -0.001 -17"><span class='ocrx_word' id='word_1_361' title='bbox 318 4010 347 4065; x_wconf 92' lang='lat' dir='ltr'><strong><em>in</em></strong></span> <span class='ocrx_word' id='word_1_362' title='bbox 364 4011 487 4075; x_wconf 73' lang='lat' dir='ltr'><strong><em>schedis,</em></strong></span> <span class='ocrx_word' id='word_1_363' title='bbox 510 4015 542 4065; x_wconf 81' lang='lat' dir='ltr'><strong><em>ut</em></strong></span> <span class='ocrx_word' id='word_1_364' title='bbox 563 4011 632 4065; x_wconf 72' lang='lat' dir='ltr'><strong><em>haec</em></strong></span> <span class='ocrx_word' id='word_1_365' title='bbox 655 4011 839 4082; x_wconf 74' lang='lat' dir='ltr'><strong>respondeant</strong></span> <span class='ocrx_word' id='word_1_366' title='bbox 856 4012 944 4067; x_wconf 79' lang='lat' dir='ltr'><strong>verbis</strong></span> <span class='ocrx_word' id='word_1_367' title='bbox 961 4013 1010 4067; x_wconf 84' lang='grc' dir='ltr'><strong><em>καί</em></strong></span> <span class='ocrx_word' id='word_1_368' title='bbox 1028 4007 1147 4068; x_wconf 84' lang='grc' dir='ltr'><strong><em>πάντων</em></strong></span> <span class='ocrx_word' id='word_1_369' title='bbox 1164 4040 1197 4050; x_wconf 94' lang='lat'><em>-</em></span> <span class='ocrx_word' id='word_1_370' title='bbox 1215 4005 1297 4066; x_wconf 74' lang='grc' dir='ltr'><strong><em>ἔσται</em></strong></span> <span class='ocrx_word' id='word_1_371' title='bbox 1313 4008 1332 4064; x_wconf 92' lang='lat' dir='ltr'><strong><em>l.</em></strong></span> <span class='ocrx_word' id='word_1_372' title='bbox 1353 4012 1399 4076; x_wconf 79' lang='lat'><strong><em>¹²3</em></strong></span> <span class='ocrx_word' id='word_1_373' title='bbox 1422 4010 1472 4065; x_wconf 80' lang='grc' dir='ltr'><strong><em>καί</em></strong></span> <span class='ocrx_word' id='word_1_374' title='bbox 1488 4007 1581 4076; x_wconf 75' lang='grc' dir='ltr'><strong><em>(τοῖς)</em></strong></span> 
     </span>
     <span class='ocr_line' id='line_1_37' title="bbox 320 4085 1579 4166; baseline -0.002 -16"><span class='ocrx_word' id='word_1_375' title='bbox 320 4097 394 4163; x_wconf 79' lang='lat' dir='ltr'><strong>wil,</strong></span> <span class='ocrx_word' id='word_1_376' title='bbox 412 4097 460 4152; x_wconf 84' lang='grc' dir='ltr'><strong><em>εεδ</em></strong></span> <span class='ocrx_word' id='word_1_377' title='bbox 477 4097 539 4166; x_wconf 69' lang='lat' dir='ltr'><strong><em>ipsa</em></strong></span> <span class='ocrx_word' id='word_1_378' title='bbox 556 4095 612 4150; x_wconf 73' lang='lat' dir='ltr'><strong>vita</strong></span> <span class='ocrx_word' id='word_1_379' title='bbox 629 4111 645 4152; x_wconf 87' lang='grc' dir='ltr'><strong><em>ε</em></strong></span> <span class='ocrx_word' id='word_1_380' title='bbox 663 4096 759 4153; x_wconf 69' lang='lat' dir='ltr'><strong>Dionis</strong></span> <span class='ocrx_word' id='word_1_381' title='bbox 776 4098 902 4153; x_wconf 79' lang='lat' dir='ltr'><strong>doctrina</strong></span> <span class='ocrx_word' id='word_1_382' title='bbox 914 4095 999 4151; x_wconf 73' lang='lat' dir='ltr'><strong>tristis</strong></span> <span class='ocrx_word' id='word_1_383' title='bbox 1011 4111 1066 4149; x_wconf 88' lang='lat' dir='ltr'><strong><em>non</em></strong></span> <span class='ocrx_word' id='word_1_384' title='bbox 1077 4103 1121 4150; x_wconf 76' lang='lat' dir='ltr'><strong><em>ert</em></strong></span> <span class='ocrx_word' id='word_1_385' title='bbox 1178 4097 1209 4148; x_wconf 79' lang='grc'><strong><em>22</em></strong></span> <span class='ocrx_word' id='word_1_386' title='bbox 1228 4089 1307 4151; x_wconf 83' lang='grc' dir='ltr'><strong><em>ἔσται</em></strong></span> <span class='ocrx_word' id='word_1_387' title='bbox 1320 4109 1372 4150; x_wconf 86' lang='lat' dir='ltr'><strong><em>om.</em></strong></span> <span class='ocrx_word' id='word_1_388' title='bbox 1385 4094 1416 4150; x_wconf 88' lang='lat' dir='ltr'>M</span> <span class='ocrx_word' id='word_1_389' title='bbox 1465 4097 1495 4148; x_wconf 80' lang='lat'><strong><em>1³</em></strong></span> <span class='ocrx_word' id='word_1_390' title='bbox 1507 4085 1579 4149; x_wconf 74' lang='lat' dir='ltr'><strong>ariri</strong></span> 
     </span>
     <span class='ocr_line' id='line_1_38' title="bbox 319 4172 1580 4247; baseline -0.005 -12"><span class='ocrx_word' id='word_1_391' title='bbox 319 4181 349 4235; x_wconf 92' lang='lat' dir='ltr'>M</span> <span class='ocrx_word' id='word_1_392' title='bbox 368 4175 457 4240; x_wconf 83' lang='grc' dir='ltr'><strong><em>αδτώι</em></strong></span> <span class='ocrx_word' id='word_1_393' title='bbox 474 4180 498 4237; x_wconf 90' lang='lat' dir='ltr'><strong>U</strong></span> <span class='ocrx_word' id='word_1_394' title='bbox 514 4173 589 4238; x_wconf 78' lang='grc' dir='ltr'><strong><em>καθ’</em></strong></span> <span class='ocrx_word' id='word_1_395' title='bbox 607 4175 679 4238; x_wconf 76' lang='grc' dir='ltr'><strong><em>αὑτὸ</em></strong></span> <span class='ocrx_word' id='word_1_396' title='bbox 699 4183 723 4238; x_wconf 86' lang='grc' dir='ltr'><strong><em>Β</em></strong></span> <span class='ocrx_word' id='word_1_397' title='bbox 740 4175 812 4240; x_wconf 85' lang='grc' dir='ltr'><strong><em>αύτὸ</em></strong></span> <span class='ocrx_word' id='word_1_398' title='bbox 830 4177 902 4239; x_wconf 76' lang='grc' dir='ltr'><strong><em>καθ’</em></strong></span> <span class='ocrx_word' id='word_1_399' title='bbox 923 4176 995 4238; x_wconf 76' lang='grc' dir='ltr'><strong><em>αὐτὸ</em></strong></span> <span class='ocrx_word' id='word_1_400' title='bbox 1015 4179 1177 4235; x_wconf 73' lang='grc' dir='ltr'><strong><em>Ηειπεεδεο</em></strong></span> <span class='ocrx_word' id='word_1_401' title='bbox 1246 4172 1386 4246; x_wconf 76' lang='grc' dir='ltr'><strong><em>ἀσθενέας</em></strong></span> <span class='ocrx_word' id='word_1_402' title='bbox 1403 4177 1434 4232; x_wconf 91' lang='grc' dir='ltr'><strong>Μ</strong></span> <span class='ocrx_word' id='word_1_403' title='bbox 1489 4180 1519 4230; x_wconf 84' lang='lat' dir='ltr'><strong><em>ll</em></strong></span> <span class='ocrx_word' id='word_1_404' title='bbox 1536 4175 1580 4247; x_wconf 90' lang='grc' dir='ltr'><strong><em>γί-</em></strong></span> 
     </span>
     <span class='ocr_line' id='line_1_39' title="bbox 320 4260 1513 4336; baseline -0.007 -12"><span class='ocrx_word' id='word_1_405' title='bbox 320 4267 440 4325; x_wconf 87' lang='grc' dir='ltr'><strong><em>νεταιΒ</em></strong></span> <span class='ocrx_word' id='word_1_406' title='bbox 526 4263 579 4324; x_wconf 77' lang='grc' dir='ltr'><strong><em>ἐὰν</em></strong></span> <span class='ocrx_word' id='word_1_407' title='bbox 595 4265 707 4336; x_wconf 70' lang='lat' dir='ltr'><strong>Jacobs,</strong></span> <span class='ocrx_word' id='word_1_408' title='bbox 724 4263 780 4325; x_wconf 80' lang='grc' dir='ltr'><strong><em>κάν</em></strong></span> <span class='ocrx_word' id='word_1_409' title='bbox 797 4267 861 4321; x_wconf 85' lang='lat' dir='ltr'><strong>libri</strong></span> <span class='ocrx_word' id='word_1_410' title='bbox 963 4270 992 4320; x_wconf 81' lang='lat'><strong><em>15</em></strong></span> <span class='ocrx_word' id='word_1_411' title='bbox 1012 4269 1099 4322; x_wconf 81' lang='grc' dir='ltr'><strong><em>τοῦτο</em></strong></span> <span class='ocrx_word' id='word_1_412' title='bbox 1118 4265 1166 4321; x_wconf 86' lang='lat' dir='ltr'><strong><em>UB</em></strong></span> <span class='ocrx_word' id='word_1_413' title='bbox 1184 4268 1290 4322; x_wconf 85' lang='grc' dir='ltr'><strong><em>τοῦτον</em></strong></span> <span class='ocrx_word' id='word_1_414' title='bbox 1308 4264 1346 4329; x_wconf 85' lang='grc' dir='ltr'><strong><em>Μ,</em></strong></span> <span class='ocrx_word' id='word_1_415' title='bbox 1365 4260 1513 4320; x_wconf 81' lang='grc' dir='ltr'><strong><em>τούτουΤ</em></strong></span> 
     </span>
     <span class='ocr_line' id='line_1_40' title="bbox 323 4340 1529 4426; baseline -0.008 -17"><span class='ocrx_word' id='word_1_416' title='bbox 323 4357 353 4409; x_wconf 85' lang='grc' dir='ltr'><strong><em>ω</em></strong></span> <span class='ocrx_word' id='word_1_417' title='bbox 372 4351 624 4426; x_wconf 73' lang='grc' dir='ltr'><strong><em>αρισεκοωιεςο</em></strong></span> <span class='ocrx_word' id='word_1_418' title='bbox 678 4356 711 4407; x_wconf 84' lang='grc' dir='ltr'><strong><em>ιο</em></strong></span> <span class='ocrx_word' id='word_1_419' title='bbox 728 4349 923 4409; x_wconf 75' lang='grc' dir='ltr'><strong><em>εικκεοιινιι</em></strong></span> <span class='ocrx_word' id='word_1_420' title='bbox 975 4355 1008 4405; x_wconf 83' lang='grc' dir='ltr'><strong><em>ιε</em></strong></span> <span class='ocrx_word' id='word_1_421' title='bbox 1025 4353 1074 4407; x_wconf 71' lang='grc' dir='ltr'><strong><em>κω</em></strong></span> <span class='ocrx_word' id='word_1_422' title='bbox 1091 4366 1141 4420; x_wconf 83' lang='lat' dir='ltr'><strong><em>pro</em></strong></span> <span class='ocrx_word' id='word_1_423' title='bbox 1158 4342 1265 4408; x_wconf 75' lang='grc' dir='ltr'><strong><em>οόεεΜ</em></strong></span> <span class='ocrx_word' id='word_1_424' title='bbox 1318 4354 1350 4404; x_wconf 79' lang='grc' dir='ltr'><strong><em>ιο</em></strong></span> <span class='ocrx_word' id='word_1_425' title='bbox 1368 4343 1386 4420; x_wconf 80' lang='grc' dir='ltr'><em>ἢ</em></span> <span class='ocrx_word' id='word_1_426' title='bbox 1403 4363 1452 4417; x_wconf 80' lang='lat' dir='ltr'><strong><em>pro</em></strong></span> <span class='ocrx_word' id='word_1_427' title='bbox 1470 4340 1529 4418; x_wconf 72' lang='grc' dir='ltr'><strong><em>ἣω</em></strong></span> 
     </span>
     <span class='ocr_line' id='line_1_41' title="bbox 321 4424 1582 4509; baseline -0.006 -17"><span class='ocrx_word' id='word_1_428' title='bbox 321 4441 354 4492; x_wconf 78' lang='grc'><strong><em>28</em></strong></span> <span class='ocrx_word' id='word_1_429' title='bbox 371 4433 419 4509; x_wconf 74' lang='grc' dir='ltr'><strong><em>μή,</em></strong></span> <span class='ocrx_word' id='word_1_430' title='bbox 436 4434 473 4509; x_wconf 75' lang='grc' dir='ltr'><strong><em>μή</em></strong></span> <span class='ocrx_word' id='word_1_431' title='bbox 492 4455 525 4508; x_wconf 89' lang='grc' dir='ltr'><strong><em>γε</em></strong></span> <span class='ocrx_word' id='word_1_432' title='bbox 543 4436 671 4492; x_wconf 75' lang='lat' dir='ltr'><strong>Reiblriur</strong></span> <span class='ocrx_word' id='word_1_433' title='bbox 688 4433 726 4507; x_wconf 77' lang='grc' dir='ltr'><em>μή</em></span> <span class='ocrx_word' id='word_1_434' title='bbox 746 4456 787 4508; x_wconf 86' lang='grc' dir='ltr'><strong><em>γε,</em></strong></span> <span class='ocrx_word' id='word_1_435' title='bbox 805 4435 843 4508; x_wconf 76' lang='grc' dir='ltr'><strong><em>μὴ</em></strong></span> <span class='ocrx_word' id='word_1_436' title='bbox 862 4435 925 4491; x_wconf 85' lang='lat' dir='ltr'><strong>libri</strong></span> <span class='ocrx_word' id='word_1_437' title='bbox 1003 4440 1035 4490; x_wconf 84' lang='grc'><strong><em>27</em></strong></span> <span class='ocrx_word' id='word_1_438' title='bbox 1053 4433 1116 4493; x_wconf 77' lang='grc' dir='ltr'><strong><em>ἐπεὶ</em></strong></span> <span class='ocrx_word' id='word_1_439' title='bbox 1132 4431 1284 4501; x_wconf 58' lang='lat' dir='ltr'><strong><em>nonime:</em></strong></span> <span class='ocrx_word' id='word_1_440' title='bbox 1302 4435 1406 4489; x_wconf 69' lang='lat' dir='ltr'><strong>malim:</strong></span> <span class='ocrx_word' id='word_1_441' title='bbox 1428 4428 1490 4488; x_wconf 80' lang='grc' dir='ltr'><strong><em>ἐπεὶ</em></strong></span> <span class='ocrx_word' id='word_1_442' title='bbox 1511 4424 1582 4499; x_wconf 76' lang='grc' dir='ltr'><strong><em>(τήν</em></strong></span> 
     </span>
     <span class='ocr_line' id='line_1_42' title="bbox 321 4510 1342 4601; baseline -0.009 -20"><span class='ocrx_word' id='word_1_443' title='bbox 321 4542 354 4596; x_wconf 86' lang='grc' dir='ltr'><strong><em>γε</em></strong></span> <span class='ocrx_word' id='word_1_444' title='bbox 372 4519 525 4594; x_wconf 80' lang='grc' dir='ltr'><strong><em>τοιαύτην)</em></strong></span> <span class='ocrx_word' id='word_1_445' title='bbox 541 4520 688 4590; x_wconf 77' lang='grc' dir='ltr'><strong><em>πολλάκις,</em></strong></span> <span class='ocrx_word' id='word_1_446' title='bbox 705 4521 758 4576; x_wconf 79' lang='lat' dir='ltr'><strong>nisi</strong></span> <span class='ocrx_word' id='word_1_447' title='bbox 775 4526 898 4590; x_wconf 70' lang='lat' dir='ltr'><strong><em>praestat</em></strong></span> <span class='ocrx_word' id='word_1_448' title='bbox 915 4510 933 4594; x_wconf 74' lang='grc' dir='ltr'><strong><em>ᾖ</em></strong></span> <span class='ocrx_word' id='word_1_449' title='bbox 950 4521 992 4578; x_wconf 76' lang='lat' dir='ltr'><strong><em>vel</em></strong></span> <span class='ocrx_word' id='word_1_450' title='bbox 1010 4517 1058 4601; x_wconf 75' lang='grc' dir='ltr'><strong><em>οίρ</em></strong></span> <span class='ocrx_word' id='word_1_451' title='bbox 1074 4536 1125 4591; x_wconf 82' lang='lat' dir='ltr'><strong><em>pro</em></strong></span> <span class='ocrx_word' id='word_1_452' title='bbox 1142 4517 1205 4578; x_wconf 77' lang='grc' dir='ltr'><strong><em>ἐπεὶ</em></strong></span> <span class='ocrx_word' id='word_1_453' title='bbox 1224 4520 1342 4576; x_wconf 73' lang='lat' dir='ltr'><strong>scribere</strong></span> 
     </span>
    </p>
   </div>
   <div class='ocr_carea' id='block_1_5' title="bbox 0 0 1767 5264">
    <p class='ocr_par' dir='ltr' id='par_1_10' title="bbox 0 0 1767 5264">
     <span class='ocr_line' id='line_1_43' title="bbox 0 0 1767 5264; baseline 0 0"><span class='ocrx_word' id='word_1_454' title='bbox 0 0 1767 5264; x_wconf 95' lang='lat' dir='ltr'><strong><em> </em></strong></span> 
     </span>
    </p>
   </div>
  </div>
 </body>
</html>
