3466 5268
648 389 783 447 ORATIO
801 389 851 446 XL
1333 395 1373 454 47

121 565 196 632 ούδὲ
219 569 278 631 τόν
298 571 373 631 υἱὸν
402 562 544 654 ἤλπιζον
571 563 731 646 χαλεπῶς
757 567 798 628 ἀν
827 567 1011 646 ὑπομεῖναι
1040 570 1175 651 πενίαν,
1208 573 1265 635 ούκ
1295 574 1373 635 ύντα

7 678 105 731 ⁵⁰Rss)
120 675 204 753 ἐμοῦ
221 672 323 758 χείρω
346 674 406 759 την
431 673 543 756 φύσιν.
594 672 671 734 ἐπεί
701 667 736 733 δέ
761 671 779 732 ό
803 666 900 753 λόγος
922 673 1000 753 ἡμῖν
1022 675 1115 737 ἐστιν
1136 677 1222 760 ὑπέρ
1245 683 1307 738 τοῦ
1326 677 1370 762 μη
1396 671 1415 733 3

121 776 324 858 ψεύσασθαι
349 777 409 861 τήν
432 771 582 858 πατρίδα
606 770 692 859 μηδὲ
718 774 954 859 ἀποστερῆσαι
982 776 1043 860 τὴν
1071 777 1256 858 ὑπόσχεσιν
1278 778 1375 858 ὑμᾶς,

121 879 161 962 ἣν
176 873 399 958 ὑπεσχόμεθα
414 875 558 962 μηδενός
574 872 827 958 ἀναγκάζοντος,
851 873 1008 956 οὐδαμῶς
1023 876 1145 962 ῥᾳδίαν
1161 877 1238 942 ούδέ
1255 875 1376 961 ὀλίγων

87 985 103 1036 ε
122 983 320 1065 χρημάτων,
349 987 449 1042 τοῦτο
473 978 570 1060 οἶμαι
588 976 739 1059 χαλεπὸν
760 981 816 1041 καί
839 975 968 1066 πολλῆς
991 978 1173 1066 φροντίδος
1195 978 1306 1059 ἀξιον·
1338 978 1379 1043 ού

7 1090 62 1139 (487
74 1091 107 1143 Μ)
121 1103 158 1166 γε
174 1080 270 1145 οὐδέν
285 1084 359 1144 ἐστι
374 1083 558 1167 βαρύτερον
575 1078 651 1143 ου’δέ
668 1079 890 1167 ὀφειλόμενον
906 1083 966 1145 έπί
981 1080 1116 1146 πλείονι
1131 1081 1216 1167 τόκῳ
1227 1086 1376 1169 χάριτος.

121 1187 178 1248 καί
199 1183 299 1248 τοῦτό
329 1187 403 1248 ἐστι
431 1187 469 1248 τδ
492 1186 724 1265 ,ἀναίσχυντον
747 1182 882 1248 δάνειον
903 1187 961 1249 καί
982 1184 1138 1272 πικρόν’,
1170 1189 1250 1250 όταν
1280 1185 1377 1268 οἶμαι

122 1288 171 1372 τῷ
192 1287 370 1376 βραδύνειν
392 1292 411 1371 η
431 1291 531 1373 χάρις
553 1291 603 1364 είς
615 1293 715 1372 χρέος
729 1296 895 1373 μεταστῇ·
919 1287 1001 1371 ύτῷ
1018 1290 1122 1352 παντί
1140 1285 1378 1373 χαλεπώτερον

122 1392 328 1454 ἀπαιτοῦσιν
352 1393 385 1453 οί
408 1397 606 1466 σιωπῶντες
628 1397 695 1452 τῶν
716 1391 885 1472 βοώντων.
924 1387 1020 1454 ούδέν
1043 1392 1105 1473 γάρ
1129 1393 1218 1454 ούτω
1234 1389 1375 1454 δύναται
1397 1391 1418 1452 4

75 1499 103 1552 10
124 1496 204 1569 τούς
227 1491 428 1580 ὀφείλοντας
450 1495 528 1573 ύμῖν
550 1493 591 1555 τά
607 1500 749 1556 τοιαῦτα
772 1494 1051 1578 ὑπομιμνήσκειν,
1075 1495 1122 1569 ὡς
1137 1497 1175 1556 τὸ
1190 1495 1275 1575 ύμᾶς
1290 1490 1378 1556 ἐκλε-

123 1594 262 1684 λῆσθαι.
301 1594 358 1660 διὰ
373 1599 434 1678 μὲν
458 1594 497 1683 δη
521 1603 626 1659 ταῦτα
643 1598 824 1678 ἀναγκαῖον
839 1589 995 1676 ἐνόμιζον
1017 1597 1180 1677 γενέσθαι
1203 1599 1290 1680 πρὸς
1305 1600 1379 1672 τοῖς

122 1703 269 1780 ἐμαυτοῦ
284 1702 342 1763 καί
363 1697 482 1784 μηδενί
503 1705 569 1761 τῶν
591 1705 714 1761 κοινῶν
736 1703 919 1783 προσιέναι
939 1694 1024 1783 μηδὲ
1047 1703 1144 1783 μέχρι
1161 1695 1260 1781 λόγου
1283 1703 1378 1776 τέως,

123 1805 187 1878 ίως
209 1803 250 1864 ἀν
273 1801 455 1882 αἴσθωμαι
476 1808 575 1863 τοῦτο
600 1797 638 1887 δη
662 1803 701 1863 τύ
726 1801 819 1885 παρά
842 1798 890 1882 τῴ
914 1808 1041 1886 ποιητῇ
1064 1795 1258 1882 λεγόμενον·

208 1907 292 1981 δ,ττι
313 1923 374 1985 μοι
395 1905 431 1966 ἐν
451 1905 631 1988 μεγάροισι
653 1900 754 1966 κακόν
776 1895 810 1965 τ’
835 1899 970 1986 ἀγαθόν
991 1923 1027 1966 τε
1049 1907 1212 1966 τέτυκται.
1400 1905 1420 1966 5

79 2014 107 2066 ιε
129 1999 297 2089 πρότερον
318 2007 380 2090 γάρ
405 1997 478 2069 οὐδ’
504 1993 564 2067 ἐπ’
590 2003 702 2088 ὀλίγον
726 2001 847 2091 σχολην
869 2007 992 2090 ἤγαγον
1016 2003 1099 2080 ἴσως
1118 2002 1174 2069 διδ
1197 2008 1257 2092 τὴν
1279 2007 1379 2084 ἐμαυ-

128 2115 189 2169 τοῦ
221 2104 568 2192 πολυπραγμοσύνην,
610 2108 649 2182 δς
682 2105 758 2170 δέον
790 2109 937 2187 ἐντυχεῖν
971 2109 1047 2189 ὑμῖν
1079 2109 1136 2171 καί
1172 2105 1380 2194 φιλοφρονή-

129 2209 264 2286 σασθαι
277 2217 421 2272 τοσοῦτο
437 2212 540 2290 μόνον
554 2211 611 2273 καί
632 2210 741 2272 θῦσαι
763 2215 837 2286 τοῖς
858 2211 957 2285 θεοῖς
978 2212 1035 2274 καί
1052 2213 1089 2296 νὴ
1106 2211 1176 2272 Δία
1192 2211 1382 2292 ἀναγνῶναι

127 2312 169 2375 τά
198 2315 378 2396 γράμματα
406 2313 449 2374 τά
480 2320 542 2374 τοῦ
575 2313 836 2398 αὐτοκράτορος,
871 2317 925 2376 ὅτι
960 2314 1141 2396 ἀναγκαῖον
1168 2309 1226 2398 ἦν,
1262 2313 1382 2374 ἔπειτα

7 2426 112 2471 mnu
129 2415 234 2490 εύθύς
264 2415 480 2501 ἀναχωρῆσαι
509 2416 565 2478 καί
593 2416 786 2500 τρέπεσθαι
806 2407 891 2478 καθ’
917 2417 1034 2493 αὐτόν,
1065 2413 1162 2498 λόγον
1184 2415 1259 2478 τινά
1284 2413 1383 2478 εἷπον

80 2527 111 2578 20
132 2519 219 2602 ὑπὲρ
248 2518 345 2602 ἐργου
373 2521 480 2596 τινός,
512 2518 570 2580 οόκ
598 2519 698 2593 αύτδς
724 2521 845 2599 μόνον,
880 2516 965 2581 ἀλλά
993 2514 1083 2602 (καί)
1118 2525 1185 2582 τῶν
1213 2521 1383 2603 ἡγεμόνων

127 2616 404 2698 ἐσπουδακότων,
435 2619 519 2696 ἴσως
545 2623 606 2700 μέν
628 2621 723 2700 ὑμῖν,
751 2619 836 2696 ἴσως
858 2619 893 2684 δέ
916 2623 1018 2702 κάμοί
1036 2616 1243 2706 χαρίζεσθαι
1265 2615 1382 2702 βουλο-

127 2727 237 2802 μένων
258 2715 336 2807 [καλ]
358 2726 417 2809 την
434 2720 536 2786 πόλιν
553 2724 691 2802 ἄμεινον
705 2719 964 2801 κατασκευάζειν
978 2727 1034 2788 καί
1051 2728 1254 2807 σεμνοτέραν
1270 2726 1384 2784 ποιεῖν

128 2827 277 2888 ἀπασαν.
315 2828 481 2911 πρότερον
503 2826 566 2910 γάρ
583 2823 655 2888 ἴστε
679 2823 855 2911 δήπουθεν
879 2829 932 2889 δτι
954 2831 1028 2902 τοῖς
1049 2829 1221 2900 τοιούτοις
1237 2825 1294 2887 καί
1315 2829 1382 2886 τῶν

129 2928 373 3009 ἀστυγειτόνων
394 2925 617 3008 ἐλειπόμεθα.
662 2937 781 2992 τοῦτον
803 2932 889 3010 ἐμοῦ
914 2932 991 2992 τότε
1013 2931 1172 3005 είπόντος
1193 2929 1252 2990 τόν
1275 2923 1382 3007 λόγον,
1406 2931 1426 2994 6

80 3037 111 3089 τε
132 3030 269 3116 ἐπήρθη
296 3050 332 3093 τε
355 3032 443 3116 πρὸς
466 3032 566 3094 αὐτὸν
590 3032 608 3092 ό
630 3029 752 3118 δῆμος·
777 3033 814 3094 ού
835 3034 898 3116 γάρ
921 3035 997 3094 ἐστε
1020 3034 1167 3114 ἀγεννεῖς
1190 3025 1267 3092 οὐδὲ
1291 3027 1384 3089 ἀναί-

132 3133 259 3218 σθητοι
280 3133 342 3208 τάς
366 3136 502 3220 φύσεις·
524 3136 581 3197 καί
604 3131 727 3197 πολλοί
743 3137 1010 3219 προετράπησαν
1027 3131 1301 3219 φιλοτιμηθῆναι
1318 3137 1385 3192 τῶν

131 3232 292 3298 πολιτῶν.
330 3233 435 3299 πάλιν
451 3233 486 3298 δέ
509 3238 649 3321 ύστερον
664 3239 749 3318 ἐμοῦ
769 3239 807 3299 τύ
831 3244 970 3320 πρᾶγμα
992 3228 1053 3322 ἐφ’
1077 3237 1156 3317 ὑμῖν
1178 3237 1384 3314 ποιουμένου

132 3334 297 3414 πολλάκις
317 3341 379 3418 μέν
401 3341 436 3401 ἐν
457 3337 505 3422 τῴ
528 3336 765 3424 βουλευτηρίῳ,
788 3336 953 3416 πολλάκις
976 3331 1009 3403 δ’
1034 3341 1069 3402 έν
1085 3337 1131 3422 τῷ
1148 3339 1296 3422 θεάτρῳ,
1320 3336 1384 3412 ίνα,

133 3442 163 3504 εί
184 3443 228 3527 μη
254 3435 467 3522 δοκιμάζοιτε
488 3439 574 3526 μηδέ
596 3437 794 3522 βούλοισθε,
817 3439 944 3527 μηδένα
960 3438 1101 3521 ἐνοχλῶ·
1124 3443 1183 3526 τὴν
1198 3440 1260 3523 γάρ
1285 3439 1384 3517 ἀσχο·

84 3551 114 3602 ³⁰
137 3540 211 3606 λίαν
233 3546 293 3629 την
314 3545 477 3629 ἐσομένην
500 3545 704 3607 ὑπώπτευόν
725 3563 786 3625 μοι
809 3547 888 3628 περί
909 3552 1030 3606 ταῦτα·
1053 3539 1217 3619 πολλάκις
1238 3544 1300 3624 μέν
1321 3527 1382 3626 ὑφ’

135 3645 226 3727 ὑμῶν
254 3647 428 3731 ἐκυρώθη,
459 3642 624 3722 πολλάκις
654 3643 689 3709 δέ
718 3648 785 3708 ύπδ
809 3653 876 3710 τῶν
898 3649 1086 3732 ηγεμόνων,
1117 3643 1252 3720 οὐδενὸς
1278 3645 1386 3706 ἀντει-

222 3893 386 3966 matur
472 3887 664 3970 δούγάρδί
753 3897 883 3954 ῦπλίονι
901 3895 931 3950 M
1035 3888 1259 3966 Ιίιίναίσχυντον
1277 3907 1300 3947 ε.
1319 3906 1346 3960 q.
1365 3907 1389 3948 ι.

135 3981 290 4038 comoediae
307 3997 415 4038 venum
431 3981 544 4038 laudm
559 3981 666 4039 videtur
751 3981 819 4040 Βτὸ
837 3977 990 4057 βραδύνειν
1007 3981 1033 4040 U
1051 3997 1085 4038 m.
1104 3995 1146 4052 pr.
1215 3985 1230 4036 9
1249 3973 1383 4038 δύνανται

134 4062 375 4124 Βάόναιιταιῑί
480 4072 511 4122 10
531 4061 689 4138 όφίλοντας
706 4066 735 4120 M
819 4063 895 4139 ἡμᾶς
912 4067 960 4124 UT
1041 4071 1070 4122 12
1088 4065 1174 4139 μηδὲν
1190 4064 1273 4138 μέχρι
1291 4064 1321 4120 Μ

142 4157 172 4208 13
190 4150 245 4220 ἕως
263 4169 315 4210 om.
333 4153 363 4209 M
455 4149 601 4224 αἴσθωμαι
619 4153 709 4224 Βωμ,
727 4147 911 4225 αίσθήσωμαι
929 4153 977 4210 UB
994 4148 1170 4223 αἰσθήσομαι
1188 4151 1218 4206 M
1307 4153 1337 4204 16
1357 4141 1390 4214 δς
1494 4160 1498 4172 ”

137 4238 205 4296 δέον
221 4237 340 4308 selden..
357 4234 397 4306 ὡς
414 4239 480 4298 δίον
491 4239 552 4295 libri
607 4243 636 4295 18
654 4242 718 4309 post
735 4227 781 4294 ότι
798 4238 861 4295 εδδ.
879 4229 924 4302 ἀν,
942 4237 998 4293 sed.
1012 4235 1165 4306 emmo
1222 4241 1252 4290 19
1271 4227 1388 4306 ἀποχω-

138 4328 223 4398 ρῆσαι
240 4323 271 4380 M
356 4317 428 4382 καθ’
448 4315 482 4383 οδ
499 4321 554 4383 τὸν
569 4325 600 4380 Μ
704 4328 736 4378 20
754 4323 878 4380 καίαδδ.
895 4323 1009 4392 Reium
1027 4326 1118 4392 potest
1135 4319 1216 4376 etium
1233 4335 1389 4375 συνεσπασ-

138 4405 271 4468 δακότων
287 4411 369 4467 scribi
437 4415 467 4467 21
487 4402 670 4484 βουλόμενον
687 4408 801 4476 UBTM,
820 4423 890 4465 corr.
908 4408 1033 4478 impressi
1101 4409 1133 4462 22
1149 4407 1199 4462 καί
1216 4401 1288 4458 ἀείτί
1300 4401 1389 4474 Emp„

138 4496 211 4567 quod
228 4495 333 4554 videtur
349 4496 465 4553 lacunae
481 4495 670 4552 resarciendae
687 4507 772 4550 ιισειι
789 4497 920 4550 insertum
938 4507 998 4550 εεεε
1050 4495 1083 4546 21
1101 4484 1294 4559 ἐλλειπόμεῦα
1314 4488 1337 4544 Τ

138 4586 172 4636 25
191 4575 310 4654 άγεννῆς
327 4582 351 4639 U
369 4575 481 4655 ἀγενεῖς
498 4581 528 4636 M
597 4584 629 4636 30
647 4573 665 4652 ἢ
683 4574 821 4648 πολλάκις
838 4579 885 4636 UB
904 4573 922 4650 ἢ
938 4573 1077 4642 πολλάκις
1093 4574 1118 4630 Τ
