3526 5264
323 367 388 426 212
775 359 899 418 moms
917 359 968 416 ΒΕ
985 359 1131 417 INVIDIA

274 540 365 629 ίδδῆ
386 541 473 622 χθές
495 539 575 623 περί
597 534 747 600 πλούτου
770 534 936 619 έλέγομεν.
974 535 1061 597 ὥστε
1085 527 1159 597 οὐδ’
1184 536 1226 600 δν
1242 535 1451 621 φθονήσειεν
1474 533 1591 598 σδδενί

320 644 487 729 χρυσοσῆ
512 643 656 728 ἀργύρου
678 641 698 726 ῆ
721 641 945 726 βοσκημάτων
966 638 987 723 ῆ
1011 637 1121 712 οἰκίας
1141 639 1161 723 ῆ
1185 634 1289 700 ἄλλου
1312 643 1379 699 τῶν
1407 639 1588 714 τοιούτων,

321 749 408 830 ὑπὲρ
432 743 478 808 ὧν
500 742 675 825 έλέγυμεν·
704 743 751 818 ὥς
773 757 880 829 φησιν
908 743 1022 824 ἕτερος
1045 740 1208 825 ποιητῆς,
1238 730 1296 819 οὐχ
1326 740 1431 802 αὑτοῦ
1450 741 1589 824 γνώμην

324 850 614 934 ἀποφαινόμενος,
638 842 724 908 ἀλλά
746 848 807 931 τῆν
829 851 897 907 τῶν
919 842 1117 926 ἀνθρώπων
1139 838 1361 926 ἐξηγούμενος
1384 838 1502 919 δόξαν·

529 949 620 1011 υίσίν
641 940 673 1010 τ’
700 947 738 1010 εδ
758 943 884 1024 ζώουσι
904 947 961 1008 καί
983 945 1121 1031 ἀφνειοί
1141 941 1336 1008 καλέονται·
1609 953 1626 1003 ε

327 1055 374 1129 ὡς
396 1054 500 1134 μόνον
521 1047 735 1131 καλουμένων
762 1040 872 1112 αδτῶν
894 1049 1061 1134 ἀφνειῶν,
1093 1035 1169 1109 ἀλλ’
1195 1039 1255 1110 οὐκ
1279 1048 1384 1111 όντων
1405 1038 1481 1109 κατ’
1508 1044 1591 1132 άλῆ-

277 1161 315 1222 17
329 1157 441 1220 θειαν.
487 1153 570 1218 εἶεν·
595 1145 713 1216 οὐκοῦν
732 1155 914 1238 χρημάτων
935 1153 997 1232 μέν
1011 1152 1171 1236 κρείττων
1187 1152 1207 1212 δ
1220 1153 1373 1232 γενναῖος
1386 1149 1443 1212 καί
1457 1145 1591 1225 τέλειος

328 1259 411 1344 ἀνῆρ
435 1261 514 1341 ῆμῖν
537 1253 643 1318 δοκεῖ·
675 1257 755 1340 περί
778 1252 814 1318 δὲ
837 1251 939 1340 δόξης
960 1256 1059 1333 τοχδν
1082 1247 1188 1336 ἐρίζοι
1210 1253 1251 1314 ἂν
1273 1253 1330 1314 καί
1353 1250 1500 1337 φθονοῖ,
1531 1252 1591 1327 αύς

326 1360 368 1422 ἂν
389 1363 600 1440 τιμωμένους
621 1355 750 1439 μάλλον
774 1358 868 1441 παρά
890 1354 938 1439 τῷ
962 1353 1094 1442 πλῆθει
1108 1352 1218 1439 βλέπῃ
1234 1355 1291 1418 καί
1303 1349 1467 1435 μειζόνων
1489 1354 1591 1416 ἐπαί-

328 1483 395 1524 νων
417 1463 658 1544 τυγχάνοντας;
679 1461 699 1546 ῆ
724 1461 782 1522 ούκ
804 1461 937 1542 ἀγνοεῖν
960 1461 1114 1546 φήσομεν
1136 1460 1183 1534 ὡς
1199 1458 1327 1542 έστινῆ
1345 1453 1427 1534 δόξα
1450 1457 1470 1518 ό
1491 1456 1588 1539 παρὰ
1612 1463 1643 1516 10

327 1570 395 1625 τῶν
418 1560 555 1626 πολλῶν
577 1563 736 1638 ἔπαινος·
758 1563 790 1625 εί
813 1558 849 1624 δέ
871 1569 939 1625 τῶν
962 1559 1109 1639 πολλῶν,
1134 1557 1307 1646 δῆλονὸτι
1329 1565 1396 1621 τῶν
1419 1558 1478 1620 οὐκ
1500 1555 1590 1620 είδό·

279 1667 319 1732 18
330 1685 398 1728 των
403 1687 416 1742 ,·
429 1697 473 1710 -
488 1661 655 1744 Οὐδαμῶς
668 1667 769 1726 τοίῖτό
783 1683 820 1747 γε
836 1666 925 1740 είκδς
942 1665 1043 1727 αδτδν
1059 1666 1200 1748 ἀγνοεῖν.
1214 1697 1257 1708 -
1272 1664 1313 1725 Δ.
1332 1664 1420 1746 Φέρε
1435 1654 1516 1746 [οὐκ]
1532 1661 1592 1724 οὖν
1602 1672 1656 1724 (⁶⁵⁵
1664 1669 1698 1722 Μ)

330 1765 427 1830 δοκεῖ
445 1784 503 1830 σοι
524 1767 659 1849 ἀγαθός
681 1764 826 1853 αύλητῆς
849 1765 999 1853 ῆάεσθαι
1021 1769 1081 1830 έπί
1102 1774 1144 1853 τῆ
1165 1770 1262 1850 τέχνη
1277 1764 1334 1828 καί
1347 1769 1434 1848 μέγα
1451 1769 1592 1850 φρονεῖν

329 1869 398 1932 ύπδ
421 1869 581 1950 ἀμούσων
596 1870 653 1932 καί
667 1870 814 1950 ἀτέχνων
829 1871 1084 1950 ίπαινοδμενος,
1105 1870 1167 1932 κάν
1190 1869 1221 1931 εί
1243 1869 1466 1952 περιστάντες
1489 1867 1592 1929 αὐτόν

331 1967 455 2047 παῖδες
485 1973 654 2059 συφορβοί
680 1975 738 2036 καί
770 1977 931 2054 ποιμένες
960 1967 1170 2053 θαυμάζοιεν
1198 1971 1255 2034 καί
1281 1974 1450 2054 κροτοῖεν,
1489 1970 1588 2031 έπαί-
1614 1973 1644 2025 15

330 2075 459 2158 ρεσθαι
481 2065 541 2137 ἐπ’
568 2073 659 2159 αύτῷ
680 2078 788 2159 τούτῳ
811 2075 868 2139 καί
889 2083 952 2138 τοῦ
972 2077 1102 2151 παντὸς
1117 2076 1213 2154 ἀξιον
1235 2072 1397 2157 ῆγεῖσθαι
1418 2073 1478 2134 τδν
1501 2062 1588 2154 παρ’

329 2175 465 2238 ἐκείνων
487 2175 649 2251 έπαινυν,·
670 2172 756 2238 ἀλλά
778 2178 844 2261 μην
865 2172 1034 2260 ἐδῆλωσεν
1057 2177 1076 2236 δ
1100 2173 1252 2261 Θηβαῖος
1275 2171 1421 2262 αύλητῆς
1443 2169 1521 2236 αύδέ
1544 2170 1592 2254 τῷ

329 2277 466 2361 θεάτρῳ
491 2279 581 2340 πάνυ
604 2282 782 2362 προσέχων
804 2280 863 2341 τόν
885 2286 963 2340 νοῦν
987 2275 1064 2341 οδδέ
1079 2282 1153 2355 τοῖς
1167 2282 1299 2364 κριταῖς
1314 2278 1474 2362 ἀπείροις
1497 2275 1593 2337 σύσιν

331 2375 520 2464 αδλῆσεως,
548 2380 606 2442 καί
632 2386 739 2443 ταῦτα
768 2381 848 2464 περί
875 2377 987 2443 ἄθλου
1015 2381 1072 2444 καί
1099 2382 1193 2465 νίκης
1222 2374 1483 2463 ἀγωνιζόμενος·
1513 2365 1590 2438 ἀλλ’
1603 2385 1724 2436 (dmm

330 2482 422 2560 ὅμως
444 2478 521 2544 οὐδὲ
543 2484 664 2565 μικρὸν
686 2482 824 2567 ἐκβῆναι
845 2489 908 2544 τοῦ
926 2483 1066 2568 βαθμοῦ
1085 2491 1148 2546 ταό
1172 2487 1368 2567 πρέποντος
1395 2477 1591 2567 έτόλμησεν,
1616 2485 1647 2539 2)

282 2579 425 2662 19αύτῷ
449 2578 485 2644 δέ
506 2583 564 2645 καί
584 2587 661 2658 ταῖς
683 2583 845 2658 Μούσαις
868 2580 982 2646 αύλιῖν
1004 2586 1081 2671 ἔφη.
1125 2586 1162 2648 τί
1184 2585 1261 2662 οδν,·
1290 2583 1357 2649 οἴει
1378 2586 1437 2647 τδν
1454 2573 1593 2668 Ὀρφέα,

331 2685 391 2745 τόν
412 2689 473 2760 τῆς
494 2684 641 2769 Μούσης
662 2685 752 2765 υλόν,
776 2686 806 2749 εί
828 2682 963 2772 ἀληθῆς
986 2689 1004 2748 ό
1025 2679 1106 2750 κατ’
1131 2689 1233 2752 αδτδν
1255 2689 1378 2770 μῦθος,
1401 2683 1531 2768 μάλλον
1553 2685 1595 2747 ἀν

329 2785 461 2870 χαίρειν
483 2791 551 2849 τῶν
573 2787 725 2870 ὀρνίθων
745 2793 1028 2869 καταπετομένων
1052 2792 1140 2875 πρὸς
1169 2791 1270 2854 αύτδν
1301 2782 1427 2876 ρ’ἱδοντα
1449 2789 1596 2852 καὶτῶν

331 2887 467 2973 θηρίων
488 2884 702 2975 κηλουμένων
726 2892 792 2953 ύπδ
815 2899 875 2977 τῆς
898 2900 1014 2978 φωνῆς
1034 2895 1092 2956 καί
1114 2897 1375 2979 παρεστηκότων
1398 2887 1520 2979 πρᾴως
1539 2890 1598 2953 καί

333 2990 528 3075 ἀθορύβως,
551 2993 655 3055 δπότε
677 2989 819 3077 ἀρξαιτο
841 2991 1015 3076 μελιμδεῖν,
1038 2995 1090 3058 ἔτι
1113 2993 1150 3058 δέ
1172 3003 1239 3059 τῶν
1262 2994 1408 3081 δένδρων
1430 2996 1593 3080 προσιόν·
1615 3000 1647 3052 2⁶

334 3113 403 3155 των
426 3095 496 3174 ἅμα
518 3092 567 3176 τῷ
588 3091 709 3177 καρπῷ
731 3114 768 3156 τε
789 3097 847 3158 καί
868 3097 987 3175 ἄνθει,
1013 3098 1071 3161 καί
1091 3104 1159 3162 τῶν
1183 3095 1293 3162 λίθων
1314 3101 1518 3179 κινουμένων
1540 3097 1599 3157 καί

336 3189 527 3272 ξυνιόντων,
544 3195 632 3258 ὥστε
645 3193 776 3278 μεγάλα
788 3199 915 3282 ἐρματα
926 3194 1159 3283 ἀθροίζεσθαι
1175 3194 1308 3286 [λίθων]
1324 3196 1472 3286 πλησίον
1484 3197 1597 3273 αὐτοῦ,

336 3293 464 3378 μᾶλλον
486 3299 546 3362 έπί
567 3301 703 3375 τούτοις
724 3305 935 3383 γιγνομένοις
965 3304 1097 3386 δρῶντα
1127 3304 1321 3388 τέρπεσθαι
1348 3304 1406 3367 καλ
1432 3297 1598 3386 μεγαλαυ-

333 3399 489 3479 χεῖσθαι,
510 3395 690 3481 νσμίζοντα
712 3411 774 3489 τῆς
787 3413 951 3490 μουσικῆς
965 3407 1057 3490 ῆκειν
1072 3397 1132 3468 ἐπ’
1158 3407 1270 3490 ἄκρον,
1292 3407 1312 3492 ῆ
1336 3404 1434 3492 εἴπερ
1453 3407 1598 3492 ῆμῆτηρ

337 3501 438 3565 αύτὸν
459 3505 480 3588 ῆ
503 3498 685 3588 Καλλιόπη
708 3501 931 3589 κιθαρίζοντα
954 3505 1100 3592 ἐπῄνεσέ
1121 3529 1157 3571 τε
1178 3508 1236 3571 καί
1256 3506 1334 3572 εἶπε
1362 3511 1594 3596 καταψήσασα
1616 3511 1648 3566 ³⁰

337 3605 406 3685 άμα
429 3606 490 3691 τῆν
519 3603 685 3692 κεφαλήν,
716 3609 763 3684 ὡς
794 3610 916 3685 ίκανῶς
944 3610 1016 3690 έχοι
1042 3617 1206 3697 μουσικῆς
1234 3613 1291 3675 καί
1320 3615 1522 3699 σοφώτατος
1545 3608 1598 3694 εἴη

285 3709 327 3772 20
338 3708 381 3770 τά
403 3715 463 3794 τῆς
484 3709 601 3794 τέχνης
606 3731 618 3784 ,·
640 3709 705 3792 έγώ
728 3712 789 3791 μέν
811 3712 873 3796 γάρ
898 3710 995 3793 οἶμαι
1015 3709 1142 3794 μάλλον
1164 3715 1232 3776 ύπδ
1250 3712 1481 3796 Φιλάμμωνος
1497 3713 1600 3776 αὐτόν

337 3806 473 3874 ἐθέλειν
495 3811 725 3898 ίπαινεθῆναι
747 3816 827 3900 περί
846 3819 1011 3902 μουσικῆν
1032 3817 1052 3901 ἢ
1077 3815 1113 3879 εί
1129 3837 1183 3890 τις
1204 3812 1244 3901 ῆν
1259 3823 1326 3880 τῶν
1341 3820 1419 3880 τότε
1434 3816 1601 3900 ἔμπειρος

337 3909 553 3996 κιθαρῳδίας
572 3915 593 3999 ἢ
617 3910 820 3996 ξυμπάντων
843 3916 963 3994 ἁπλῶς
984 3925 1052 3982 τῶν
1068 3919 1202 4005 θηρίων
1217 3939 1254 3981 τε
1275 3921 1332 3982 καί
1354 3921 1495 4003 ὀρνέων·
1518 3910 1598 3980 ἀλλ’

424 4104 536 4172 δοίσίν
552 4107 583 4172 τ’
601 4114 653 4172 Οδ.
674 4121 713 4183 17,
732 4117 796 4184 4²³3
814 4109 875 4174 οίοί
892 4107 920 4173 τ’
938 4116 1002 4172 libri
1019 4119 1058 4184 (εί
1076 4117 1105 4171 Μ
1122 4117 1151 4173 ln
1168 4119 1276 4184 mura)
1293 4113 1392 4188 δφνιω
1409 4118 1440 4173 Μ
1519 4114 1601 4176 Ἰοδ·

338 4215 410 4254 κουν
426 4197 459 4253 Μ
509 4197 634 4275 8ἐρίζοι
652 4196 690 4261 δν
707 4203 795 4273 Eup„
812 4199 944 4272 ἐριζοίαν
959 4201 989 4256 Μ
1007 4201 1100 4276 ἐρίζοι
1115 4205 1176 4271 (om.
1195 4196 1244 4271 δν)
1259 4201 1308 4259 UB
1365 4203 1500 4275 9βλέπει
1517 4202 1548 4259 Μ

338 4277 467 4352 μιζδνων
483 4285 514 4341 Μ
568 4291 599 4343 10
617 4281 702 4361 ἔστην
718 4287 749 4343 Μ
803 4292 833 4343 1²
852 4279 1125 4358 αδτυῖνῦιν.ρι·.Β
1176 4278 1229 4347 οὖν
1245 4288 1349 4360 scripsi,
1368 4281 1474 4347 οδκοδν
1490 4289 1553 4345 libri

343 4371 374 4422 13
391 4367 439 4426 ἐπί
456 4373 492 4444 τῇ
508 4370 594 4444 τέχνη
610 4371 739 4430 Βείείάαε
755 4373 911 4444 transponit
928 4375 993 4442 pont
1018 4381 1139 4447 φρονεῖν
1245 4379 1275 4430 14
1294 4368 1424 4446 ἀτέχνων
1440 4379 1490 4432 καί
1508 4367 1600 4444 ἀμυδ-

340 4452 442 4509 σωνΰ
514 4461 545 4512 16
562 4459 616 4516 τοῦ
633 4457 742 4526 nmo,
759 4461 847 4517 τοῦτο
865 4455 896 4514 Μ
914 4455 1008 4537 τούτῳ
1025 4459 1075 4517 UB
1161 4463 1194 4514 20
1213 4460 1376 4532 ομικρονΒ
1458 4464 1490 4516 27
1508 4461 1601 4518 λίθων

340 4537 393 4594 δελ.
406 4537 472 4595 wll.
524 4545 557 4596 ³0
575 4542 822 4618 matpw'uaoaU
