3466 5268
344 284 384 344 58
754 282 878 340 DIONIS
895 283 946 338 ΔΙ)
964 283 1186 342 APAMENSES

301 458 556 548 λέπιδημῆσαι
585 461 672 544 πρός
699 462 829 536 αύτούς.
884 461 942 523 καί
970 458 1054 535 ἴσως
1083 453 1180 524 οὐδέν
1202 465 1352 526 ἐποιεῖτε
1376 463 1598 543 θαυμαστόν·
1715 462 1716 522 ζ

342 553 380 627 ού
402 565 465 647 γύρ
487 566 590 644 μόνον
613 564 651 625 al
673 559 793 626 λοιπαί
815 558 950 641 πόλεις,
980 559 1065 625 ἀλλά
1093 565 1149 626 καί
1176 571 1244 626 τῶν
1272 565 1435 644 ἰσοτίμων
1458 568 1536 646 ύμῖν
1561 568 1600 628 αί

341 663 503 729 πλεῖσται
526 662 660 745 σχεδόν,
682 668 769 728 ὅπου
792 669 927 747 γέγονα,
950 667 1007 728 καί
1029 661 1206 742 πολιτείας
1227 669 1284 729 καί
1305 664 1428 754 βουλῆς
1449 669 1506 731 καί
1528 675 1598 731 τῶν

341 771 487 853 πρώτων
516 776 623 849 τιμῶν
657 765 753 832 οὐδὲν
788 765 934 852 δεομένῳ
968 765 1175 848 μετέδωκαν,
1211 769 1269 830 ούκ
1301 768 1458 856 ἀνωφελῆ
1494 787 1599 857 σφισι

341 868 533 952 νομίζοντες
549 869 625 935 ούδὲ
641 868 779 949 ἀνάξιον
795 872 974 952 τιμᾶσθαι.
1012 873 1050 933 τό
1075 868 1111 934 δέ
1127 873 1285 956 ύμέτερον
1305 873 1364 935 ούκ
1378 874 1471 935 ἔστιν
1493 869 1594 936 ἀλλό-
1618 885 1633 932 ε

339 993 450 1058 τριον,
480 965 556 1035 ἀλλ’
583 975 630 1049 ὡς
651 975 693 1036 ἀν
715 974 829 1058 εύνοίρ
858 975 914 1036 καί
940 975 1056 1057 χάριτι
1078 970 1245 1058 πατρίδος
1274 977 1427 1060 τιμώσης
1449 971 1597 1060 πολίτην
1613 988 1704 1040 (σοι)

340 1077 451 1163 αὐτῆς.
495 1079 535 1139 τό
559 1073 595 1138 δὲ
618 1075 707 1138 εἶναί
727 1097 832 1152 τινας,
856 1079 903 1150 ὡς
925 1077 966 1138 ἀν
981 1078 1017 1138 έν
1033 1073 1137 1161 δημφ,
1161 1084 1228 1139 τῶν
1243 1074 1369 1140 ένδάδε
1385 1079 1461 1158 έμοί
1477 1074 1598 1157 σχεδόν

339 1182 384 1265 μη
417 1175 550 1265 σφόδρα
579 1175 763 1264 ἡδομένους
794 1170 855 1241 οὐκ
882 1181 923 1240 ἀν
953 1177 1173 1258 θαυμάσαιμι
1202 1174 1258 1240 διὰ
1288 1181 1347 1264 την
1370 1187 1437 1242 τῶν
1461 1176 1598 1242 πόλεων

341 1278 549 1368 φιλοτιμίαν.
608 1283 721 1343 καίτοι
749 1283 939 1360 ἐπίσταμαι
972 1287 1093 1366 σαφῶς
1127 1272 1204 1343 ούδέ
1239 1283 1318 1356 τούς
1347 1284 1421 1344 έκεῖ
1450 1278 1598 1358 πολίτας

344 1386 499 1459 ἅπαντας
522 1385 645 1468 ἀρέσαι
669 1380 866 1464 δυνάμενος,
899 1375 977 1445 ἀλλ’
1004 1384 1114 1458 ένίους
1137 1374 1185 1445 δι’
1211 1372 1293 1446 αάτδ
1323 1392 1422 1446 τοῦτο
1452 1385 1604 1466 ἀχύομέ-
1627 1394 1656 1445 10

301 1487 320 1550 3
343 1505 421 1562 νους
442 1489 496 1549 ότι
520 1483 595 1549 λίαν
619 1483 705 1548 δοκῶ
730 1482 916 1571 φιλόπολις
937 1486 993 1547 καὶ
1016 1486 1207 1570 πρόθυμος.
1248 1482 1305 1548 δεῖ
1323 1482 1358 1548 δέ
1382 1487 1440 1548 τόν
1462 1489 1598 1573 ἐπιεικῆ

340 1590 396 1650 καί
417 1592 555 1672 μέτριον
577 1585 684 1672 ἀνδρα
707 1589 763 1650 καί
784 1590 908 1673 ταύτην
932 1593 1091 1672 παρίχειν
1114 1592 1173 1675 την
1196 1584 1353 1664 ἐξουσίαν
1376 1594 1449 1664 τοῖς
1476 1593 1602 1652 ἑαυτοῦ

341 1687 510 1766 πολίταις.
555 1691 593 1752 τό
617 1690 678 1775 γάρ
701 1687 829 1776 μηδένα
852 1693 887 1754 έν
911 1687 1010 1754 πόλει
1032 1692 1115 1776 μήτε
1138 1688 1323 1773 ἀντιλέγειν
1338 1693 1389 1753 ένλ
1408 1692 1492 1776 μήτε
1514 1696 1598 1772 μέμ-

342 1794 476 1878 φεσθαι
497 1794 558 1856 κάν
581 1795 716 1856 ἅπαντα
741 1795 907 1880 φαίνηται
931 1801 1041 1856 ποιῶν
1063 1790 1183 1872 καλῶς,
1209 1786 1246 1855 ού
1266 1791 1380 1879 δήμων
1402 1795 1494 1857 ἐστὶν
1518 1785 1598 1856 ούδὲ

339 1898 498 1974 ἐπιεικές,
521 1893 606 1958 ἀλλὰ
628 1893 756 1976 μᾶλλον
780 1894 879 1982 φιλεῖ
891 1899 930 1959 τό
946 1904 1101 1959 τοιοῦτον
1117 1897 1313 1978 συμβαίνειν
1328 1901 1402 1972 τοῖς
1417 1897 1595 1980 τυράννοις
1619 1905 1648 1957 ιε

339 1999 455 2084 ἢτοῖς
486 1988 685 2084 εὐεργέταις.
737 2001 768 2062 εί
797 1999 855 2062 οόν
878 2001 947 2063 είσί
968 2020 1058 2076 τινες
1080 2001 1168 2085 πρός
1190 2002 1248 2080 ἐμὲ
1272 1996 1443 2075 δυσκόλως
1473 1996 1599 2062 διακεί-

338 2122 453 2181 μενοι,
484 2104 619 2178 τούτοις
646 2100 795 2183 μάλιστα
826 2104 987 2166 πιστεύω.
1040 2099 1141 2189 δῆλον
1170 2102 1233 2187 γὰρ
1264 2103 1311 2178 ὡς
1340 2097 1533 2182 νομίζοντές
1555 2122 1597 2182 με

340 2204 473 2287 ἀγαπᾶν
502 2207 562 2291 την
591 2207 738 2285 έμαυτοῦ
766 2201 916 2289 πατρίδα
946 2207 1002 2268 καί
1032 2207 1143 2267 πάντα
1173 2207 1301 2290 τρόπον
1341 2201 1453 2282 αὔξειν
1490 2205 1598 2280 οὕτως

340 2307 483 2385 ἔχουσιν.
536 2307 595 2370 έάν
625 2307 683 2369 οδν
712 2308 909 2370 πεισθῶσιν
938 2309 991 2370 δτι
1020 2307 1077 2370 καί
1105 2309 1228 2392 ταύτην
1257 2311 1404 2392 ηγούμαι
1433 2303 1595 2390 πατρίδα,

339 2410 396 2471 καί
411 2411 574 2493 πράττειν
589 2411 674 2489 ὑπὲρ
692 2401 795 2494 αι’τῆς
817 2412 882 2485 ό,τι
903 2409 944 2469 ἀν
968 2405 1120 2488 δύνωμαι
1145 2410 1327 2493 πρόθυμός
1350 2411 1437 2490 είμι,
1466 2406 1595 2495 ῥᾳδίως
1617 2417 1647 2469 2ο

301 2507 611 2592 4μεταβαλούνται
633 2513 690 2574 καί
711 2511 929 2597 ἀγαπήσουσί
955 2531 997 2591 με
1026 2517 1100 2586 τοῖς
1128 2507 1245 2587 ἀλλοις
1274 2513 1410 2592 δμοίως.
1466 2515 1504 2575 τδ
1535 2515 1597 2593 μὲν

341 2612 399 2674 ούν
423 2610 535 2698 φιλεῖν
557 2616 617 2700 την
640 2610 790 2698 πατρίδα
812 2609 961 2694 μάλιστα
985 2616 1123 2676 πάντων
1146 2603 1206 2676 οὐκ
1228 2610 1366 2695 ἔξαρνός
1391 2615 1470 2696 εἰμι.
1513 2635 1596 2678 πυν-

340 2716 494 2796 θάνομαι
520 2714 555 2780 δὲ
579 2709 709 2795 αὐτῶν,
740 2721 770 2780 εί
792 2724 892 2779 τοῦτο
916 2713 1033 2779 ἀδίκου
1056 2711 1251 2797 νομίζουσιν
1280 2715 1403 2802 ἀνδρός
1429 2717 1597 2781 εἶναικαὶ

339 2820 536 2904 μοχθηροῦ,
572 2821 630 2882 καί
663 2816 807 2904 πολίτην
840 2826 996 2881 τοιοῦτον
1030 2809 1088 2881 οὐκ
1121 2821 1163 2882 ἀν
1196 2817 1351 2883 έδέλοιεν
1384 2819 1472 2884 εἶναι
1506 2812 1592 2904 παρ’
1609 2836 1721 2888 ιιειειι

342 2922 465 2997 αὑτοῖς.
511 2911 630 2985 οὐκοῦν
652 2919 781 2999 ἔξεστιν
804 2923 882 3002 ύμῖν
905 2922 992 3001 ἔχειν
1020 2923 1104 3002 κάμὲ
1129 2919 1272 3007 πολίτην
1301 2925 1509 2997 ἀνυπόπτως
1536 2923 1594 2985 καί
1614 2933 1645 2985 25

340 3031 407 3087 τῶν
430 3021 541 3086 ἄλλων
563 3027 643 3100 τούς
664 3021 870 3106 βελτίστους.
922 3025 978 3086 καί
1001 3025 1113 3087 τοίνυν
1142 3016 1191 3088 δι’
1217 3016 1299 3088 αὐτό
1327 3045 1388 3106 μοι
1416 3032 1515 3087 τούτο
1540 3045 1597 3087 πι-

343 3129 493 3190 στεύοιτε
516 3129 557 3188 ἀν
582 3123 801 3211 δικαιότερον.
838 3129 934 3202 ὅστις
949 3129 1010 3206 μὲν
1032 3127 1094 3208 γάρ
1111 3128 1274 3209 ἀγνώμων
1298 3129 1378 3212 περί
1393 3129 1472 3203 τούς
1496 3128 1598 3212 φύσει

340 3233 475 3311 γονέας,
510 3221 569 3292 ούκ
598 3231 639 3292 ἀν
667 3234 799 3312 γένοιτο
829 3232 924 3303 όσιος
955 3220 1032 3292 οὐδὲ
1064 3230 1151 3313 πρός
1180 3232 1260 3305 τούς
1287 3231 1455 3312 θεμένους
1485 3220 1596 3290 αύτόν.

300 3331 320 3392 5
343 3332 362 3392 δ
387 3328 423 3393 δὲ
445 3333 524 3408 τούς
546 3333 770 3418 γεννήσαντας
793 3333 934 3413 ἀγαπῶν
958 3320 1120 3394 οὐδέποτ’
1146 3333 1187 3394 ἀν
1210 3328 1388 3417 ἀμελήσειε
1404 3339 1471 3394 τῶν
1483 3333 1598 3414 χάριτι

339 3439 464 3516 γονέων
487 3439 682 3516 γενομένων.
735 3436 773 3497 τό
795 3436 857 3515 μὲν
887 3435 949 3519 γάρ
973 3443 1032 3521 της
1056 3437 1191 3520 φύσεως
1214 3427 1404 3514 αὐτόματόν
1434 3435 1524 3510 έστι,
1554 3434 1593 3495 τό
1617 3452 1647 3504 ιο

341 3533 377 3599 δὲ
405 3545 464 3623 τῆς
490 3539 630 3621 χάριτος
652 3538 815 3600 έκούσιον.
868 3539 938 3616 είμί
965 3539 1026 3618 μὲν
1049 3536 1107 3598 οδν
1132 3533 1276 3622 πολίτης
1305 3541 1486 3621 ἑκατέρων·
1518 3527 1595 3597 ἀλλ’

339 3640 480 3714 ἐκείνοις
511 3642 572 3720 μέν
603 3631 641 3702 οὐ
672 3636 728 3703 δεῖ
750 3659 793 3719 με
823 3641 903 3722 περί
931 3641 1052 3701 τούτου
1077 3641 1176 3723 χάριν
1207 3636 1349 3717 εἰδέναι,
1383 3640 1468 3718 ὑμᾶς
1491 3635 1525 3700 δέ
1550 3639 1598 3713 ὡς

340 3729 514 3826 εὐεργέτας
536 3742 745 3824 ἀμείβεσθαι
769 3738 909 3804 δίκαιον.
956 3738 1012 3804 διά
1034 3741 1097 3824 γὰρ
1120 3744 1179 3828 τήν
1202 3743 1364 3826 ὑμετέραν
1386 3742 1519 3805 εὔνοιαν
1542 3741 1599 3802 καί

397 4053 399 4056 -
425 4029 437 4079 1
458 4020 562 4091 αύτούς
580 4023 660 4082 UMT
747 4030 762 4079 4
782 4018 917 4097 ἀνωφελῆ
935 4025 1016 4094 σφίσι
1034 4022 1141 4080 selden.
1160 4018 1308 4097 ἀνωφελῆς
1326 4027 1394 4096 φησὶ
1413 4022 1442 4077 Μ
1461 4015 1598 4093 ἀνωφελῆ

339 4109 493 4183 marm
541 4107 634 4168 δόσει
646 4110 700 4165 ΒΜ
756 4111 1006 4180 6πατρίόοςαυίε
1019 4100 1117 4186 εύνοίη
1133 4107 1229 4164 molius
1247 4108 1429 4165 collocaretur
1476 4101 1600 4178 Ἱαάτῆς

338 4195 410 4264 libri,
429 4211 500 4252 corr.
519 4195 598 4266 Emp.
669 4200 701 4250 10
719 4188 903 4266 ἀχθομένους
921 4193 945 4248 Τ
963 4189 1129 4266 ἀχθόμενος
1147 4193 1226 4250 BMU
1243 4210 1277 4249 m.
1296 4210 1338 4264 pr.
1406 4199 1433 4248 Η
1454 4188 1546 4266 τὴνΤ

339 4285 371 4336 14
389 4281 544 4354 φαίνητεΒ
612 4276 703 4353 δῆμόν
720 4277 799 4338 ἐστιν
811 4280 849 4346 Μ,
868 4279 940 4334 unde
951 4274 1057 4350 (κατὰ)
1075 4273 1165 4350 δῆμόν
1182 4276 1261 4337 ἐστιν
1278 4279 1342 4335 wil.
1361 4278 1423 4335 dub.
1489 4282 1521 4333 15
1540 4296 1600 4335 τοι·

338 4368 408 4424 οῦτο
427 4366 481 4422 ΒΜ
550 4369 583 4422 23
601 4359 673 4424 αάτδ
692 4364 765 4422 UBT
783 4371 842 4436 (pro
862 4358 968 4432 αὐτῶν)
1020 4368 1053 4420 25
1071 4357 1211 4430 advocet]
1264 4368 1296 4418 29
1315 4357 1449 4436 ἀμελήσει
1466 4360 1500 4419 ἐκ
1518 4361 1547 4417 Μ

338 4455 368 4505 ³1
390 4442 442 4510 οάν
459 4467 512 4508 om.
531 4449 560 4505 M
629 4453 661 4504 33
680 4446 724 4509 διὰ
743 4447 800 4524 γὰρ
817 4451 918 4508 Reiske
936 4465 970 4506 ex
990 4450 1113 4522 luterpr„
1131 4448 1176 4507 όιά
1195 4451 1224 4508 a&
1243 4449 1304 4506 libri
