3454 5272
354 405 582 462 TESTIMONIA
599 405 650 461 DE
668 403 757 460 vm
775 403 898 461 monle
918 405 1119 473 (ARETHAB).
1303 407 1364 466 326

113 601 219 662 τερος,
243 583 323 662 περί
345 579 475 644 δούλων
497 583 553 645 ὢν.
597 580 654 643 καί
676 581 696 641 6
715 570 791 660 μετ’
818 582 918 643 αύτδν
942 579 988 658 δέ,
1012 583 1091 665 περί
1115 578 1232 666 λύπης,
1259 583 1306 658 ὡς
1329 583 1367 644 ού

111 685 171 769 χρή
197 691 427 767 παρεγγυᾶται
456 686 514 746 τὸν
542 687 695 766 γενναῖον
723 685 780 746 καί
809 691 886 747 νοῦν
915 686 1033 764 έχοντα
1064 682 1169 769 ἄνδρα
1199 685 1368 748 ὑποκατα-

110 782 291 849 κλίνεσθαι
313 782 360 866 τῴ
384 785 505 862 πάθει,
529 793 694 870 περιορᾶν
717 783 752 848 δὲ
775 783 901 865 μάλλον
922 789 979 850 καί
1002 787 1269 872 ἀποτρίβεσθαι.
1313 789 1370 850 καί

113 889 130 948 6
154 889 234 970 περί
256 883 463 964 πλεονεξίας,
487 881 517 963 ζ’
541 889 598 950 καί
620 883 653 964 ξ’
678 889 735 964 ῶν,
759 887 1026 971 ἀποτρέπεσθαι
1043 893 1167 975 ταύτην
1185 889 1367 974 παρεγγυᾷ.

112 990 168 1052 καί
197 990 216 1051 6
239 986 277 1074 ξη
288 984 305 1067 ’,
336 989 452 1072 ὥσπερ
480 990 730 1072 ἐπιγέγραπται
758 991 838 1074 περί
867 986 965 1072 λόγου
995 994 1184 1078 ἀσκήσεως,
1213 993 1409 1076 τοιαύτηνύ

112 1094 167 1155 καί
189 1093 249 1177 τήν
271 1091 442 1154 ὑπόθεσιν
464 1088 660 1174 ὑποβάλλει.
700 1094 780 1177 περί
802 1089 838 1155 δέ
854 1101 913 1179 τῆς
933 1093 1037 1156 αὐτοῦ
1059 1091 1241 1179 φιληκοΐας
1264 1095 1283 1154 6
1307 1089 1369 1170 ξθ’

112 1196 168 1256 καί
196 1196 426 1279 ἐπιγράφεται
446 1196 503 1258 καί
526 1191 758 1274 διαλαμβάνει.
811 1196 831 1256 6
861 1192 897 1258 δέ
922 1189 958 1256 α’
987 1197 1182 1281 ἐπιγραφῆς
1209 1197 1270 1275 μὲν
1294 1196 1373 1278 περί

114 1298 358 1381 ἀναχωρήσεως
381 1299 551 1378 τυγχάνει,
579 1292 819 1374 κατασκευάζει
848 1294 883 1360 δὲ
908 1299 954 1373 ὡς
978 1299 1050 1377 ούχί
1071 1300 1110 1360 τὸ
1140 1298 1200 1373 τάς
1229 1298 1373 1382 ἐρήμους

116 1396 250 1461 διώκειν
273 1399 485 1483 ἀναχώρησίς
506 1401 581 1462 ἐστι
608 1400 735 1462 παθῶν
763 1402 820 1462 καί
841 1407 908 1462 τῶν
931 1403 966 1463 ἐν
988 1401 1051 1482 βίῳ
1080 1400 1258 1484 θορύβων,
1288 1395 1373 1460 ἀλλά

116 1502 154 1561 τό
178 1501 228 1575 είς
250 1502 369 1562 έαοτδν
391 1501 638 1586 ἐπεστράφθαι
658 1503 715 1563 καί
739 1499 899 1564 σπεύδειν
921 1509 1046 1584 γνῶναι
1069 1504 1198 1578 ἑαυτόν,
1221 1509 1281 1587 τῆς
1303 1502 1374 1562 άπὸ
1398 1507 1425 1558 10

119 1609 185 1664 τῶν
208 1598 320 1664 ἄλλων
345 1602 484 1687 φθορᾶς
507 1599 620 1686 ὀλίγον
643 1604 762 1683 ἔχοντα
779 1601 886 1687 λόγον.
926 1606 1005 1688 περὶ
1025 1601 1168 1679 κάλλους
1192 1601 1227 1667 δὲ
1250 1605 1270 1664 6
1290 1603 1375 1682 μετά

117 1711 236 1766 τοῦτον
249 1701 356 1786 λόγος,
373 1704 410 1767 δν
426 1707 677 1789 ἐπιγέγραπται
688 1708 827 1789 τρόπον,
844 1708 902 1767 τόν
914 1707 1015 1769 αύτδν
1030 1708 1088 1768 καί
1105 1707 1185 1787 περί
1200 1706 1375 1768 νεανίσκου

39 1817 104 1869 (93)
119 1802 295 1883 διέξεισιν·
318 1808 354 1868 ἐν
378 1797 405 1888 ᾧ
426 1810 474 1882 ὡς
497 1808 535 1868 ού
558 1808 653 1892 παρὰ
677 1813 782 1870 πᾶσιν
804 1809 924 1870 ἐθνεσι
945 1810 1003 1871 καί
1023 1808 1210 1892 βαρβάροις
1232 1810 1271 1870 τὸ
1295 1807 1376 1868 αύτδ

1 1877 4 2006 ή
119 1904 290 1988 νομίζεται
311 1906 443 1986 κάλλος,
467 1905 549 1971 άλλο
574 1907 609 1972 δέ
634 1901 720 1994 παρ’
745 1907 863 1984 ἅλλοις
880 1907 966 1992 νικᾷ.
1005 1911 1024 1970 6
1047 1906 1082 1972 δὲ
1107 1905 1163 1990 οβ’
1187 1911 1267 1992 περί
1289 1910 1377 1994 είρή-

120 2032 178 2095 νης
199 2012 255 2073 καί
277 2007 428 2090 πολέμου
451 2012 511 2096 τήν
533 2031 569 2073 τε
592 2012 785 2096 ἐπιγραφήν
808 2008 1039 2093 προβάλλεται
1060 2013 1116 2073 καί
1144 2008 1377 2092 διαλαμβάνει.
1401 2017 1430 2070 15

121 2115 138 2174 6
162 2111 197 2174 δέ
220 2111 253 2195 γ’
277 2114 333 2175 καί
356 2111 401 2188 o',
425 2115 478 2175 δτι
501 2109 670 2192 εὐδαίμων
686 2114 705 2174 6
722 2115 840 2197 σοφός,
863 2114 954 2174 καλό
976 2104 1037 2174 ἐπ’
1057 2111 1146 2193 αύτῷ
1165 2114 1243 2194 περί
1266 2109 1377 2174 εύδαι-

120 2217 256 2294 μανίας·
287 2217 305 2276 6
335 2212 371 2277 δέ
400 2216 460 2278 ἐπί
481 2217 615 2289 τούτοις
639 2216 718 2298 περί
745 2221 808 2276 τοῦ
830 2211 1007 2294 δαίμονος·
1039 2209 1203 2292 δαίμονας
1226 2211 1261 2275 δέ
1284 2210 1384 2276 καλεῖ

122 2320 200 2392 τούς
222 2321 299 2380 ὅσοι
322 2314 478 2396 λαχόντες
500 2319 614 2401 ἄρχειν
636 2321 759 2401 ἐτέρων
782 2318 921 2398 ἄμεινον
944 2318 1106 2400 πράττειν
1134 2317 1213 2392 τούς
1238 2316 1379 2399 άρχομέ·

123 2438 199 2494 κους
220 2421 239 2504 η·
262 2421 320 2482 καί
338 2425 451 2502 χεῖρον
476 2421 798 2500 συμμετεσκεύασαν.
850 2422 930 2500 περὶ
959 2416 994 2482 δὲ
1024 2425 1085 2480 τοῦ
1111 2416 1339 2498 βουλεύεσθαι
1361 2419 1381 2480 6

125 2519 156 2598 ς’
181 2522 237 2584 καί
259 2519 293 2583 α’
318 2517 550 2601 διαλαμβάνει.
589 2523 608 2582 6
630 2518 666 2584 δέ
683 2516 714 2597 ζ’
737 2522 794 2583 καί
817 2519 850 2583 0'
875 2518 1030 2607 διατριβή
1055 2524 1218 2606 περὶτῶν
1240 2523 1276 2582 ἐν
1300 2537 1380 2600 συμ-
1403 2528 1432 2579 ε]

125 2625 236 2705 ποσίῳ
265 2625 325 2710 τήν
353 2625 547 2709 ἐπιγραφήν
574 2627 808 2708 πεποιημένος
835 2624 911 2686 τινδ
940 2630 1007 2686 τῶν
1035 2626 1071 2686 ἐν
1110 2621 1200 2705 αύτῷ
1238 2619 1380 2700 διέξεισι

125 2729 407 2805 συμπιπτόντων,
435 2727 492 2788 καί
513 2728 560 2801 ὡς
583 2727 602 2788 6
625 2722 733 2800 πολύς
755 2725 944 2808 ἅνθρωπος
966 2733 1146 2811 τηνικαῦτα
1171 2727 1259 2808 πρὸς
1282 2720 1380 2810 φιλο-

125 2830 251 2914 σοφίαν
280 2831 360 2913 δρᾶν
383 2827 526 2905 εἴωθεν,
554 2829 651 2913 ήνίκα
675 2829 779 2890 αὐτοῦ
807 2829 923 2908 δβίος
948 2830 1061 2904 ἀνίαις
1094 2831 1315 2912 περιρρεῖται.
1362 2826 1381 2887 6

125 2928 160 2992 δέ
183 2926 220 3016 η’
243 2933 300 2993 καί
323 2928 356 2993 ο’
379 2933 435 2993 καί
458 2933 477 2992 6
496 2923 573 3011 μετ’
599 2933 700 2993 αύτδν
722 2927 951 3012 Μελαγκόμας
974 2929 1009 2992 α’
1034 2932 1091 2994 καί
1112 2929 1147 3010 β’
1178 2932 1380 3011 ἐπιγεγραμ-

124 3037 222 3112 μένοι
243 3034 385 3095 ἐπαινόν
408 3053 444 3094 τε
468 3029 698 3118 διαγράφουσι
720 3038 782 3093 τοῦ
802 3033 977 3095 νεανίσκου
1000 3034 1056 3094 καί
1077 3035 1209 3118 μνήμην
1231 3033 1291 3094 ἐπί
1302 3051 1381 3114 χρη·
1403 3036 1432 3087 25

127 3139 221 3209 σταῖς
243 3130 503 3218 τελευτήσαντος
524 3135 580 3196 καί
603 3131 722 3218 λύπην.
760 3134 779 3193 6
802 3129 837 3195 δέ
861 3127 916 3210 π’,
938 3131 1140 3220 Χαρίδημος
1163 3136 1225 3214 μὲν
1248 3131 1339 3215 αύτῷ
1362 3135 1380 3217 ή

126 3237 318 3320 ἐπιγραφή,
342 3237 485 3298 ε’παινον
509 3232 545 3298 δέ
568 3237 629 3298 καί
652 3236 784 3310 πένθος
805 3237 865 3299 ἐπί
886 3232 1122 3322 τελευτήσαντι
1145 3231 1382 3300 συνδιαπλέκει

127 3335 172 3418 τῴ
198 3341 270 3419 νέῳ.
1254 3347 1256 3352 ’

653 3454 855 3464 ι--σ-ι-

522 3624 834 3708 ARETHAE
863 3621 990 3705 DlO.

213 3887 329 3972 Σοφδς
351 3885 467 3947 ούτοσί
489 3881 536 3966 τῴ
561 3887 633 3946 όντι
654 3883 749 3946 Δίων
778 3885 797 3945 6
819 3883 1019 3965 Προυσαεύς
1046 3883 1103 3944 καί
1131 3877 1237 3943 τᾶλλα
1259 3881 1320 3960 μὲν
1342 3879 1384 3941 τὰ

131 3990 209 4069 περί
239 3986 345 4071 λόγων
374 3989 564 4073 ἀσκήσεως,
593 3982 742 4066 μάλιστα
774 3982 808 4048 δὲ
840 3985 919 4060 τούς
949 3988 1191 4068 προκειμένους
1219 3984 1299 4066 περί
1325 3982 1385 4062 βα·
1407 3989 1436 4040 ευ

131 4089 260 4166 σιλείας
297 4091 460 4176 φρονήσει
499 4087 719 4174 διαρκεστάτη
756 4085 1021 4174 ἐξυφαινόμενος
1056 4083 1331 4164 (Οὐεσπασιανός
1367 4085 1385 4144 6

130 4194 345 4279 αὐτοκράτωρ
375 4201 435 4279 τῆς
458 4189 650 4279 βιωφελοῦς
678 4193 807 4256 τούτων
836 4192 970 4274 γνώμης
998 4184 1191 4273 ἐπήβολος).
1243 4185 1295 4261 οἷς
1321 4186 1383 4268 γάρ

218 4417 233 4466 5
251 4406 342 4482 λόγου
357 4413 407 4466 καί
425 4405 574 4481 ἀσκήσεως
590 4407 705 4464 Ρίιοίίαε
724 4407 777 4463 Bk.
837 4410 865 4460 11
885 4399 982 4462 ἄλλων
998 4400 1100 4469 κακίας
1117 4403 1279 4475 φορολίγον
1296 4399 1387 4456 Photii

131 4497 193 4562 libri
210 4499 378 4570 (συμφοράν
396 4488 495 4567 ὀλίγον
512 4509 581 4551 corr.
592 4496 629 4560 Δ)
683 4497 716 4549 29
734 4493 812 4549 Ηεαα
829 4489 950 4546 Διεύιεε
967 4489 1163 4560 expositionem
1180 4503 1198 4543 α
1215 4503 1257 4543 αι
1274 4491 1385 4556 rogatus

130 4598 193 4639 cum
212 4581 342 4638 Urbinnte
361 4585 410 4636 124
428 4580 544 4637 contulit
561 4579 718 4636 θυεεεεααε
794 4580 826 4632 32
844 4571 877 4632 ἐν
895 4568 938 4641 οἶς
956 4575 1063 4645 Kayser
