3466 5268
648 355 785 413 ORATIO
804 355 902 412 XLVI.
1358 355 1397 417 77

18 545 73 596 (ωε
88 545 126 594 ιιι
142 529 383 617 ἀποδέχησθε,
414 535 490 594 τότε
511 535 664 596 κάκείνου
685 532 873 616 μέμνησθε.
930 533 985 593 καί
1008 534 1170 616 περὶτοῦ
1191 534 1339 594 πάππου
1364 531 1398 596 δὲ

140 643 205 696 τού
225 637 387 720 ῆμετέροο
418 633 475 696 οὐκ
497 631 538 696 όν
567 633 662 698 εἴποι
691 632 802 710 οὐδεὶς
831 634 907 696 οὐτε
937 635 984 709 ὡς
1006 633 1188 718 κατῄσχυνε
1213 639 1272 722 τῆν
1297 635 1398 700 πόλιν

144 737 222 800 οὐτε
245 739 292 811 ὡς
315 732 411 798 οὐδέν
434 733 607 799 ἀνάλωσεν
629 739 664 798 ἐκ
687 743 754 798 τῶν
777 740 907 798 ἐαυτοῦ.
960 739 1019 822 τῆν
1041 737 1103 820 γὰρ
1128 737 1246 800 οὐσίαν
1268 739 1308 822 ἣν
1331 737 1398 818 εἶχε

143 834 307 922 πατρῴαν
335 840 392 901 καί
421 837 601 920 παππῴαν
628 839 768 901 ἅπασαν
790 841 840 914 είς
863 836 1062 924 φιλοτιμίαν
1085 837 1279 918 ἀναλώσας,
1312 843 1398 905 ὥστε

100 949 119 1000 ό
144 938 251 1026 μηδὲν
272 941 359 1019 ἐχειν
383 936 515 1018 λοιπόν,
538 945 655 1024 ἑτέραν
677 943 841 1027 ἐκτήσατο
864 943 934 1003 άπὸ
954 937 1115 1015 παιδείας
1136 944 1192 1004 καὶ
1214 943 1307 1026 παρά
1330 949 1397 1006 τῶν

144 1044 410 1128 αὐτοκρατόρων.
460 1045 517 1106 καί
550 1045 663 1106 τοίνυν
700 1045 748 1119 είς
783 1045 884 1106 αὐτὸν
918 1041 1077 1124 οὐδεμίαν
1114 1045 1273 1130 φαίνεται
1298 1047 1440 1128 χάρινό

144 1147 371 1231 αἰτησάμενος
392 1148 428 1208 ἐν
450 1149 589 1230 τοιαύτη
615 1143 715 1231 φιλίᾳ
736 1148 793 1208 καὶ
816 1143 965 1232 σπουδῇ,
998 1143 1176 1231 φυλάττων
1205 1141 1241 1208 δὲ
1263 1149 1319 1209 καὶ
1341 1169 1398 1209 τα-

141 1251 342 1328 μιευόμενος
364 1244 424 1333 την
446 1256 508 1310 τού
529 1250 775 1333 αὐτοκράτορος
798 1249 998 1332 προθυμίαν
1020 1250 1070 1323 είς
1091 1251 1185 1329 ὑμᾶς.
1237 1249 1268 1310 εί
1291 1246 1329 1310 δέ
1351 1271 1396 1331 τῳ

144 1347 241 1414 δοκεῖ
259 1347 408 1436 φλυαρία
432 1352 470 1412 τδ
500 1348 651 1414 πολιτῶν
673 1353 841 1434 ὑμετέρων
864 1353 1126 1437 ἀναμιμνήσκειν
1157 1353 1244 1432 ὑμᾶς
1267 1353 1398 1428 εὐνοίας

7 1431 80 1532 Ἢ
93 1463 121 1514 ιο
144 1454 200 1514 καί
222 1454 359 1539 ἀρετῆς,
390 1451 488 1529 οὐτος
512 1444 570 1515 οὐκ
593 1445 661 1516 οἶδ’
693 1457 788 1529 όπως
811 1454 849 1517 εὖ
870 1453 1000 1516 παθεῖν
1024 1455 1124 1529 αύτδς
1146 1456 1215 1517 ύπό
1238 1475 1296 1518 του
1320 1456 1397 1538 βού-

143 1553 246 1618 λεται.
367 1558 403 1618 ἐκ
430 1559 594 1619 τοιούτων
624 1552 663 1642 δη
694 1557 787 1632 όντες
809 1561 922 1640 ῆμεΐς,
954 1558 985 1620 εί
1013 1559 1068 1620 καί
1098 1554 1232 1644 σφόδρα
1255 1559 1397 1643 πονηροί

146 1654 238 1742 ῆμεν,
261 1655 347 1720 ἀλλά
369 1677 425 1721 τοι
448 1651 495 1722 δι’
520 1661 667 1734 ἐκείνους
689 1662 855 1746 ἐντροπῆς
877 1679 970 1735 τινος
992 1656 1085 1737 όξιοι
1107 1656 1207 1744 ἦμεν,
1232 1652 1304 1740 οὐχί
1328 1657 1397 1723 λευ·

143 1764 272 1846 σθῆναι
294 1753 356 1846 ὑφ’
382 1764 474 1842 ὐμῶν
497 1752 574 1824 οὐδὲ
596 1759 885 1848 καταφλεχθῆναι.
939 1767 1097 1824 σκοπεῖτε
1125 1759 1160 1824 δέ
1183 1765 1239 1824 καί
1260 1755 1395 1845 τούμόν,
1419 1772 1437 1830 5

141 1862 168 1924 ὦ
192 1861 321 1946 ἄνδρες,
343 1860 389 1949 μὴ
413 1865 625 1946 ἀγνωμόνως.
668 1869 747 1947 ἡμῖν
768 1866 831 1948 γάρ
855 1866 874 1926 ό
897 1861 1008 1949 πατὴρ
1033 1867 1151 1928 ούσίαν
1173 1863 1334 1928 κατέλιπε
1356 1873 1398 1951 τῆ

92 1973 122 2027 12
143 1968 205 2045 μὲν
229 1962 309 2050 δόξῃ
331 1964 494 2052 μεγάλην,
524 1963 663 2048 δυνάμει
687 1964 723 2029 δὲ
744 1968 867 2053 μικράν
888 1969 945 2030 καί
967 1964 1084 2050 πολληῖ
1107 1965 1234 2030 ἐλάττω
1258 1971 1396 2051 ἐτέρων·

143 2060 182 2129 ού
203 2074 301 2149 μεῖον
322 2069 385 2152 γάρ
407 2071 427 2155 ῆ
451 2073 695 2154 τετταράκοντα
718 2067 880 2154 μυριάδες
901 2066 987 2154 ἦσαν
1006 2075 1114 2152 χρεῶν
1135 2072 1192 2132 καί
1214 2073 1396 2152 πράγματα

144 2178 287 2233 τοιαῦτα
311 2168 459 2250 ἔξωθεν,
491 2173 577 2235 ὥστε
601 2170 689 2235 πολύ
711 2179 778 2236 τῶν
799 2179 906 2256 χρεῶν
930 2171 1019 2234 εἶναι
1041 2178 1146 2232 ταῦτα
1166 2167 1396 2253 χαλεπώτερα.

146 2265 224 2336 οὐδὲ
247 2275 310 2360 γάρ
334 2272 521 2360 ἀσφάλεια,
545 2277 592 2352 ὡς
614 2276 741 2353 εἰπεῖν,
765 2266 902 2350 οὐδενός
924 2279 1003 2357 ῆμῑν
1025 2280 1092 2336 τῶν
1116 2274 1220 2336 όντων
1242 2273 1397 2359 ὑπῆρχεν,

144 2373 230 2438 ἀλλά
259 2386 300 2462 τῇ
330 2380 434 2441 αὐτού
463 2375 602 2459 δυνάμει
630 2380 802 2441 πιστεύων
832 2380 958 2452 ἐκεῖνος
987 2377 1122 2438 ἅπαντα
1152 2378 1322 2460 ἐκέκτητο,
1352 2377 1398 2451 ὡς

92 2489 124 2541 22
146 2471 283 2556 οὐδενὸς
315 2482 645 2568 ἀμφισβητήσοντος.
712 2483 747 2542 ἐν
784 2478 819 2543 δέ
854 2486 928 2556 τοῖς
961 2483 1132 2555 τοιούτοις
1165 2476 1440 2564 δπολειφθελς6

144 2574 281 2645 οὐδέπω
303 2585 365 2664 μὲν
386 2585 443 2648 καί
464 2591 521 2646 νῦν
543 2586 582 2646 τό
605 2580 791 2665 ἐπιβάλλον
814 2581 904 2666 αὐτῷ
932 2587 1036 2664 μέρος
1065 2589 1132 2646 τῶν
1158 2589 1265 2666 χρεῶν
1289 2579 1399 2645 διαλέ-

144 2681 257 2765 λυμαι,
285 2683 537 2772 λελειτούργηκα
563 2683 599 2749 δέ
615 2690 692 2766 ύμῖν
714 2688 775 2762 τὰς
797 2688 958 2769 μεγίστας
982 2683 1190 2767 λειτουργίας
1211 2686 1267 2748 καί
1291 2677 1400 2760 οὐδεὶς

144 2790 226 2868 ἐμοῦ
249 2785 389 2865 πλείους
410 2797 477 2852 τῶν
499 2793 535 2852 ἐν
557 2797 598 2874 τῆ
621 2787 730 2852 πόλει.
776 2786 1051 2873 πλουσιωτέρους
1081 2785 1116 2851 δὲ
1146 2790 1230 2868 ἐμοῦ
1252 2785 1399 2862 πολλούς

8 2901 132 2954 (man)
147 2891 248 2965 όντυς
270 2892 465 2954 ἐπίστασθε
488 2894 544 2955 καί
559 2883 666 2954 αύτοί.
704 2892 739 2953 τί
761 2890 818 2952 οὐν
841 2892 934 2953 ἐστιν
949 2883 1008 2976 ἐφ’
1034 2894 1099 2972 ότφ
1123 2892 1199 2970 ἐμοὶ
1222 2885 1399 2972 ὀργίζεσθε

94 3001 126 3053 2ό
147 2995 204 3056 καί
225 2995 348 3074 ἄτιμον
370 2990 407 3071 ἐξ
429 2996 589 3057 ἁπάντων
612 2996 670 3075 ἐμὲ
693 2995 749 3056 καλ
764 2995 823 3055 τὸν
839 2990 932 3057 δεῖνα
949 2990 1191 3077 προβέβλησθε
1205 2993 1262 3054 καί
1278 2988 1399 3064 λίθους

141 3097 288 3179 καὶπῦρ
317 3088 377 3182 ἐφ’
402 3100 489 3182 ῆμάς
512 3100 630 3182 φέρετε
637 3119 649 3173 ,·
671 3098 727 3160 καί
748 3093 866 3181 μηδείς
888 3099 974 3181 ὑπὲρ
994 3099 1121 3160 ἐκείνου
1143 3116 1185 3176 με
1210 3101 1258 3181 φῆ
1282 3091 1397 3176 λέγειν.

145 3197 232 3272 ἴσως
252 3199 313 3278 μὲν
335 3200 397 3284 γάρ
421 3191 481 3262 ἐπ’
507 3191 626 3262 οὐδένα
650 3191 728 3262 οὐδὲ
751 3206 818 3262 τῶν
842 3197 1047 3263 ἀδικούντων
1071 3200 1177 3274 οὕτως
1199 3194 1270 3260 ἔδει
1292 3217 1399 3280 παρο·

144 3298 324 3378 ξύνεσθαι·
353 3299 441 3389 πλην
469 3303 584 3386 ἔμοιγε
612 3303 743 3388 άπόχρη
772 3299 850 3385 <τά>
878 3296 954 3366 κατ’
979 3305 1133 3382 ἐμαυτόν.
1241 3302 1297 3362 καί
1321 3317 1396 3361 σκο·
1420 3303 1438 3363 7

32 3415 83 3465 (σε)
95 3415 127 3467 κο
142 3409 241 3466 πεῖτε
260 3405 317 3466 καί
339 3405 381 3466 τά
404 3401 489 3466 ἄλλα
506 3407 628 3481 όποῐός
644 3407 715 3485 είμι
731 3403 874 3490 πολίτης
890 3409 964 3488 ἐγώ,
990 3407 1076 3487 πρός
1099 3407 1213 3466 όντινα
1228 3400 1398 3484 βούλεσθε

94 3513 124 3565 22
146 3504 425 3590 παραβάλλοντες
446 3511 617 3570 τοσούτων
641 3510 698 3583 οὓς
722 3499 760 3570 οὐ
783 3511 974 3570 κατακάετε.
1021 3508 1095 3568 ἐστι
1123 3506 1268 3587 μὲνγὰρ
1290 3505 1398 3586 χωρία

231 3691 386 3763 1μέμνητε
403 3690 433 3745 Μ
509 3685 728 3750 δάνᾰλανσινΤ
816 3693 946 3748 ύκαίτοι
964 3689 1055 3746 νύνῐλ
1143 3683 1234 3745 αὐτὸν
1250 3685 1330 3742 ΜῦΤ

147 3780 174 3830 21
194 3769 274 3845 ὑμεῖς
291 3775 321 3829 Μ
338 3773 418 3846 ὑμεῖς
434 3777 462 3831 in
479 3770 558 3848 ἡμεῖς
575 3781 642 3833 mut.
662 3776 683 3832 U
702 3792 735 3830 m.
754 3791 797 3846 pr.
862 3781 892 3830 12
911 3773 1023 3832 ἐκεῖνον
1040 3772 1095 3828 ΜΠ
1114 3790 1150 3828 ια.
1168 3789 1209 3843 pr.
1228 3775 1308 3840 (αοπ.
1326 3768 1399 3828 ἐκεί-

144 3866 221 3928 νους)
309 3865 340 3916 13
358 3857 390 3934 όλγ
407 3877 458 3932 pro
477 3863 506 3920 δέ
523 3861 554 3917 Μ
644 3861 679 3920 τὸ
697 3857 778 3931 ὐμῶν
796 3860 869 3917 UBT
963 3865 996 3916 14
1013 3853 1192 3933 ἅγνωμόνως
1208 3849 1239 3932 ᾖ·
1258 3856 1332 3914 ΠΒΤ

145 3939 235 4002 ὅσια.
254 3943 285 3999 Μ
388 3939 508 4004 α’πέλιπε
526 3947 601 4014 libri,
624 3962 694 4002 corr.
711 3947 812 4003 Βείελω
919 3951 948 4000 15
967 3941 1132 4020 ομικρίινΒ
1227 3949 1258 3999 16
1275 3941 1401 4014 μειόνων

142 4029 217 4086 ΠΒΤ
340 4035 369 4086 12
394 4028 484 4090 πολλὰ
507 4032 556 4087 ΒΤ
580 4029 672 4090 πολλὰ
697 4039 763 4091 mut.
787 4034 816 4088 in
840 4031 981 4090 πολλώῐλ
1069 4035 1100 4087 19
1120 4025 1208 4090 αὐτοῦ
1226 4030 1303 4096 libri,
1328 4045 1400 4086 corr.

143 4113 224 4184 Μιαρ.
328 4120 361 4171 20
378 4125 441 4184 τοῖς
457 4133 508 4172 om.
528 4117 557 4170 Μ
575 4135 610 4172 m.
628 4135 669 4188 pr.
774 4114 947 4190 οἷπολιφθείς
964 4116 994 4171 Μ
1097 4121 1128 4172 21
1155 4110 1234 4193 αὐτῷ
1252 4115 1331 4174 UMT

144 4204 178 4255 24
195 4203 264 4257 ιύτῶ
280 4199 311 4255 Μ
381 4195 548 4276 ὀργίζεσθαι
566 4203 595 4256 Μ
682 4209 713 4260 25
733 4206 953 4280 προβέβλησθαι
971 4205 1001 4259 Μ
1088 4199 1142 4263 τὸν
1159 4209 1251 4262 detra:
1270 4203 1351 4258 homo
1370 4207 1400 4256 ut

142 4285 249 4341 videtur
265 4289 334 4342 tunc
351 4287 448 4343 Dionis
466 4289 587 4344 aemulus
605 4293 633 4345 et
649 4289 774 4347 inimicus
856 4295 889 4346 28
908 4287 1006 4365 ίμοιγε
1024 4283 1095 4348 αὐτὸ
1113 4284 1168 4362 χρὴ
1186 4287 1254 4347 κατ’
1273 4285 1400 4359 ἐμαυτὸν

143 4371 174 4425 Μ
192 4367 290 4444 ἔμοιγε
307 4367 362 4446 χρὴ
379 4367 450 4431 κατ’
461 4371 588 4444 ἐμαυτὸν
600 4374 682 4442 ΜΒΤ,
701 4392 772 4432 corr.
785 4381 814 4431 et
825 4371 859 4434 τὰ
873 4377 934 4432 εδδ.
947 4375 1063 4433 Οειααο.
1117 4377 1151 4429 22
1164 4369 1268 4441 ὁποῖος
1280 4372 1330 4445 ἐμὲ
1342 4375 1365 4428 Τ

145 4456 303 4532 βούλεσθαι
322 4458 352 4512 Μ
403 4463 436 4516 30
454 4459 693 4535 παραβάλλοντες
705 4459 853 4520 τοσούτων
864 4464 972 4534 scripsi,
990 4453 1203 4535 παραβύλλοιτ’
1219 4458 1400 4520 ἐνοσούντων

144 4544 174 4598 Μ
191 4538 395 4618 παραβάλοιθ’
413 4541 479 4613 ἐνὸς
496 4543 607 4605 τούτων
624 4547 709 4614 UBT,
726 4544 965 4622 παραβάλλοντες
981 4545 1093 4606 τούτων
1110 4546 1238 4603 Βεὶελύιιε
