3466 5268
334 335 376 397 74
794 335 918 392 molus
937 335 1122 392 DEFENSIO

332 510 420 588 ὅλως
443 509 671 597 λυπηρότερος
693 510 719 573 ὦ
745 519 813 574 τῶν
842 509 968 574 ἐνθάδε
995 507 1123 596 μηδενί.
1169 511 1293 589 τὸμὲν
1319 505 1358 594 δή
1382 516 1442 594 τῆς
1463 505 1592 594 βουλῆς

337 615 424 676 ούτω
449 611 602 700 διῳκήθη
626 617 668 677 τά
690 605 721 696 γ’
747 611 833 677 ἄλλα
856 614 973 699 ὀρθῶς
988 611 1077 689 (ούτε
1091 613 1154 695 γὰρ
1172 607 1323 698 φαύλους
1339 611 1414 673 οότε
1431 605 1595 687 ἀναξίους

334 713 460 800 ἄνδρας
482 717 767 803 ἐχειροτονήσατε)
789 714 877 802 πλήν
900 719 953 779 ότι
975 718 1101 790 πάντες
1122 723 1182 800 τής
1205 712 1282 798 ἴσης
1304 714 1458 793 τυχόντες
1479 721 1593 798 τιμῆς,

333 819 447 880 καίτοι
477 815 616 895 δικαίως
649 823 867 902 τυγχάνοντες
899 820 956 881 καί
990 809 1037 882 δι’
1070 820 1208 894 αὐτούς,
1241 819 1333 896 ὅμως
1359 816 1521 897 καθάπερ
1559 816 1696 880 οίσιεω

333 923 517 1001 μυούμενοι
544 929 772 1004 μυσταγωγῶν
797 919 999 1007 ἐδεήθησαν.
1051 921 1115 1002 ἐγὼ
1147 916 1184 982 δὲ
1215 916 1291 982 ούδέ
1316 926 1435 1003 ψῆφον
1456 913 1628 1001 ήξίωσαό

336 1020 514 1104 διενεγκεῖν
542 1025 628 1108 ύπέρ
664 1021 799 1100 ούδενός
819 1027 939 1104 μόνος,
966 1025 1012 1110 μή
1036 1024 1147 1108 ῥοπήν
1169 1043 1245 1085 τινα
1269 1018 1351 1105 δοκῇ
1372 1022 1412 1082 τδ
1435 1025 1592 1082 τοιούτου

336 1129 497 1206 παρέχειν
519 1127 575 1187 καί
602 1127 789 1211 μαρτυρίαν
810 1129 867 1189 καί
888 1133 956 1189 τῶν
978 1122 1089 1187 ἄλλων
1110 1127 1200 1200 τινὲς
1224 1125 1411 1209 ὀκνήσωσιν
1434 1123 1511 1201 ἐμοί
1532 1121 1592 1183 τά·

285 1227 455 1290 1οναντία
483 1230 626 1313 γράφειν
654 1231 711 1291 καί
739 1229 1013 1314 ἀποφαίνεσθαι.
1067 1230 1102 1290 τί
1130 1226 1206 1303 οόν;
1234 1227 1294 1288 ἐπί
1325 1221 1385 1287 δύο
1415 1227 1541 1307 ήμέρας
1571 1224 1591 1308 ή

334 1335 426 1415 τρεῖς
447 1335 644 1414 γιγνομένης
665 1339 725 1416 τῆς
743 1331 956 1415 χειροτονίας
970 1327 1117 1416 ἐξῆλθον
1133 1321 1206 1391 οὐδ’
1232 1324 1371 1409 ἔμελλον
1387 1327 1594 1410 παρατυχὼν
1609 1338 1722 1389 (memb

334 1435 409 1507 τοῖς
430 1435 603 1515 γεγονόσιν
632 1429 752 1496 ούδένα
779 1435 866 1513 ἔχειν
891 1436 1064 1518 χρεώστην
1087 1430 1164 1495 ούδδ
1189 1433 1384 1515 συνωμότην
1414 1425 1490 1490 ούδὲ
1513 1429 1592 1508 ἐμοί
1615 1435 1644 1488 ln

333 1537 433 1618 χάριν
456 1531 638 1620 ὀφείλοντα
660 1537 944 1620 τοῦπράγματος.
982 1537 1061 1615 ύμῖν
1075 1536 1148 1616 γάρ,
1174 1533 1231 1595 ούκ
1245 1531 1390 1614 ἐμαυτῷ,
1412 1532 1492 1605 τούς
1514 1529 1595 1610 βου-

338 1633 456 1710 λευτάς
487 1627 674 1720 ᾐτησάμην.
725 1638 782 1700 καί
810 1639 923 1700 τοίνυν
952 1634 1152 1722 διοικήσεως
1181 1643 1238 1697 νόν
1267 1641 1404 1719 πρῶτον
1427 1633 1596 1716 ἀχθείσης

337 1734 448 1800 πολλοὶ
480 1739 545 1800 ύπό
575 1735 712 1801 πολλῶν
745 1737 960 1825 ήδικημένος,
990 1741 1106 1822 ὥσπερ
1137 1738 1226 1812 είκός
1255 1738 1329 1800 ἐστι
1357 1739 1416 1798 τόν
1445 1731 1594 1797 ἐλθόντα

337 1841 422 1921 μετά
445 1847 593 1902 τοσαῦτα
622 1842 678 1926 ἐτη
704 1850 826 1928 φυγῆς,
854 1845 911 1905 καί
940 1844 1027 1926 πρὸς
1057 1842 1168 1916 ένίους
1199 1836 1275 1902 ούδέ
1300 1836 1401 1901 δικῶν
1423 1857 1483 1917 μοι
1506 1833 1594 1914 δέον,

340 1938 425 2004 ἀλλά
446 1939 575 2022 μᾶλλον
603 1943 715 2007 εἰπεῖν
735 1947 792 2007 καί
812 1946 1010 2031 μνησθῆναι
1032 1943 1113 2029 περὶ
1134 1950 1201 2006 τῶν
1222 1943 1469 2020 κατεχομένων,
1499 1942 1590 2022 πρὸς
1612 1946 1640 1999 11

340 2041 459 2108 οὐδένα
476 2037 548 2107 οὔτ’
566 2047 741 2132 ἐμνήσθην
758 2048 833 2110 ούτε
850 2045 948 2131 λόγον
962 2050 1178 2133 ἐποιησάμην
1195 2040 1324 2119 οὐδένα,
1346 2045 1519 2104 τοσούτων
1533 2043 1597 2120 μέν

339 2148 389 2222 είς
410 2144 609 2232 ἐλευθερίαν
632 2150 872 2235 ἀφεστηκότων
895 2153 1050 2227 οίκετῶν,
1080 2151 1252 2212 τοσούτων
1276 2143 1312 2208 δὲ
1328 2146 1487 2230 ’χρήματα
1511 2142 1596 2205 ἀπε-

340 2249 558 2330 στερηκότων,
581 2249 752 2310 τοσούτων
776 2245 812 2311 δὲ
825 2251 933 2333 χωρία
948 2251 1166 2328 κατεχόντων,
1190 2249 1249 2311 ἅτε
1263 2245 1408 2332 μηδενός
1423 2247 1521 2319 όντος
1536 2251 1600 2306 τού
1612 2255 1687 2306 <m
1697 2254 1724 2308 11l

288 2351 325 2413 11
338 2344 559 2424 κωλύσοντος.
598 2353 636 2412 ού
651 2352 713 2432 γάρ
731 2347 770 2436 δή
789 2349 837 2433 τῷ
859 2354 920 2431 μὲν
941 2343 1101 2414 Ὀδυσσεῖ
1118 2355 1249 2435 πατέρα
1267 2349 1354 2413 οἴκοι
1369 2345 1596 2411 καταλιπόντι

337 2451 394 2512 καί
422 2456 561 2531 γυναῖκα
590 2453 724 2538 ἀγαθήν
746 2457 802 2517 καί
826 2452 947 2540 φίλους
976 2455 1095 2540 συνέβη
1118 2453 1424 2541 καταφρονηθῆναι
1452 2448 1509 2514 διά
1533 2453 1592 2535 τήν
1615 2457 1644 2508 11

339 2545 536 2632 ἀποδημίαν
566 2551 672 2626 ούτως
700 2547 824 2634 <ὥσ>τε
852 2555 912 2640 τήν
942 2555 1050 2616 οίκίαν
1080 2555 1184 2616 αύτοῦ
1209 2553 1463 2635 καταλαβόντας
1485 2554 1597 2628 ἐνίους

339 2650 525 2730 ἑστιᾶσθαι
545 2653 602 2714 καί
624 2656 737 2716 πίνειν
758 2646 843 2716 καθ’
868 2657 1011 2741 εκάστην
1026 2659 1085 2743 τήν
1100 2661 1226 2742 ήμέραν
1249 2660 1307 2721 τόν
1331 2656 1423 2719 οίνον
1439 2651 1596 2718 ἀντλοῦν-

339 2772 400 2826 τας
421 2755 478 2815 καί
498 2753 541 2815 τά
563 2755 761 2841 βοσκήματα
777 2757 1051 2836 ἀποκτιννύντας,
1073 2760 1130 2822 καί
1143 2757 1229 2844 μηδὲ
1252 2767 1312 2837 τῆς
1332 2760 1489 2841 γυναικός
1512 2759 1595 2818 ἀπέ-

337 2855 467 2933 χεσθαι
489 2851 723 2934 τελευτῶντας,
747 2851 823 2920 ἀλλ’
842 2861 989 2922 ἀκουσαν
1003 2855 1189 2942 βιάζεσθαι
1204 2853 1308 2948 Ιγήμαι
1322 2864 1379 2924 καί
1392 2856 1593 2924 καταλιπεῖν

339 2961 398 3020 τόν
420 2956 526 3043 ἄνδρα
547 2962 605 3022 καί
625 2963 685 3046 τήν
709 2963 826 3036 οίκίαν,
849 2965 907 3042 ἐμὲ
930 2961 966 3026 δὲ
991 2965 1048 3027 οὐκ
1068 2961 1108 3049 ήν
1132 2967 1221 3040 είκός
1235 2966 1304 3027 ύπό
1320 2960 1457 3026 πολλῶν
1480 2958 1592 3024 πολλὰ
1614 2966 1643 3016 lb

339 3068 481 3123 τοιαῦτα
510 3064 741 3141 πεπονθέναι,
778 3067 916 3128 πάντων
950 3067 1194 3147 ἀπεγνωκότων
1219 3087 1262 3147 με
1289 3068 1346 3129 καί
1372 3062 1516 3150 μηδενός
1544 3065 1596 3126 ἔτι

292 3164 330 3229 12
344 3163 575 3248 σωθήσεσθαι
591 3163 859 3249 προσδοκῶντος.
898 3164 983 3230 ἀλλά
1000 3170 1079 3253 περὶ
1093 3175 1198 3230 τούτο
1214 3172 1275 3248 μέν
1291 3167 1375 3244 ἴσως
1398 3169 1456 3247 ούχ
1478 3170 1597 3247 όμσιος

340 3269 472 3349 ἑτέροις
493 3271 622 3348 γέγονα,
648 3265 731 3348 λέγω
755 3266 791 3330 δὲ
815 3270 853 3330 ού
876 3278 943 3332 τῶν
966 3269 1111 3332 ίδιωτῶν
1133 3273 1248 3351 μόνον,
1272 3267 1357 3332 ἀλλὰ
1381 3267 1518 3332 πολλῶν
1540 3271 1597 3332 καλ

343 3364 547 3454 φιλοσόφων
561 3366 775 3450 καλουμένων
791 3378 1083 3456 σωφρονέστερος·
1107 3370 1262 3458 ἐλύπησα
1279 3369 1315 3435 δὲ
1338 3375 1373 3435 ἐν
1396 3377 1469 3448 τοῖς
1485 3373 1597 3454 ἔργοις

340 3474 399 3558 τήν
423 3468 533 3533 πόλιν.
579 3474 659 3558 περί
682 3470 717 3534 δὲ
740 3477 884 3551 τούτων,
914 3477 960 3550 ὡς
982 3477 1122 3558 ἐγένετο,
1147 3473 1310 3551 πολλάκις
1333 3475 1512 3558 ἀκηκόατε·
1542 3472 1599 3536 δεῖ
1615 3479 1645 3530 m

668 3635 796 3642 —ss—
1283 3637 1596 3644 —————-----

426 3743 443 3795 1
462 3731 555 3808 οὕτως
572 3740 596 3796 U
614 3731 691 3800 ούτω
710 3756 762 3796 om.
779 3740 808 3794 Μ
889 3737 925 3799 τά
943 3733 971 3797 δ’
989 3735 1061 3799 ἄλλα
1079 3741 1149 3805 libri.
1168 3736 1203 3798 τά
1221 3733 1251 3813 γ’
1268 3735 1341 3797 ἄλλα
1360 3739 1499 3810 impressu
1516 3754 1598 3810 prab-

340 3826 399 3882 fbro
416 3825 453 3886 τὰ
471 3827 525 3897 μὲν
542 3823 614 3886 ἀλλα
700 3829 717 3882 3
734 3823 958 3901 ἐχιροτονήσατε
975 3825 1006 3882 Μ
1099 3831 1149 3900 τῆς
1166 3823 1239 3900 lm:
1257 3825 1402 3896 paritatem
1419 3822 1530 3879 honoris
1548 3837 1599 3878 cur

341 3918 473 3968 memoret
489 3926 534 3969 mo
549 3911 619 3982 fugit
687 3905 826 3978 ίαύτούς
843 3910 892 3969 UT
961 3916 1111 3969 θεοιοῦτο
1128 3911 1178 3967 UB
1230 3909 1418 3983 9γενομένης
1436 3908 1508 3976 libri,
1525 3921 1598 3964 corr.

343 3996 443 4054 Reiske
528 3993 613 4070 ήρεο
631 4001 682 4070 τῆς
699 3996 729 4051 Μ
809 3989 907 4056 9ούό’
926 3993 1046 4068 ἔμελλον
1062 3997 1142 4066 Emp.
1162 3990 1228 4054 ούόὲ
1244 3999 1355 4066 μᾶλλον
1372 3995 1435 4050 libri
1504 4013 1600 4065 παρα·

343 4079 432 4156 τύχον
449 4083 479 4136 Μ
547 4086 579 4140 10
597 4077 673 4154 ἔχειν
689 4083 780 4152 Emp„
798 4077 872 4154 ἔχων
887 4083 952 4138 libri
1005 4086 1037 4137 11
1054 4075 1235 4155 ἤτισάμηνΤ
1299 4085 1332 4137 11
1349 4080 1415 4139 δέον
1431 4080 1524 4151 Μαιμ,
1541 4083 1601 4137 δεῖν

341 4169 405 4224 libri
476 4175 506 4225 ¹5
523 4172 635 4240 μᾶλλον
652 4168 724 4236 libri,
740 4163 834 4238 μόνον
851 4167 948 4237 ΡδαςΙε
1044 4173 1076 4223 16
1093 4172 1237 4226 τοσοῦτον
1254 4167 1279 4223 U
1296 4182 1332 4222 m.
1350 4181 1392 4236 pr.
1482 4171 1512 4219 11
1530 4186 1599 4237 χρη·

341 4253 443 4325 μάτων
461 4253 510 4311 ΠΤ
583 4259 614 4311 18
632 4247 667 4314 ού
685 4270 734 4326 pro
752 4257 805 4312 τοῦ
823 4255 853 4308 Μ
895 4247 938 4311 ’19
957 4245 1096 4328 ούόέγάρ
1114 4259 1176 4318 (om.
1195 4249 1280 4326 όὴΓΓ
1338 4249 1372 4310 τὸ
1391 4267 1441 4322 pro
1459 4255 1500 4328 τῷ
1518 4250 1548 4305 Μ

344 4344 373 4395 11
395 4331 489 4406 οὕτως
506 4329 581 4397 δι’στε
598 4339 706 4408 Mulio,
725 4331 818 4408 ούτως
835 4359 867 4398 τε
882 4337 946 4396 libri
1006 4337 1219 4406 καταλιπόντας
1236 4338 1267 4393 Μ
1283 4332 1498 4402 καταλιπόντος
1516 4333 1600 4403 UBT,

343 4442 412 4482 corr.
433 4427 511 4496 Emp.
580 4427 613 4480 11
631 4420 683 4497 τὴν
699 4441 751 4480 om.
767 4425 798 4482 Μ
868 4419 1172 4492 11άποκτινύνταςΤ
1242 4427 1274 4478 16
1291 4423 1424 4496 μήόοςΜ
1494 4426 1527 4478 18
1545 4423 1599 4491 μό·

343 4531 402 4570 νων
419 4513 448 4567 Μ
519 4515 551 4568 30
568 4507 601 4580 δὴ
619 4525 669 4581 pro
688 4515 732 4569 όεῑ
748 4511 777 4564 bl
