3466 5268
639 358 774 416 ORATIO
791 358 875 416 m.
1349 361 1388 422 ⁷3

131 536 210 607 τῶν,
233 532 280 606 ὡς
300 527 464 614 μειζόνων
486 534 506 618 η
529 524 614 596 καθ’
641 535 742 620 αὐτὴν
764 537 945 622 ἐφιεμένης
966 537 1023 598 καί
1038 532 1268 622 διαφερούσης
1292 534 1389 601 ούδέν

132 633 217 696 κατά
245 636 305 720 τήν
334 635 531 720 ἀφροσύνην
559 643 626 700 τῶν
656 634 792 700 παίδων
814 645 881 700 τῶν
902 633 1081 718 βασιλέων.
1131 640 1187 703 καί
1209 646 1313 702 ταύτα
1338 637 1388 703 λέ-

133 755 248 818 χοντες
271 738 329 800 ούιι
350 729 534 820 ᾐσχύνοντο
559 735 776 824 διασύροντες
798 742 858 825 την
881 742 991 803 αὐτῶν
1013 737 1163 825 πατρίδα
1186 743 1242 804 καί
1263 742 1386 805 καθαι·

24 845 270 919 (τηροῦντες
295 839 331 901 ἐν
353 843 427 916 τοῖς
454 837 567 921 λόχοις
591 842 712 916 αύτούς
734 843 894 926 ἀνοήτως.
939 841 1007 906 εἴτε
1028 844 1091 925 χάρ
1116 843 1184 906 είσι
1204 850 1272 905 τῶν
1296 863 1388 927 πρω-

7 919 110 1016 Ἧ,Βύ
134 935 299 1004 τενόντων
321 942 356 1004 ἐν
380 942 464 1028 αὐτῇ
486 944 505 1028 ἡ
529 947 737 1024 τιμωμένων,
760 945 882 1020 αύτούς
897 945 1125 1028 καθαιροῦσιν
1140 944 1310 1020 ἀσθενούς
1331 947 1389 1008 καί

132 1038 255 1120 ἀδόξου
287 1040 421 1118 πόλεως
451 1047 717 1130 προεστηκότες·
754 1044 822 1110 εἴτε
850 1052 918 1110 τῶν
948 1047 1208 1130 ἀπερριμμένων
1235 1049 1303 1110 είσί
1331 1049 1389 1110 καί

131 1149 199 1206 τῶν
214 1146 375 1218 ὑστάτων,
391 1146 443 1208 ἐτι
453 1141 557 1226 μείζω
568 1149 626 1212 καί
634 1144 876 1233 χαλεπωτέραν
888 1156 1029 1212 ποιοῦσι
1040 1151 1100 1235 την
1111 1150 1251 1229 ἀτιμίαν
1263 1151 1387 1226 αύτούς,

132 1246 163 1307 εί
174 1254 233 1330 τῆς
245 1248 388 1333 ἐσχάτης
400 1245 534 1323 πόλεως
549 1250 688 1329 ἐσχατοι
702 1252 920 1332 τυγχάνουσιν
936 1253 1038 1327 ύντες.
1141 1253 1196 1314 ίνα
1212 1249 1247 1314 δέ
1263 1254 1307 1338 μη
1326 1248 1383 1315 διά
1407 1255 1426 1316 7

131 1349 211 1424 τούς
238 1350 476 1429 ἐμπίπτοντας
506 1347 625 1434 λόγους
652 1359 715 1414 τού
742 1353 975 1435 προτεθέντος
1008 1354 1221 1438 ἐκκρουσθῶ,
1257 1356 1386 1417 τούτων

84 1460 113 1512 10
133 1452 229 1526 ύπιος
257 1447 385 1536 δήποτε
413 1450 615 1539 ληφθέντων
637 1457 694 1518 καί
714 1455 950 1536 κομισθέντων
972 1457 1138 1533 ἐνταῦθα,
1168 1460 1327 1519 σκοπεῖτε
1356 1454 1392 1518 εἴ

131 1573 178 1635 τῳ
200 1553 306 1637 βαρύς
327 1559 445 1637 χέχονα
468 1561 536 1618 τῶν
560 1553 710 1620 πολιτῶν
731 1558 752 1642 ἢ
774 1549 850 1620 κατ’
883 1555 975 1622 ἐδίαν
1004 1560 1090 1643 ύπέρ
1113 1560 1262 1639 ἐμαυτοῦ
1283 1556 1387 1641 λέγων

129 1656 149 1740 ἢ
179 1663 275 1740 κοινῇ
298 1661 482 1742 προφέρων
504 1659 561 1721 καί
583 1653 755 1736 ὀνειδίζων
774 1660 958 1746 χάριταςη
987 1662 1191 1744 προαγαγών
1220 1681 1317 1736 τινας
1340 1659 1386 1723 ῶν

129 1754 331 1844 ἐβουλόμην·
359 1760 378 1845 ἢ
409 1761 604 1824 τούναντίον
634 1762 693 1824 ούκ
720 1758 860 1826 ἐλαττον
889 1766 1007 1826 έκατύν
1036 1759 1224 1844 βουλευτῶν
1246 1759 1386 1826 καταλε-

129 1863 253 1941 γέντων
276 1863 386 1946 έτεροι
400 1865 462 1942 μὲν
477 1864 654 1949 εέσήχαχον
671 1861 792 1950 φίλους
815 1865 925 1927 αὐτῶν
946 1867 1003 1930 καί
1019 1867 1275 1950 παρεσκεύασαν
1291 1867 1387 1940 ὅπως

80 1969 108 2020 lb
131 1957 245 2040 ἐξουσι
274 1966 353 2040 τούς
381 1961 707 2047 συναγωνιζομένους
727 1968 784 2030 καί
810 1968 1027 2053 βοηθοῦντος
1056 1967 1109 2042 οίς
1130 1969 1171 2030 ἀν
1195 1986 1280 2030 ποτε
1306 1967 1386 2029 ἐθέ-

132 2060 252 2128 λωσιν·
276 2067 340 2148 ἐμὼ
366 2063 402 2130 δὲ
427 2058 499 2130 οὔτ’
525 2071 674 2154 ἐποίησα
697 2077 853 2133 τοιοῦτον
869 2066 965 2132 ούδέν
982 2069 1058 2132 ούτε
1081 2065 1259 2154 διελέχθην
1274 2077 1386 2131 τοιοῦ-

129 2185 204 2244 τον,
235 2168 281 2244 ὡς
303 2171 380 2249 ἐμοί
401 2164 545 2250 (μᾶλλον
568 2168 627 2250 ἀν)
655 2171 919 2252 προσθεμένων,
950 2173 981 2235 εί
1009 2169 1215 2255 ἐβουλόμην,
1244 2172 1263 2256 ἢ
1294 2167 1385 2252 ἀλλῳ

129 2270 207 2332 τινί.
251 2267 400 2350 μάλιστα
422 2275 484 2352 μέν
505 2274 568 2358 γάρ
591 2270 705 2359 ἠξίουν
726 2270 811 2357 μηδὲ
835 2276 948 2358 ἕτερον
970 2270 1098 2358 μηδένα
1119 2280 1275 2335 τοιοῦτον
1297 2273 1382 2348 ἐθος
1406 2278 1425 2342 8

131 2372 279 2454 είσάχειν
300 2371 385 2459 μηδέ
400 2366 486 2438 καθ’
512 2377 682 2460 έταιριίας
697 2372 946 2440 πολιτεύεσθαι
960 2367 1043 2462 μηδ’
1069 2377 1119 2450 είς
1132 2379 1217 2461 μέρη
1235 2372 1387 2438 διασπᾶν

77 2487 108 2538 κ]
130 2476 190 2560 την
213 2473 331 2540 πόλιν·
376 2479 408 2541 εί
432 2469 464 2541 δ’
492 2477 565 2556 οὖν,
595 2479 697 2554 αύτδς
724 2479 921 2559 ἀπέχεσθαι
947 2485 1015 2541 τῶν
1043 2480 1208 2541 τοιούτων
1237 2479 1387 2564 άμαρτη-

129 2579 256 2656 μάτων,
279 2581 310 2643 εί
332 2582 389 2646 καί
410 2583 549 2645 πάντων
571 2578 711 2645 έλαττσν
733 2583 860 2662 ίσχύειν
875 2579 1015 2662 ἔμελλον
1028 2583 1086 2646 καί
1106 2578 1250 2667 μηδενὸς
1273 2578 1386 2660 ἀξιού-

132 2683 220 2746 σθαι
243 2681 351 2766 λόγου.
402 2686 437 2747 τί
466 2683 524 2746 ούν
546 2687 695 2770 ἥμαρτον
717 2685 753 2746 ἐν
774 2687 910 2762 τούτοις
930 2688 987 2748 καί
1008 2686 1043 2747 τί
1065 2682 1285 2771 παρελείφθη
1307 2705 1368 2765 μοι
1375 2707 1388 2763 ,·

132 2783 263 2862 δίκαιός
286 2788 355 2868 είμι
380 2788 468 2871 πρδς
490 2789 576 2868 ὑμᾶς
599 2784 776 2870 ύμολοχεῖν
799 2790 852 2850 ύτι
873 2787 958 2872 μήτε
980 2787 1082 2864 αύτδς
1096 2783 1201 2872 μηδὲν
1217 2789 1386 2871 ἔπραττον

131 2885 248 2952 ἀδικον
270 2892 327 2953 καὶ
349 2891 548 2974 παράνομον
571 2891 655 2974 μήτε
676 2891 756 2966 τούς
778 2885 901 2965 ἀλλους
923 2887 1078 2968 ἐκώλυον,
1101 2886 1177 2968 ἐξδν
1192 2892 1242 2953 ένί
1260 2892 1387 2975 ῥήματι

8 2971 112 3074 ἪἋ
135 2988 284 3054 κωλῦσαι
319 2994 375 3056 καί
409 2995 622 3056 καταστάντα
661 2985 738 3076 [καί]
774 2999 922 3077 μηνύσοι
958 2994 998 3054 τύ
1035 2995 1229 3075 μιγνύμενον
1263 2992 1387 3073 καίπερ

132 3095 261 3160 είδύσιν
283 3099 361 3178 ύμῖν
383 3098 439 3160 καί
461 3101 534 3171 τοῖς
555 3098 724 3182 ηχεμύσιν.
763 3095 795 3157 εέ
810 3092 846 3157 δέ
868 3097 952 3181 μητε
973 3097 1069 3176 ὑμεῖς
1092 3094 1289 3180 προσείχετε
1303 3095 1388 3179 μήτε

132 3207 199 3264 τῶν
220 3202 392 3287 ηχεμύνων
413 3201 453 3262 τδ
477 3205 613 3284 πράχμα
634 3199 779 3282 ἥπτετο,
809 3198 847 3259 ού
873 3194 1023 3278 χαλεπὸν
1052 3193 1092 3282 ἦν
1120 3194 1315 3260 ἐπιστεῖλαι
1337 3195 1388 3280 τρῖ

131 3305 361 3387 αύτοκράτορι.
413 3307 513 3364 τοῦτο
543 3299 600 3363 οδν
627 3296 667 3384 ἦν
695 3302 734 3362 τύ
758 3307 907 3386 ποιῆσαν
936 3301 994 3381 ἐμέ
1024 3303 1082 3386 την
1110 3301 1251 3388 ησυχίαν
1279 3301 1381 3381 ἀχειν,
1405 3303 1425 3367 9

133 3407 187 3470 ἱνα
216 3408 260 3490 με)
291 3401 378 3468 δοκῶ
407 3408 603 3488 κατηγορεῖν
631 3423 733 3465 τινων
761 3398 847 3486 μηδέ
876 3399 1071 3483 διαβάλλειν
1093 3404 1153 3488 την
1176 3399 1279 3465 πόλιν
1300 3392 1384 3486 μηδ’

1214 3577 1385 3586 ---.--

217 3696 233 3745 2
251 3690 437 3746 scribendum:
455 3693 515 3747 τῶν
532 3689 645 3746 παίδων
660 3691 720 3746 τῶν
736 3684 936 3757 (παιζόντων)
951 3686 1088 3759 βασιλέας
1105 3686 1141 3741 σέ.
1160 3703 1198 3743 or.
1215 3686 1282 3756 1η
1295 3691 1329 3741 47

131 3769 264 3835 3αύταῑν
281 3775 329 3831 UT
444 3769 585 3840 λαύτούς
601 3771 712 3842 τειίριέ,
735 3761 828 3838 οὕτως
842 3771 906 3828 libri
1016 3771 1070 3830 είσι
1092 3771 1205 3840 Roma,
1228 3769 1275 3830 ἐπί
1296 3770 1386 3840 ΜῠΤ,

9 3869 11 3940 ξ
129 3862 227 3918 οω.Β
296 3853 435 3928 ύαύτούς
450 3859 533 3918 um*
601 3854 873 3932 ύάπεββειμμένωυ
889 3856 920 3913 Μ
937 3849 1179 3931 άπερριμένωνῦ
1253 3852 1387 3926 ’ίαύτοτς

129 3948 206 4004 Um.
225 3961 290 4015 σεο,
308 3939 407 4014 αύτοῐς
423 3961 458 4001 m.
476 3961 518 4016 pr.
537 3951 565 4002 et
583 3945 667 4000 ceteri
737 3949 768 4001 10
787 3941 963 4016 λειφθέντων
980 3942 1053 3999 UBT
1121 3944 1170 4000 καί
1185 3943 1387 4012 κομισθέντων

128 4033 184 4090 hue
199 4036 337 4103 λιττεραε.
353 4031 443 4102 Ειιιρ,
461 4035 524 4102 post
542 4039 678 4088 σκοπεῖτε
695 4029 798 4086 Μυσοί
814 4030 877 4087 libri
963 4033 994 4084 13
1013 4021 1067 4086 ούκ
1084 4022 1206 4087 ἔλαττον
1223 4023 1330 4088 ἑκατὸν
1345 4030 1385 4084 ita

127 4125 267 4188 ιηιιιροε.
284 4117 393 4185 Βάττε,
411 4113 533 4175 ἔλαττον
551 4107 603 4187 ούχ
621 4112 727 4173 έκατὸν
743 4113 822 4170 ΒΗΤ
839 4113 968 4172 ἐλαττοῦν
985 4107 1038 4186 ούχ
1056 4108 1163 4172 ἑκατὸν
1179 4114 1204 4170 U
1289 4118 1319 4169 14
1336 4107 1385 4172 αύ-

128 4208 189 4262 τοῖν
205 4204 270 4260 libri
341 4210 371 4260 15
390 4199 458 4270 τοὺς
474 4218 527 4260 οτι.
545 4200 594 4257 UT
680 4205 711 4256 17
729 4204 842 4270 μᾶλλον
858 4200 977 4257 addebat
994 4199 1104 4270 Reiske,
1122 4193 1159 4258 ἀν
1175 4201 1250 4271 (pont
1267 4204 1386 4271 προσύ.)

129 4284 273 4355 Pflugkiun
364 4289 394 4341 19
411 4283 482 4357 μήτε
499 4275 571 4341 καθ’
589 4278 717 4354 ἐταιρίας
734 4281 765 4338 Μ
859 4281 933 4355 μέρη
951 4289 978 4354 ίη
995 4296 1012 4337 ι
1029 4282 1153 4350 εοπ.)λ]
1240 4289 1272 4340 23
1289 4285 1384 4340 immo:

131 4367 241 4438 δίκαιός
259 4371 315 4440 είμι
333 4368 410 4445 πρὸς
426 4364 505 4438 ύμῶν
524 4360 732 4439 ύμολοχεῖσύαι
834 4371 868 4423 25
885 4363 1070 4426 καταστάντα
1100 4373 1221 4441 μηνῦσαι
1238 4369 1386 4440 wyttmb„

129 4455 332 4523 καταστάντας
348 4459 398 4513 καί
413 4459 536 4528 μηνῦσαι
551 4451 614 4508 ἐΐοτί
697 4454 802 4527 καίπερ
818 4453 925 4524 scripsi,
942 4456 991 4512 καί
1008 4446 1082 4529 παρ’
1099 4454 1163 4512 libri
1237 4459 1269 4512 28
1287 4458 1386 4529 προεί·

129 4561 197 4613 χετε
216 4541 319 4598 ΠΒΜΤ
390 4544 421 4595 27
441 4532 532 4614 ἥπετο
550 4538 581 4593 Μ
648 4534 805 4597 ἐπιστεῖλαι
822 4537 931 4606 Roiske,
947 4539 1109 4600 ἐπιτελέσαι
1126 4541 1189 4597 libri
