3466 5268
629 356 767 414 ORATIO
784 357 857 415 xm.
1338 365 1379 424 59

6 547 60 598 {500
74 529 255 616 υνδωρεάν
277 537 405 613 μετέχω
428 540 488 618 τής
510 529 653 608 πόλεως.
710 525 785 596 ἀλλ’
816 537 893 597 ὅσοι
920 538 981 615 μὲν
1004 525 1102 600 αὐτοὶ
1125 536 1267 602 πολῖται
1288 543 1380 624 μεγά-

124 651 223 712 νασι,
246 637 380 709 τούτοις
401 636 506 713 μόνον
528 635 672 719 ὑπάρχει
697 633 949 722 φιλάνθρωπον
971 640 1009 700 τύ
1033 647 1092 725 τῆς
1115 637 1257 725 δωρεαῖς,
1280 644 1319 704 τὸ
1344 639 1379 705 δὲ

123 744 184 822 τῆς
208 738 342 822 φύσεως
357 737 538 818 ἀναγκαῖον
555 739 593 798 οὑ
611 740 805 820 πρόσεστιν.
843 741 919 818 ἐμοὶ
936 736 971 802 δέ
988 742 1191 826 ἀμφοτέρων
1206 748 1379 824 μέτεστιν·

125 841 144 900 ὑ
166 840 311 925 μὲνγὰρ
342 841 490 915 πάππος
519 840 538 900 δ
565 841 647 919 έμὺς
673 842 759 921 μετά
788 849 848 928 τῆς
868 845 996 928 μητρδς
1018 852 1077 929 της
1098 847 1181 932 έμής
1203 847 1297 930 παρά
1319 855 1382 909 τού
1402 850 1422 913 6

89 955 105 1002 5
127 944 204 1004 τότε
228 943 473 1026 αύτοκράτορος
496 939 597 1027 φίλου
622 944 719 1019 ὄντος
748 946 817 1024 ἅμα
847 953 906 1030 τῆς
924 933 1097 1026 Ῥωμαίων
1126 945 1303 1024 πολιτείας
1324 952 1381 1011 καί

124 1051 184 1129 τῆς
212 1045 375 1128 ὑμετέρας
403 1045 531 1124 ἔτυχεν,
563 1041 640 1107 ύδὲ
670 1048 782 1132 πατήρ
812 1039 897 1130 παρ’
929 1049 1037 1127 ὑμῶν·
1068 1050 1155 1112 ὥστε
1184 1051 1240 1112 καὶ
1265 1052 1381 1134 χάριτι

124 1147 181 1208 καί
202 1151 290 1228 μένει
313 1143 457 1231 πολίτης
478 1145 637 1231 ὑμέτερός
660 1150 739 1228 εἰμι.
785 1149 823 1209 τά
846 1148 909 1232 γάρ
933 1149 1100 1235 ἀπωτέρω
1118 1148 1212 1214 δυοῖν
1226 1151 1380 1232 βαθμοῖν

125 1243 235 1332 ζητεῖν
257 1250 295 1310 τδ
317 1254 413 1331 γένος
435 1246 591 1330 οὐδαμῶς
613 1251 771 1325 ἐπιεικές.
810 1248 919 1326 οὐδεὶς
933 1252 996 1335 γάρ
1021 1253 1108 1314 ούτω
1131 1256 1170 1315 τό
1192 1273 1229 1335 γε
1251 1250 1381 1339 ἀληθὲς

125 1347 162 1428 ἐξ
184 1348 341 1432 οὐδεμιᾶς
362 1352 585 1438 εὑρεθήσεται
615 1349 757 1428 πόλεως.
808 1355 865 1416 καί
891 1356 956 1440 μήν
984 1361 1052 1416 τῶν
1074 1374 1110 1436 χε
1140 1357 1229 1436 ἐμῶν
1257 1361 1380 1420 τέκνων

78 1465 107 1518 lo
128 1450 189 1539 ήδε
213 1455 339 1536 πατρίς
368 1455 442 1516 ἐστι
469 1451 603 1534 μᾶλλον.
661 1457 700 1517 τδ
728 1457 789 1537 μὲν
820 1456 878 1519 οὑν
907 1459 1088 1539 ἀναγκαῖον
1118 1456 1382 1522 συνακολουθεῖν

6 1571 114 1622 mm
129 1556 170 1617 τά
194 1559 290 1618 τέκνα
313 1551 362 1636 τῴ
386 1556 507 1640 πατρί·
542 1552 629 1617 πολύ
654 1552 690 1618 δὲ
713 1553 810 1641 ήδιον
832 1559 891 1620 τδν
914 1563 1045 1642 πατέρα
1068 1565 1141 1635 τοῖς
1164 1561 1267 1624 παισί
1289 1566 1381 1624 συνέ-

126 1658 270 1720 πεσθαι.

213 1756 269 1822 διά
297 1761 358 1839 μὲν
382 1756 419 1845 δή
451 1767 555 1821 ταῦτα
578 1759 693 1835 εύνους
715 1762 761 1822 ὢν
784 1763 861 1841 ὑμῖν
889 1765 1038 1844 τυγχάνω
1060 1766 1117 1827 καί
1139 1762 1281 1829 πολίτου
1306 1763 1377 1828 διά·
1402 1769 1421 1832 7

126 1863 229 1926 θεσιν
258 1863 339 1942 ἔχω·
367 1864 424 1925 καὶ
452 1869 607 1948 φανερῶς
637 1859 672 1925 δὲ
703 1859 868 1948 έδήλωσα.
921 1873 981 1950 τῆς
1008 1866 1070 1949 γάρ
1100 1864 1293 1952 φιλονικίας
1314 1870 1382 1929 ένε·

79 1977 107 2029 15
131 1967 264 2050 οτώσης
281 1969 357 2041 ταῖς
372 1961 505 2040 πόλεσι,
527 1967 657 2052 καὶτῆς
680 1963 847 2047 πατρίδος
871 1964 1005 2052 σφόδρα
1022 1970 1084 2048 μὲν
1101 1966 1302 2053 αἰδουμένης
1324 1971 1382 2050 ἐμὲ

126 2070 251 2130 ἀκοντα
274 2065 461 2154 ἐνοχλῆσαι,
486 2065 620 2154 σφόδρα
645 2065 681 2130 δὲ
704 2069 945 2154 ἐπιθυμούσης
967 2066 1148 2151 ἀναλαβεῖν
1170 2071 1209 2132 τὸ
1233 2077 1382 2152 πράημα,

127 2167 292 2246 πολλάκις
314 2168 362 2252 τῷ
377 2177 477 2250 τιμᾶν
493 2167 768 2254 προκαλουμένης
784 2161 843 2249 οὑχ
859 2172 1034 2255 ὑπήκουσα
1051 2173 1139 2254 πρὸς
1155 2178 1253 2233 τούτο
1268 2172 1382 2249 μόνον,

128 2267 224 2333 οὐδὲν
253 2272 293 2333 ἀν
317 2273 460 2356 ὀκνήσας
481 2273 609 2357 έκείνης
632 2275 738 2335 ἕνεκεν
762 2280 926 2357 ποιήσαι,
955 2270 1099 2358 μηδενὸς
1122 2270 1264 2335 ἔλαττον
1286 2274 1384 2352 τυχδν

129 2371 259 2458 πρᾶξαι
282 2371 474 2454 δυνάμενος,
496 2377 553 2437 καί
576 2372 686 2460 φίλων
708 2395 769 2455 μοι
793 2376 898 2436 άντων
922 2375 997 2436 ούτε
1021 2372 1143 2457 ὀλίγων
1165 2375 1242 2438 ούτε
1264 2370 1384 2436 ἀδυνά-

80 2486 111 2536 20
132 2496 210 2553 των,
236 2477 290 2539 ίνα
305 2473 410 2562 μηδὲν
432 2478 629 2562 ἐπίφθονον
653 2477 740 2540 εἴπω
762 2473 848 2562 μηδὲ
872 2473 1051 2562 δλυπήσει
1065 2481 1170 2556 τινάς,
1193 2479 1245 2540 ἔτι
1268 2474 1304 2539 δὲ
1328 2477 1385 2539 οὑκ

130 2581 235 2641 ὀκνῶν
262 2581 322 2665 τήν
345 2577 439 2657 ὀδόν,
471 2582 574 2643 ύπότε
604 2577 661 2643 δεῖ
683 2601 724 2662 με
752 2582 808 2643 καί
837 2576 948 2655 άλλως
978 2582 1127 2643 ἀπιέναι.
1172 2583 1301 2642 τούτων
1324 2579 1424 2645 οὑν8

129 2683 349 2766 ὑπαρχόντων
371 2683 568 2766 ἀπεσχόμην
595 2689 657 2745 του·
678 2684 894 2765 πράγματος,
925 2683 983 2744 ούκ
1012 2683 1158 2758 έκείνους
1188 2679 1383 2766 προδιδούς,

130 2774 206 2847 ἀλλ’
232 2781 432 2864 αἰδούμενος
452 2786 539 2864 ὑμᾶς
560 2787 616 2848 καὶ
632 2780 776 2865 νομίζων
789 2787 1043 2870 χρησιμώτερος
1058 2785 1205 2848 έοεσθαι
1218 2785 1385 2860 κάκείνοις

129 2889 185 2950 καί
207 2887 302 2967 ὑμῖν,
331 2880 388 2949 ἐάν
418 2884 569 2966 δύνωμαι
599 2884 703 2972 φίλας
732 2895 878 2972 ποιήσαι
909 2887 970 2962 τάς
999 2884 1117 2962 πόλεις
1146 2893 1214 2949 τῶν
1241 2907 1277 2948 τε
1301 2889 1384 2970 πρό-

70 3001 101 3052 25
125 3009 224 3072 τερον
252 2984 449 3075 ζητημάτων
478 2986 678 3066 ἀπαλλάξας
705 2991 762 3052 καὶ
792 2992 830 3052 τύ
855 2987 977 3052 λοιπὸν
1000 2989 1049 3063 είς
1072 2989 1205 3052 εὑνοιαν
1227 2990 1283 3051 καί
1305 2989 1384 3068 ὑμά-

128 3112 225 3156 νοιαν
261 3094 552 3175 προτρεψάμενος.
623 3100 722 3154 τοῦτο
759 3093 821 3176 γάρ
856 3093 1018 3154 ἁπάντων
1051 3089 1228 3173 βέλτιστόν
1261 3111 1297 3153 τε
1329 3092 1386 3153 καὶ

129 3198 270 3278 ἀριστον
293 3195 331 3257 ού
353 3197 457 3275 μόνον
480 3199 554 3270 τοῖς
577 3193 667 3270 ἴσοις
691 3196 778 3279 πρὸς
801 3191 975 3280 ἀλλήλους,
999 3190 1084 3256 ἀλλά
1106 3196 1163 3257 καί
1184 3199 1257 3268 τοῖς
1278 3195 1385 3277 κρείτ·

127 3314 207 3360 τοσι
236 3298 323 3378 πρὸς
350 3299 430 3373 τούς
459 3294 734 3382 ὑποδεεστέρους.
785 3299 974 3376 ἐπίσταμαι
1001 3299 1063 3376 μέν
1086 3297 1144 3359 οὑν
1167 3298 1214 3372 ὡς
1232 3292 1383 3375 χαλεπόν
1406 3295 1425 3359 9

128 3403 221 3462 ἐστιν
245 3400 442 3483 ἀνθρώπων
463 3396 588 3476 ἐξελεῖν
611 3400 691 3482 ἔριν,
713 3400 889 3461 καὶταῦτα
906 3401 941 3461 έν
958 3395 1092 3461 πλείονι
1112 3401 1219 3483 χρόνῳ
1236 3398 1386 3482 τεθραμ-

80 3511 111 3562 οο
131 3507 244 3587 μένην,
269 3503 384 3586 ὥσπερ
408 3505 538 3587 νόσημα
562 3504 597 3564 ἐκ
620 3497 751 3564 πολλοῦ
766 3503 985 3586 συμπεφυκὸς
1000 3501 1038 3561 οὑ
1054 3497 1175 3584 ῥᾴδιον
1191 3496 1387 3576 ἀπαλλάξαι

6 3603 71 3707 Βῗωῑή
85 3601 194 3704 ξήήτού
216 3607 384 3685 σώματος,
408 3601 520 3679 άλλως
541 3625 577 3667 τε
600 3603 705 3678 εἴτις
727 3598 847 3665 ἐθέλοι
870 3599 1049 3677 ἀνωδύνως
1065 3602 1198 3665 ίοῖσθαι.
1236 3605 1327 3682 ύμως
1350 3598 1385 3663 δὲ

130 3709 283 3770 πιστεύω
306 3705 354 3790 τῷ
378 3715 438 3794 τής
461 3703 594 3782 πόλεως
616 3707 713 3791 ήθει,
744 3699 888 3784 νομίζων
912 3704 950 3765 ού
976 3701 1116 3789 σκληρὸν
1140 3700 1216 3766 οὑδὲ
1240 3703 1385 3782 ἀμαθές,

129 3807 215 3872 ἀλλά
246 3808 295 3892 τῷ
318 3812 387 3872 ύντι
411 3812 548 3896 γνήσιον
571 3811 705 3872 ἐκείνων
728 3814 796 3870 τῶν
820 3802 952 3890 ἀνδρῶν
973 3807 1030 3868 καλ
1051 3813 1111 3890 τής
1131 3805 1301 3889 μακαρίας
1324 3808 1387 3866 πύ-

219 4089 368 4150 λάλλάΰ
455 4093 620 4158 ὑπολιτίας
637 4092 668 4147 Μ
755 4083 1009 4162 ῖάτοπωτέρωΒ
1102 4095 1230 4163 βασμοῖν
1246 4087 1320 4144 UBT

134 4184 164 4233 10
182 4173 198 4250 ἦ
217 4177 247 4236 δὲ
265 4176 289 4234 U
378 4182 408 4233 17
427 4172 462 4234 τὸ
481 4182 566 4246 τιμᾶν
583 4177 656 4232 UBT
743 4177 996 4251 προσκαλουμένης
1012 4173 1086 4231 UBT
1173 4167 1226 4232 οὑκ
1242 4165 1387 4246 ἐπήκουσα

130 4263 202 4330 libri,
220 4279 288 4322 corr.
308 4263 416 4319 Geelius
488 4267 518 4318 18
538 4255 642 4320 ούδὲΒ
712 4259 833 4322 ένοκεΤ
903 4259 1389 4330 210'xvaJBMUm.pr.(vnupra

130 4350 179 4404 lin.
198 4355 278 4414 corr.)
348 4343 439 4407 ὁπότ’
458 4343 513 4406 ἔδει
532 4347 650 4415 (helius,
669 4338 739 4405 ὑποι
756 4343 812 4406 λύει
829 4347 957 4405 Βείυίύαε
1017 4351 1049 4402 22
1067 4345 1180 4413 ἐκίνυυς
1197 4345 1223 4402 U
1240 4360 1276 4399 m.
1295 4358 1337 4414 pr.

132 4439 165 4490 24
184 4437 244 4492 τοῖν
261 4434 291 4494 δὲ
308 4433 358 4491 UT
436 4434 589 4510 προτέρων
606 4433 680 4490 UBT
767 4438 799 4489 25
818 4433 987 4507 ζητημάτων
1003 4433 1066 4489 libri
1084 4427 1261 4506 ζηλωμάτων
1278 4429 1387 4487 (helius

131 4517 318 4595 ἐγκλημάτων
335 4521 415 4592 Emp.
486 4524 519 4576 29
537 4516 614 4592 ἔρειν
629 4518 659 4574 Μ
729 4523 759 4576 31
779 4521 861 4576 θέλοι
880 4519 928 4576 UT
