3466 5268
335 363 375 423 46
750 363 875 420 DIONIS
892 363 944 419 DE
962 362 1173 420 CONCORDIA

334 546 460 616 νοῦσιν,
484 532 555 602 ἅδ’
576 543 617 602 άν
632 541 674 602 ἂν
695 543 740 626 μὴ
764 539 948 616 πείθωσιν,
971 539 1125 619 εὔχονται
1146 543 1220 614 τοῖς
1241 539 1340 616 θεοῖς
1362 541 1448 624 ὑπὲρ
1471 539 1593 602 αὐτῶν.

335 640 474 722 εὔχομαι
498 638 536 727 δὴ
560 640 607 725 τῷ
630 662 666 704 τε
688 642 845 723 Διονύσῳ
870 639 917 723 τῷ
941 644 1139 726 προπάτορι
1161 637 1263 726 τῆσδε
1292 649 1351 728 τῆς
1382 637 1515 716 πόλεως
1536 642 1595 704 καί

330 733 491 828 Ἡρακλεῖ
506 741 555 826 τῷ
577 746 731 808 κτίσαντι
753 740 851 829 τήνδε
873 739 933 828 τὴν
956 742 1057 807 πόλιν
1078 746 1134 806 καί
1156 745 1217 806 Διί
1238 740 1367 806 Πολιεῖ
1383 745 1440 806 καί
1457 732 1592 828 Ἀθηνᾷ

332 847 387 908 καί
411 839 596 932 Ἀφροδίτῃ
621 845 726 930 Φιλίᾳ
755 849 812 909 καί
836 835 996 930 Ὁμονοίᾳ
1023 849 1080 910 καί
1106 849 1255 926 Νεμέσει
1288 847 1441 921 καὶτοῖς
1470 843 1592 922 ἀλλοις

334 949 433 1024 θεοῖς
455 951 525 1013 ἀπό
549 947 650 1037 τῆσδε
679 959 739 1035 τῆς
766 953 893 1035 ἡμέρας
920 947 1000 1034 τῇδε
1032 957 1074 1035 τῇ
1109 945 1209 1011 πόλει
1237 949 1354 1011 πόθον
1382 951 1503 1034 ἐαυτης
1531 949 1629 1028 &pt-5

333 1049 449 1134 βαλεῖν
479 1054 535 1116 καί
568 1054 678 1137 ἔρωτα
706 1053 763 1115 καί
796 1053 878 1132 μίαν
911 1055 1044 1137 γνώμην
1078 1053 1136 1114 καί
1170 1051 1274 1113 ταότά
1311 1046 1502 1131 βούλεσθαι
1536 1050 1596 1112 καί

335 1159 487 1240 φρονεῖν,
519 1157 638 1218 στάσιν
670 1152 706 1218 δὲ
731 1156 787 1218 καί
809 1151 905 1239 ἔριδα
928 1156 984 1217 καί
1007 1150 1200 1240 φιλονικίαν
1222 1148 1392 1233 ἐκβαλεῖν,
1423 1153 1469 1227 ὡς
1491 1153 1533 1215 ἀν
1557 1154 1594 1216 όν
1608 1163 1697 1216 (1116111

334 1261 410 1332 ταῖς
433 1253 755 1337 εὐδαιμονεστάταις
776 1260 833 1320 καί
855 1257 1013 1338 ἀρίσταις
1033 1237 1056 1341 ᾖ
1079 1253 1202 1318 πόλεσι
1224 1257 1262 1317 τό
1287 1250 1418 1317 λοιπόν.

335 1832 410 1912 (23)
424 1827 502 1910 ΕΝ
516 1827 619 1910 ΤΗΙ
633 1826 1152 2014 ΠΑΤΡΙιὲΜΙὸΡὲῖΙὸΙΙΞὲΙΣ
1164 1827 1310 1911 ΠΡΟΣ
1330 1827 1592 1914 ΑΠΑΜΕΙΣ
1605 1845 1723 1898 (mm

298 2229 311 2289 1
424 2201 593 2288 Ἐνόμιζον
615 2213 693 2288 μέν,
725 2204 895 2292 ὤάνδρες
917 2203 1075 2286 πολῖται,
1106 2215 1161 2270 νῦν
1183 2215 1278 2290 χοῦν,
1309 2208 1340 2270 εί
1360 2209 1417 2272 καί
1439 2210 1484 2294 με)
1512 2210 1600 2293 πρό-

339 2333 454 2399 τερον,
488 2309 581 2389 ἄξειν
613 2314 673 2396 την
708 2312 846 2373 ἅπασαν
878 2312 1036 2393 ἡσυχίαν,
1070 2307 1167 2394 δεῦρο
1200 2311 1423 2397 ἀφικόμενος,
1458 2311 1515 2374 καί
1546 2311 1594 2396 μη
1620 2320 1650 2372 1ο

340 2415 594 2501 προσάψεσθαι
631 2415 715 2497 μήτε
749 2413 832 2474 ἑκὼν
864 2415 949 2498 μήτε
986 2414 1076 2476 ἀκων
1114 2409 1259 2498 μηδενός
1289 2420 1407 2476 κοινοῖ
1439 2414 1596 2494 πράγμα-

340 2537 414 2594 τος,
452 2506 500 2578 δι’
532 2517 566 2577 ἓν
594 2517 656 2595 μὲν
687 2517 740 2577 ότι
767 2516 824 2577 καί
852 2511 1001 2590 πολλοὺς
1030 2516 1097 2599 όρῶ
1129 2517 1188 2578 σδν
1216 2519 1290 2590 τοῖς
1317 2515 1418 2591 θεοῖς
1446 2515 1499 2578 άεί
1528 2521 1597 2578 τῶν

342 2619 580 2703 πρεσβυτέρων
601 2618 658 2680 καί
680 2623 746 2678 τῶν
770 2621 941 2700 νεωτέρων
962 2613 1188 2699 βουλομένους
1209 2621 1265 2681 καί
1294 2614 1498 2698 δυναμένους
1519 2618 1597 2680 όπι-

343 2723 523 2806 τροπεόειν
545 2715 605 2804 τὴν
628 2715 730 2781 πόλιν
751 2720 807 2780 καὶ
830 2719 1070 2802 προΐστασθαι
1091 2726 1158 2782 τῶν
1180 2721 1348 2804 ὑμετέρων
1377 2719 1493 2803 ὀρθῶς
1520 2719 1597 2782 οὔτε

337 2830 399 2885 τοῦ
427 2818 533 2904 λέγειν
563 2821 639 2884 οὔτε
669 2828 731 2884 τοῦ
751 2823 914 2906 πράττειν
937 2820 1059 2899 ἐνδεῶς
1082 2823 1235 2901 ἔχοντας,
1265 2823 1316 2884 ίτι
1346 2819 1382 2884 δὲ
1411 2829 1472 2905 τῆς
1503 2811 1590 2904 παρ’
1616 2832 1645 2883 15

338 2927 415 3005 ὑμῖν
433 2921 611 2998 πολιτείας
626 2925 809 3010 ἐμπείρους
825 2925 933 3003 όντας,
956 2927 1015 3005 ἐμὲ
1033 2923 1069 2988 δὲ
1086 2926 1307 2988 ὑπώπτευον·
1331 2925 1370 2987 τό
1385 2924 1449 3008 γάρ
1464 2921 1596 3008 ἀληθὲς

297 3025 316 3087 2
339 3029 527 3112 εἰρήσεται·
548 3026 763 3110 βαρύνεσθαί
784 3047 880 3102 τινας
901 3029 949 3102 ὡς
971 3023 1064 3104 ξένον
1083 3015 1146 3090 ’καί
1161 3029 1336 3110 περιττόν·
1358 3029 1480 3090 ἔπειτα
1497 3026 1596 3108 οἶμαι

337 3131 478 3192 καὶτοῦ
500 3130 657 3209 σώματος
680 3125 756 3192 δέον
779 3129 1000 3213 ποιήσασθαί
1021 3151 1097 3192 τινα
1120 3133 1299 3214 πρόνοιαν,
1330 3131 1366 3192 ἐκ
1388 3126 1518 3217 πολλῆς
1538 3130 1596 3194 καί

340 3238 495 3310 συνεχοῦς
510 3227 747 3315 ταλαιπωρίας
763 3231 998 3315 ἀπειρηκότος,
1011 3234 1068 3295 καί
1082 3239 1149 3294 τῶν
1165 3233 1245 3317 περί
1260 3227 1319 3317 τὴν
1335 3233 1455 3309 οίκίαν,
1470 3229 1595 3317 κομιδῇ

340 3330 479 3419 φαύλως
496 3329 725 3413 διακειμένων,
745 3335 944 3396 ἀτοσοοτον
960 3331 1164 3396 ἀπολωλότα
1178 3337 1298 3418 χρόνον
1315 3331 1473 3415 οὐδεμιᾶς
1488 3336 1592 3398 ἐπαν·
1614 3342 1646 3394 2⁰

340 3435 526 3520 σρθώσεως
554 3438 737 3522 τετύχηκεν.
787 3439 875 3499 ὅπου
898 3437 960 3523 γάρ
984 3434 1161 3522 ἀποδημία
1186 3434 1355 3500 δεσπότου
1373 3437 1597 3521 χρονίσαντος

342 3540 436 3626 ἱκανὴ
462 3535 668 3625 διαφθεῖραι
689 3539 746 3601 καί
767 3541 828 3626 την
849 3542 1010 3625 μεγίστην
1040 3540 1175 3617 οόσίαν,
1204 3541 1240 3601 τί
1257 3541 1319 3625 χρη
1344 3536 1537 3622 προσδοκᾶν
1559 3541 1596 3603 ἐν

340 3643 518 3717 τοσούτοις
540 3642 632 3705 ίτεσι
655 3650 781 3728 φυχῆς,·
804 3643 888 3705 όθεν
911 3639 1021 3718 οὐδεὶς
1036 3644 1077 3704 άν
1093 3639 1346 3727 προσεδόκησεν
1360 3643 1420 3722 ἐμὲ
1437 3643 1596 3728 σωθῆναι

338 3746 442 3828 χωρίς
456 3746 549 3824 ὑμῶν
565 3736 612 3807 δι’
632 3746 764 3820 εὐνοίας
778 3741 978 3830 ὑπερβολήν.
1015 3746 1136 3832 καίτοιΙ
1142 3748 1240 3830 μέχρι
1255 3747 1315 3825 μίν
1331 3748 1458 3831 ὑπῆρχε
1475 3744 1596 3818 πενίας

341 3843 493 3922 κίνδυνος
520 3850 617 3932 ημῖν,
646 3843 742 3908 οὐδὲν
764 3841 804 3929 ἦν
827 3843 946 3910 δεινόν.
998 3847 1036 3909 οδ
1064 3850 1126 3930 χάρ
1150 3848 1222 3927 είμι
1243 3848 1331 3930 πρός
1352 3854 1453 3910 τοῦτο
1474 3842 1592 3927 ἀμελί-
1614 3853 1647 3906 15

341 3967 442 4033 τητος
471 3945 604 4028 σχεδόν,
639 3955 802 4011 τοσοῦτον
828 3951 949 4032 χρόνον
978 3944 1170 4034 πλανηθείς
1199 3950 1237 4011 οδ
1264 3951 1369 4028 μόνον
1397 3951 1514 4025 ἀοικος
1541 3949 1599 4012 καί

343 4049 514 4127 ἀνέστιος,
538 4045 623 4112 ἀλλά
645 4047 730 4135 μηδὲ
752 4047 944 4114 ἀκόλουθον
966 4053 1022 4114 ίνα
1051 4061 1130 4134 γοῦν
1152 4055 1370 4134 ἀπαγόμενος.
1424 4053 1462 4115 οδ
1484 4053 1599 4116 τοίνυν

427 4269 442 4320 2
460 4260 495 4322 τὸ
514 4280 564 4336 pro
576 4268 619 4342 τῷ
630 4264 701 4322 Um.
713 4280 755 4337 pr.
825 4271 841 4322 4
859 4258 1002 4341 ἀφροδίτη
1014 4268 1094 4346 φιλίη
1105 4267 1218 4335 ΠΒΜΤ,
1236 4264 1306 4344 α’φρ.
1316 4272 1365 4328 καί
1377 4271 1456 4347 φιλίη
1466 4268 1547 4339 vulgo

342 4347 492 4418 νεμέσοιΤ
559 4349 742 4418 δίαυτσῖςΤ
812 4351 963 4422 θμὲνοαι.
976 4351 1048 4409 UBT
1118 4358 1150 4408 1⁰
1168 4349 1275 4421 ἓξεινΒ
1335 4359 1363 4410 11
1384 4350 1600 4428 προσάψασθαι

341 4433 413 4502 libri,
431 4449 501 4492 corr.
519 4435 598 4506 Emp.
654 4440 684 4491 12
703 4431 734 4508 δὴ
752 4449 804 4505 pro
821 4427 868 4495 αἐί
884 4436 915 4490 Μ
970 4442 1000 4494 19
1019 4439 1210 4509 σννεχοῦσιλά
1262 4436 1553 4513 11χρινὴσανταςΒ

342 4521 375 4572 22
392 4520 442 4575 καί
459 4533 510 4574 om.
529 4519 558 4574 Μ
628 4525 659 4576 λλ
679 4514 829 4588 ἀναίστιος
845 4521 875 4576 Μ
