3476 5264
656 391 792 449 ORATIO
810 391 884 449 XIX.
1339 391 1401 454 257

144 569 164 653 ἢ
187 565 399 642 πλάττοντας
423 564 509 630 ἴδοι·
532 569 657 643 καλῶς
680 574 754 643 τοῖς
769 565 1012 653 παιδοτρίβαις
1035 569 1094 630 οὐκ
1109 569 1208 653 ἀρκεῖ
1225 570 1337 633 είπεῖν
1359 570 1401 632 τά

146 667 386 751 παλαίσματα,
416 666 501 732 ἀλλά
523 673 580 734 καί
602 667 712 748 δεῖξαι
741 671 864 756 ἀνάγκη
887 669 936 754 τῷ
957 672 1207 756 μαθησομένῳ·
1237 673 1324 734 οδτω
1345 673 1403 734 καί

6 745 8 820 ί
146 775 181 835 ἐν
203 778 280 848 ταῖς
301 775 478 848 τοιαύταις
502 769 723 855 συμβουλίαις
745 771 875 836 πλείων
896 778 917 859 η
941 771 1091 859 ὠφέλεια
1116 764 1258 856 γίγνοιτ’
1284 775 1341 851 ἀν,
1371 771 1407 836 εἴ

6 831 8 882 Ι
147 895 201 950 τις
223 876 324 938 αὐτὸν
346 878 540 960 πράττοντα
564 874 634 939 ἴδοι
658 879 716 940 τδν
740 873 1059 957 συμβεβουλευκότα.
1097 878 1144 951 ὡς
1159 878 1271 958 ἐγωγε,
1294 876 1350 937 καί
1371 876 1403 936 εί

113 989 128 1039 5
149 979 409 1060 ἀναγιγνώσκειν
429 998 471 1058 με
501 975 574 1041 δέοι
598 985 661 1040 σοῦ
681 980 910 1063 ἀκροωμένου,
939 986 998 1065 τῆς
1028 986 1089 1065 σῆς
1117 980 1211 1040 ἐνεκα
1235 972 1405 1062 ὠφελείας

146 1081 204 1143 οδκ
226 1081 267 1143 ἂν
279 1082 479 1166 ,ὀκνήσαιμι
507 1085 654 1166 στέργων
668 1085 707 1143 τέ
722 1097 759 1144 σε
781 1083 838 1144 καί
859 1089 919 1167 τῆς
942 1089 1003 1166 σῆς
1022 1076 1222 1166 φιλοτιμίας
1237 1079 1404 1161 ἀγάμενος

146 1185 203 1246 καί
225 1191 285 1267 τῆς
307 1186 394 1268 πρδς
417 1185 476 1263 έμέ
498 1191 599 1269 τιμῆς
617 1185 716 1268 χάριν
739 1180 849 1258 εἰδώς.

50 1636 136 1689 (Μ)
256 1622 330 1703 (69)
357 1616 512 1699 ΠΕΡΙ
538 1617 661 1698 ΤΗΣ
689 1617 899 1701 ΑΥΤΟΥ
929 1615 1305 1705 ΦΙΑΗΚΟΙΑΣ

226 1903 376 1975 Ἐδέοντο
399 1914 460 1991 μέν
489 1909 600 2001 πάλαι
629 1919 696 1974 τῶν
720 1913 853 1975 οἰκείων
876 1919 942 1974 τῶν
964 1914 1054 1992 ἐμῶν
1083 1931 1173 1987 τινες
1194 1913 1404 1994 ἐντυγχάνειν
1428 1917 1443 1976 1

146 2027 223 2095 μοι·
252 2017 309 2078 καί
332 2021 399 2077 τῶν
424 2011 576 2076 πολιτῶν
599 2011 635 2076 δὲ
657 2011 812 2096 ἐλέγοντο
835 2014 1020 2094 ἐπιθυμεῖν
1044 2010 1169 2077 πολλοί
1190 2014 1406 2102 θεάσασθαι,

101 2125 130 2178 1⁰
151 2111 343 2196 νομίζοντες
366 2113 471 2178 πλέον
493 2137 528 2177 τι
552 2117 645 2200 παρά
669 2118 748 2192 τούς
771 2113 894 2190 ἀλλους
916 2116 1003 2194 ἔχειν
1024 2136 1067 2195 με
1083 2113 1140 2178 διά
1163 2118 1222 2201 την
1244 2112 1329 2200 ἄλην
1350 2116 1407 2177 καί

147 2221 206 2304 την
228 2214 417 2303 μεταβολὴν
438 2225 501 2279 τοῦ
520 2217 597 2299 βίου
619 2219 674 2280 καί
698 2214 755 2279 διδ
771 2220 830 2303 την
847 2214 1011 2279 δοκοῦσαν
1027 2217 1143 2292 αὐτοῖς
1164 2224 1227 2278 τοῦ
1249 2218 1407 2297 σώματος

148 2318 401 2406 ταλαιπωρίαν·
423 2317 644 2395 τελευτῶντες
667 2317 702 2382 δέ
725 2317 788 2407 ἤδη
811 2321 869 2382 καλ
896 2318 1088 2396 ἐνεκάλουν,
1117 2316 1318 2382 ἀδικεῖσθαι
1341 2320 1406 2404 φά-

150 2441 293 2499 σκοντες.
337 2425 401 2505 ἐγὼ
426 2420 462 2485 δέ
486 2425 546 2485 οὐκ
567 2420 695 2510 ἤθελον
718 2425 813 2505 ἐγγδς
837 2425 925 2486 ἰέναι
947 2424 1035 2507 πρδς
1058 2423 1180 2496 αδτοδς
1202 2422 1281 2496 τοδς
1297 2423 1406 2505 ὄρους,

148 2522 233 2587 ἀλλά
256 2523 367 2588 ἐδόκει
387 2545 448 2606 μοι
477 2527 515 2587 τδ
542 2532 678 2588 τοιοῦτο
708 2521 885 2599 παντελῶς
913 2525 1106 2605 ἀχθομένου
1134 2526 1227 2599 τινδς
1255 2521 1345 2586 εἶναι
1366 2531 1408 2608 τῇ

101 2637 130 2689 15
152 2636 241 2714 φυγῇ
262 2630 319 2690 καί
339 2629 594 2708 ἐπιθυμοῦντος
614 2624 811 2690 κατελθεῖν·
842 2628 958 2711 ὥσπερ
981 2628 1016 2689 ol
1035 2623 1141 2713 μηδὲν
1162 2622 1409 2701 καταλιπόντες

147 2732 183 2792 ἐν
205 2739 247 2816 τῇ
267 2727 377 2793 κύλικι
400 2727 498 2816 δῆλοί
519 2731 589 2792 είσι
611 2733 701 2792 πάνυ
725 2726 904 2812 διψῶντες.
954 2725 1069 2791 ἐλθὼν
1100 2729 1157 2792 οδν
1187 2730 1237 2804 είς
1260 2723 1446 2804 Κῦζικον2

12 2845 134 2901 (mm
148 2834 222 2895 ἐκεῖ
240 2830 408 2918 διέτριβον
429 2834 486 2895 καί
508 2837 687 2917 παρεῖχον,
717 2830 752 2894 εἴ
775 2852 829 2906 τις
850 2828 1010 2913 βούλεταί
1030 2851 1092 2911 μοι
1112 2838 1180 2894 τῶν
1202 2827 1407 2914 ἐπιτηδείων

151 2935 400 3017 συγγίγνεσθαι.
445 2935 503 2996 καλ
525 2931 564 3020 δὴ
589 2937 627 2996 τδ
650 2942 711 2996 τοῦ
731 2930 933 3018 κιθαρῳδοῦ
952 2940 1051 2995 τοῦτο
1075 2933 1094 2994 δ
1122 2929 1275 3015 λέγουσιν
1298 2932 1409 2994 ἔσωσέ

147 3056 206 3115 με,
236 3025 326 3121 ᾠδήν
348 3057 423 3098 τινα
447 3027 578 3118 ᾄσαντα
602 3037 727 3110 αὐτοῖς.
773 3036 851 3098 ἐπεί
872 3035 935 3119 γάρ
957 3035 1033 3119 ἧκεν
1057 3035 1075 3096 δ
1098 3036 1238 3119 ἀριστος
1260 3041 1327 3096 τῶν
1350 3040 1407 3097 νῦν

96 3147 128 3200 2)
148 3134 363 3221 κιθαρῳδῶν,
387 3138 433 3212 ὡς
449 3128 482 3198 δ’
501 3138 588 3199 ένιοί
604 3153 720 3222 φασιν,
745 3134 821 3199 οάδέ
846 3143 913 3198 τῶν
935 3139 1102 3222 πρότερον
1118 3133 1254 3213 οὐδενὸς
1276 3132 1407 3199 ἐνδεέσ-

149 3258 261 3323 τερος,
291 3232 365 3300 ἀλλ’
400 3237 476 3302 οάδέ
496 3229 649 3324 Ἀρίονος
677 3245 740 3300 τοῦ
766 3240 802 3300 ἐκ
831 3235 1014 3321 πελάγους,
1041 3241 1285 3318 μαντευόμενοι
1307 3235 1409 3325 δῆλον

149 3344 213 3418 δτι,
237 3347 313 3415 πῶς
334 3342 396 3425 γάρ
420 3342 461 3402 ἀν
484 3337 605 3403 είδεῖεν
626 3343 665 3402 τδ
690 3341 801 3426 σαφές
824 3341 882 3400 οὐκ
904 3342 1109 3416 ἀκούσαντες
1130 3343 1275 3417 ἐκείνου;
1296 3375 1340 3384 -
1361 3343 1409 3416 ὡς

150 3434 183 3504 δ’
210 3442 268 3505 οδν
291 3439 434 3521 τάχιστα
450 3432 605 3526 ᾔσθοντο
621 3437 853 3525 ἐπιδημοῦντα
869 3443 928 3504 τδν
943 3438 1060 3527 ἀνδρα,
1083 3443 1188 3517 εδθδς
1202 3444 1259 3505 καί
1275 3438 1407 3530 σπουδὴ

149 3545 320 3626 ἀμήχανος
340 3544 397 3606 καί
419 3540 546 3617 πάντες
566 3537 723 3624 ἐβάδιζον
746 3543 796 3618 είς
818 3544 856 3604 τδ
884 3539 1130 3628 βουλευτήριον.
1182 3545 1246 3626 ἐγὼ
1271 3544 1328 3606 οδν
1351 3543 1450 3607 καὶδ

99 3658 132 3712 2ῦ
154 3649 271 3725 αὐτὸς,
307 3643 435 3724 ἐξεῖναι
462 3640 608 3726 νομίζων
634 3647 691 3708 καί
718 3649 799 3731 ἡμῖν
828 3647 971 3708 ἀκοῦσαι
999 3648 1055 3709 καί
1082 3640 1285 3727 μεταλαβεῖν
1321 3647 1409 3708 οὕτω

235 3885 371 3938 ἀπλεῖον
388 3880 412 3934 Β
430 3877 575 3937 πλείονῦ
644 3871 754 3950 ω’φέλια
771 3877 801 3931 Μ
869 3870 977 3950 γίνοιτ’
996 3873 1034 3937 δν
1050 3877 1080 3932 Μ
1153 3871 1228 3944 ufic
1244 3881 1294 3935 καί
1310 3877 1360 3934 ΙΙΒ

151 3960 436 4040 ἐδναγινιδσκεινΰ
486 3955 631 4034 Ἰω’φελίας
648 3965 677 4017 Μ
765 3962 976 4038 δοτέργωντές
993 3982 1027 4021 σε
1044 3962 1076 4019 Μ
1157 3968 1187 4018 10
1205 3959 1276 4035 ἄλην
1293 3968 1342 4022 καί
1359 3960 1412 4036 τὴν

148 4047 313 4126 μεταβολὴν
331 4050 455 4119 (δεσΙΙιιε,
480 4045 568 4122 ἄλλην
584 4052 634 4108 καί
650 4043 703 4122 τὴν
719 4045 884 4124 μεταβολὴν
901 4049 930 4104 Μ
948 4045 1037 4120 ἀλλην
1052 4051 1101 4106 καί
1117 4045 1284 4122 μεταβολὴν
1300 4050 1323 4103 Β
1341 4045 1413 4122 ἀλην

149 4133 351 4211 μιταβολὴνῑί
417 4136 682 4208 ῐέαυγγίνεοθαιΒ
745 4135 935 4208 καίῦὴκαλῐ]
995 4127 1014 4192 δ
1026 4150 1079 4191 om.
1091 4132 1131 4191 M.
1153 4135 1286 4193 Videntur
1296 4134 1412 4191 trimetri

150 4221 247 4278 comici
258 4223 356 4278 Ῑοίοιει
375 4219 411 4279 τδ
425 4224 478 4279 τοῦ
489 4223 656 4293 κιθαρωδοῦ
666 4213 764 4288 τοῦθ’,
782 4213 800 4278 δ
812 4213 939 4294 λέγοντ’,
957 4215 1049 4278 ἔσωσέ
1056 4240 1094 4290 με
1106 4213 1181 4296 ᾠδήν
1192 4213 1249 4276 τιν’
1267 4213 1366 4288 αὐτοῖς
1378 4251 1412 4261 -

151 4309 185 4361 20
202 4309 262 4364 τῶν
279 4302 404 4382 πριδτων
423 4300 541 4374 οδδενδς
558 4305 583 4362 U
664 4310 695 4362 21
715 4299 851 4380 ἀρείονος
867 4306 948 4363 ΠΒΜ
1034 4309 1088 4364 τοῦ
1103 4303 1137 4364 ἐκ
1153 4304 1291 4378 Reisln’un,
1308 4303 1342 4364 ἐκ
1359 4309 1412 4366 τοῦ

149 4391 213 4446 libri
290 4396 323 4447 22
341 4388 378 4450 ἀν
394 4391 495 4450 εἰδεῖεν
511 4387 547 4449 τδ
565 4392 656 4464 σαφὲς
674 4393 697 4446 Β
716 4391 817 4450 εἰδεῖεν
833 4387 867 4450 τὸ
886 4391 977 4464 σαφὲς
993 4395 1056 4459 (om.
1075 4385 1122 4460 ἀν)
1140 4390 1165 4447 U
1183 4385 1221 4449 ἀν
1237 4385 1323 4457 ἐντὸς
1340 4382 1413 4459 ἀφδς

150 4475 180 4529 ΙΙ
197 4493 233 4532 m.
252 4493 294 4546 pr.
380 4470 434 4536 οὐκ
451 4476 546 4535 ουκῦ
633 4481 666 4534 23
682 4477 785 4534 malim:
804 4473 889 4545 εδῦδς
905 4469 941 4550 ἦν
958 4471 1067 4551 σπουδὴ
1156 4479 1190 4531 24
1206 4469 1413 4549 βουλευτήριον

150 4567 308 4632 suspectum
325 4561 422 4619 Bothio
492 4567 525 4618 25
544 4551 676 4632 οδεωςῦ

200 4653 260 4702 DIO.
273 4654 304 4702 ΙΙ.
1174 4649 1206 4700 ΙΊ
