3452 5264
323 329 364 387 12
722 328 848 386 DIONIS
866 328 1188 388 BORYSTHENITIGA

322 505 411 566 θεοῦ
431 499 579 580 ξυνιέναι
602 501 819 586 δυναμένοις,
849 506 906 580 ούς
928 505 1063 590 Πέρσαι
1085 507 1213 589 μάγους
1235 501 1414 584 ἐκάλεσαν,
1437 508 1581 570 ἐπιστα-

320 609 443 685 μένους
463 606 672 690 θεραπεύειν
693 608 732 669 τύ
756 603 945 686 δαιμόνιον,
970 598 1030 687 οὐχ
1053 599 1263 694 ώςἝλληνες
1281 609 1401 691 όγνοέηι
1423 617 1485 671 τού
1506 611 1581 672 δνό-

319 725 428 788 ματος
457 709 565 783 ούτως
594 703 817 789 ὀνομάζουσιν
846 709 1055 794 ἀνθρώπους
1081 712 1216 796 γόητας.
1267 712 1390 773 ἐκεῖνοι
1419 708 1455 774 δέ
1478 713 1581 775 τότε

320 807 406 871 ἀλλα
437 807 544 896 δρῶσι
570 813 655 874 κατὰ
680 808 798 895 λόγους
827 813 939 896 ἱερούς
966 813 1024 876 καλ
1051 809 1089 899 δή
1114 811 1162 895 τῷ
1184 815 1247 877 Διλ
1273 817 1459 900 τρέφουσιν
1488 817 1579 898 ἅρμα

319 913 477 976 Νισαίων
500 915 634 977 ἐππων·
659 917 693 977 οἱ
716 912 754 978 δέ
775 916 845 978 εἰσι
866 911 1043 978 κάλλιστοι
1063 917 1120 978 καλ
1141 920 1298 998 μέγιστοι
1319 922 1386 978 τῶν
1407 917 1493 978 κατὰ
1515 917 1576 1002 τήν
1597 923 1614 974 1

269 1005 451 1079 ἐλἈσόαν·
474 1014 522 1098 τηῖ
546 1013 584 1078 δέ
605 1036 642 1099 γε
658 1006 761 1100 Ἡλίῳ
785 1019 843 1080 ένα
867 1019 987 1080 ἐππον.
1024 1015 1221 1104 ἐξηγοῦνται
1243 1016 1279 1081 δέ
1302 1021 1361 1082 τὸν
1382 1018 1496 1098 μύθου
1513 1009 1580 1099 οὐχ

320 1118 437 1201 ὥσπερ
468 1120 502 1180 οἱ
530 1111 616 1204 παρ’
647 1123 728 1204 ήμῖν
758 1128 937 1206 προφῆται
964 1127 1032 1184 τῶν
1060 1123 1213 1184 Μουσῶν
1249 1125 1372 1184 έκαστα
1411 1115 1580 1206 φράζουσι

318 1221 403 1301 μετδ
433 1218 562 1308 πολλῆς
590 1223 753 1300 πειθοῦς,
783 1219 868 1284 ύλλδ
897 1220 989 1302 μάλα
1019 1216 1192 1299 αὐθαδῶς.
1246 1223 1335 1288 εἶναι
1362 1223 1426 1307 γὰρ
1456 1220 1495 1309 δή
1518 1229 1582 1285 τού

320 1319 515 1403 ξύμπαντος
535 1325 618 1404 μίαν
640 1325 773 1410 ἀγωγήν
793 1345 831 1388 τε
851 1326 908 1388 καὶ
929 1329 1103 1411 ἡνιόχησιν
1118 1327 1186 1389 ύπδ
1202 1335 1262 1413 τῆς
1277 1328 1382 1410 ἄκρας
1397 1325 1580 1410 ἐμπειρίας

319 1427 434 1488 τεκαὶ
455 1428 571 1511 ῥώμης
592 1431 789 1512 γιγνομένην
812 1427 876 1504 ἀεί,
897 1428 956 1490 καλ
976 1429 1099 1510 ταύτην
1122 1429 1299 1491 ἄπαυστον
1325 1430 1361 1490 ἐν
1384 1429 1577 1502 ἀπαύστοις
1600 1436 1630 1488 10

320 1528 444 1603 αἰῶνος
467 1526 652 1613 περιόδοις.
697 1531 776 1605 τούς
799 1526 835 1592 δὲ
855 1521 971 1592 Ἡλίου
993 1533 1050 1594 καλ
1071 1527 1217 1616 Σελήνης
1240 1528 1395 1614 δρόμους,
1417 1529 1579 1613 καθάπερ
1596 1543 1630 1592 191
1643 1541 1702 1592 11111

319 1628 430 1707 εἶπον,
452 1637 563 1715 μερῶν
589 1631 678 1694 εἶναι
698 1634 857 1717 κινήσεις,
880 1633 963 1695 ὅθεν
986 1624 1050 1694 ὑπ’
1075 1633 1273 1718 ,ἀνθρώπων
1296 1633 1449 1718 όρᾶσθαι
1473 1636 1579 1718 σαφέ·

322 1748 449 1816 στερον.
504 1741 564 1818 τῆς
587 1730 623 1796 δέ
653 1741 714 1795 τού
742 1731 936 1814 ξύμπαντος
963 1737 1127 1821 κινήσεως
1147 1737 1204 1799 καὶ
1227 1741 1335 1822 φοραῖς
1356 1737 1401 1822 μή
1432 1731 1580 1812 ξυνιέναι

269 1832 310 1894 43
321 1835 401 1908 τούς
423 1831 581 1913 πολλούς,
604 1827 682 1898 ἀλλ’
708 1836 840 1918 ἀγνοεῖν
862 1838 900 1898 τό
922 1837 1070 1918 μέγεθος
1092 1835 1190 1901 τούδε
1212 1845 1275 1901 τού
1295 1839 1434 1920 ἀγῶνος.
1474 1837 1514 1899 τό
1537 1831 1577 1922 δή

320 1935 405 2014 μετὰ
421 1943 520 1998 τούτο
534 1938 736 2018 αἰσχύνομαι
752 1933 892 2023 φράζειν
907 1945 975 2001 τῶν
990 1939 1109 2002 ύππων
1125 1944 1207 2024 πέρι
1219 1941 1347 2026 καὶτῆς
1359 1939 1574 2025 ήνιοχήσεως,
1598 1947 1626 1998 15

321 2039 416 2112 ὅπως
438 2035 656 2124 ἐξηγούμενοι
679 2036 842 2121 λέγουσιν,
867 2041 905 2102 ού
929 2044 1018 2105 πάνυ
1041 2064 1076 2106 τι
1092 2037 1327 2127 φροντίζοντες
1342 2043 1461 2123 όμοιόν
1478 2056 1579 2126 σφισι

319 2140 500 2223 γίγνεσθαι
517 2149 672 2228 πανταχῇ
690 2143 730 2205 τό
745 2151 805 2228 τῆς
820 2146 958 2219 εἰκόνος.
999 2143 1082 2220 ἴσως
1104 2144 1166 2228 γάρ
1189 2145 1231 2207 ἀν
1247 2145 1433 2230 φαινοίμην
1448 2145 1579 2216 ἄτοπος

321 2243 415 2327 παρὰ
428 2235 598 2330 Ἑλληνικά
620 2265 657 2308 τε
678 2246 736 2308 καλ
754 2247 913 2330 χαρίεντα
930 2238 1068 2330 ᾄσματα
1083 2247 1291 2332 βαρβαρικόν
1312 2227 1407 2329 ᾆσμα
1422 2241 1578 2329 ἐπᾴδων·

320 2349 412 2425 όμως
428 2343 463 2409 δέ
478 2345 673 2434 τολμητέον.
713 2351 800 2433 φασὶ
821 2356 889 2411 τῶν
913 2350 1031 2412 ἵππων
1053 2352 1113 2413 τόν
1135 2357 1272 2432 πρῶτον
1288 2350 1424 2413 ἀνωθεν
1445 2345 1577 2432 ἀπείρῳ

321 2444 498 2534 διαφέρειν
526 2447 642 2513 κάλλει
664 2471 700 2512 τε
722 2452 779 2513 καλ
800 2452 942 2532 μεγέθει
963 2454 1019 2515 καὶ
1040 2461 1215 2538 ταχυτῆτι,
1245 2455 1303 2516 ἅτε
1326 2449 1457 2530 ἔξωθεν
1479 2467 1575 2532 περι·
1597 2458 1628 2509 20

204 2537 211 2550 ’
320 2554 479 2633 τρέχοντα
502 2554 541 2613 τό
563 2553 726 2636 μήκιστον
748 2559 810 2614 τού
831 2550 968 2638 δρόμου,
994 2555 1099 2617 αὐτοῦ
1119 2557 1229 2640 Ζηνδς
1252 2557 1360 2638 ἱερόν·
1391 2552 1518 2636 πτηνόν
1542 2546 1578 2611 δὲ

320 2651 424 2715 εἶναι·
453 2657 513 2740 τήν
543 2651 579 2716 δέ
605 2657 710 2739 χρόαν
741 2651 913 2739 λαμπρόν,
947 2658 1049 2743 αύγῆς
1077 2665 1137 2744 τῆς
1166 2658 1432 2742 καθαρωτάτης·
1460 2655 1519 2716 τόν
1542 2648 1578 2714 δέ

311 2747 432 2818 Ἥλιον
454 2758 489 2818 ἐν
512 2755 604 2840 αύτῷ
624 2758 681 2820 καὶ
702 2759 762 2843 τήν
777 2754 923 2844 Σελήνην
947 2765 1069 2844 σημεῖα
1092 2769 1251 2846 προφανῆ
1275 2759 1438 2845 δρᾶσθαι,
1462 2757 1578 2835 ὥσπερ

321 2855 419 2938 οἶμαι
439 2860 497 2922 καὶ
517 2857 623 2923 τῶνδε
645 2867 712 2922 τῶν
735 2861 854 2924 ἱππων
876 2862 950 2924 ἐστὶ
973 2867 1105 2947 σημεῖα,
1129 2863 1171 2925 τδ
1192 2865 1254 2943 μὲν
1274 2857 1447 2946 μηνοειδῆ,
1474 2857 1516 2920 τά
1541 2853 1578 2918 δὲ

271 2958 312 3020 44
325 2956 456 3023 ἀλλοῖα.
507 2969 612 3024 ταῦτα
636 2959 672 3025 δέ
701 2954 763 3049 ὑφ’
794 2967 890 3047 ήμῶν
918 2965 1068 3048 ύρᾶσθαι
1095 2967 1385 3050 συνεστραμμένα,
1414 2962 1575 3042 καθάπερ
1598 2967 1710 3022 mm!

319 3059 392 3145 <ἐν>
415 3065 499 3151 αὐγῇ
521 3061 661 3148 λαμπρᾷ
686 3061 813 3151 φλογός
836 3066 1033 3152 σπινθῆρας
1062 3068 1219 3151 ἰσχυρούς
1240 3064 1462 3143 διαθέοντας,
1486 3059 1578 3126 ἰδέαν

322 3162 358 3228 δέ
380 3166 512 3250 κίνησιν
534 3167 621 3246 ἐχειν
643 3159 728 3229 καθ’
754 3169 849 3230 αύτά.
892 3170 949 3231 καλ
970 3165 1077 3230 τᾶλλα
1099 3171 1207 3254 ἀστρα
1231 3160 1280 3232 δι’
1305 3169 1433 3231 ἐκείνου
1458 3166 1578 3251 φαινό-

320 3288 403 3347 μενα
425 3269 482 3331 καλ
505 3265 683 3348 ξύμπαντα
704 3270 832 3332 ἐκείνου
855 3273 1031 3356 πεφυκότα
1053 3275 1136 3356 μέρη
1160 3271 1202 3333 τά
1232 3273 1294 3350 μέν
1321 3267 1578 3355 περιφέρεσθαι

322 3372 382 3433 σύν
406 3369 498 3452 αύτῷ
518 3373 601 3452 μίαν
623 3373 747 3457 ταύτην
769 3373 887 3452 έχοντα
908 3373 1050 3458 κίνησιν,
1073 3374 1115 3435 τό
1132 3370 1169 3435 δέ
1185 3369 1308 3448 ἀλλους
1325 3373 1405 3436 θεῖν
1422 3368 1578 3456 δρόμους.

318 3475 491 3555 τυγχάνειν
514 3470 550 3536 δέ
574 3474 668 3559 παρά
690 3479 764 3551 τοῖς
785 3475 989 3561 ἀνθρώποις
1011 3483 1115 3537 ταῦτα
1137 3477 1199 3555 μέν
1222 3471 1312 3538 ἐδέου
1335 3479 1475 3538 έκαστον
1503 3473 1577 3534 ἀνό-
1599 3487 1710 3544 ευωειεο

917 3636 1012 3644 -..ᾳ-.-

407 3741 611 3810 1ύοναμέυους
628 3741 657 3796 Μ
709 3735 918 3818 ύᾶνύριύιιους
939 3741 968 3796 Μ
987 3735 1091 3808 αὐτοὺς
1108 3740 1181 3797 UBT
1233 3745 1399 3802 όΝισαίων
1416 3743 1580 3817 Βνησαέων

319 3824 400 3881 111οΤ
468 3823 589 3901 μεγάλοι
608 3826 655 3883 UT
725 3824 855 3888 θλιιιιων
872 3829 902 3884 Μ
980 3831 1022 3885 τοῦ
1037 3831 1122 3897 μῦθοι
1139 3827 1255 3894 (⁸1ch
1325 3833 1507 3903 ἵπροφῆται
1524 3844 1578 3886 om.

319 3912 392 3969 UB'P
481 3919 511 3967 10
529 3905 585 3971 εἰτ’
603 3907 693 3971 αὐτὸν
711 3913 741 3968 Μ
830 3919 858 3970 11
883 3904 1020 3986 καθάπερ
1040 3910 1139 3971 λ’τιπων
1156 3911 1229 3969 UBT
1307 3918 1338 3969 12
1355 3916 1462 3987 κίνησις
1478 3914 1509 3970 Μ

320 3991 370 4058 ὕπ’
389 3991 557 4074 ἀνθρώπων
574 3999 687 4069 scripsi,
709 3989 763 4058 ὑπ’
781 3991 878 4057 αὐτῶν
893 3998 956 4054 11111
1044 4003 1075 4056 13
1092 4005 1214 4068 ξυνεῖναι
1231 3998 1303 4069 libri,
1321 4015 1392 4056 corr.
1409 3999 1511 4056 Reiske

324 4088 353 4140 11
371 4083 508 4159 γενέσθαι
524 4083 548 4137 Τ
617 4076 737 4150 ἀτόπως
754 4082 803 4140 UT
858 4087 889 4139 18
905 4088 1097 4159 βαρβαρικῶν
1118 4075 1197 4165 ᾆσμα
1210 4083 1283 4140 UB'I'
1301 4075 1380 4165 ᾆσμα
1398 4085 1450 4142 del.
1463 4083 1527 4141 WlL

320 4172 432 4229 τιαίόων
449 4167 554 4226 ΰΒΤΜ
570 4167 630 4235 (sed
647 4174 712 4224 ante
728 4168 781 4225 hoe
793 4167 904 4224 verbum
917 4177 944 4224 οε
954 4169 984 4225 in
995 4170 1083 4227 medio
1095 4185 1207 4240 ηιατυς
1224 4170 1311 4226 sulm
1322 4170 1426 4226 videtur
1438 4168 1579 4230 έκιαύύων.

320 4255 411 4326 Emp.)
479 4249 577 4311 111τὸν
588 4269 638 4324 pro
655 4253 750 4311 τοῖνΒ
819 4249 854 4311 τὸ
874 4255 1034 4328 πρῶτονΤ
1103 4261 1136 4311 10
1152 4255 1243 4330 κάλλη
1261 4255 1291 4310 Μ
1364 4246 1417 4314 ἅτε
1434 4256 1523 4328 Emp.,
1541 4253 1579 4315 τοὶ

321 4361 352 4398 τε
369 4340 432 4396 libri
501 4343 534 4396 ²5
552 4333 671 4409 ύμιῦνΒ
741 4342 773 4394 26
790 4335 823 4396 έν
840 4339 902 4397 εδδ.
919 4339 1021 4398 Roiske
1089 4335 1160 4416 αὐγή
1178 4340 1295 4415 λαμπρά
1316 4339 1394 4397 UBM
1468 4345 1500 4396 27
1519 4337 1579 4414 ἔχει

322 4426 393 4482 UBT
410 4416 507 4492 (οὕτω
524 4425 572 4493 δὲ)
589 4426 639 4481 καὶ
655 4423 719 4480 wil.
737 4424 864 4480 dubitans
934 4421 969 4486 τὰ
990 4422 1063 4486 ἄλλα
1081 4426 1129 4482 ΒΤ
1208 4422 1248 4484 δι’
1266 4424 1380 4486 ἐκείνου
1396 4427 1442 4483 τῖε
1458 4441 1526 4482 τιατ

270 4507 273 4514 ’
321 4515 352 4567 18
371 4507 473 4570 καὶτὰ
491 4509 544 4582 μὲν
562 4507 642 4575 UBT,
661 4507 690 4563 M
708 4523 787 4568 mm.
807 4527 830 4567 ε.
900 4514 933 4566 19
951 4512 1042 4568 malim
1060 4509 1123 4572 τινὰ
1141 4513 1172 4574 δέ
