3452 5264
351 343 371 403 6
745 333 869 394 motus
886 333 1208 394 mmmmm

350 517 493 604 ἀρχαίαν
507 514 564 578 καί
574 503 758 596 Ἑλληνίδα,
779 505 981 591 βουλόμενοι
995 510 1139 572 ἀκούσαι
1162 513 1242 595 περί
1257 506 1400 586 πόλεως.
1436 514 1494 575 καί
1516 519 1610 596 πρῶ-

351 623 411 684 τόν
432 637 479 702 γε,
502 618 598 702 ἔφην,
622 616 687 692 ό,τι
702 614 795 676 εστίν
811 612 1007 674 αύτδ.τούτο
1022 613 1109 697 ύπδρ
1126 610 1168 674 σύ
1181 614 1201 674 δ
1217 609 1315 696 λόγος
1328 619 1455 696 γνῶναι
1471 621 1610 701 σαφῶς·

353 724 440 786 υύτω
469 719 533 804 γάρ
562 717 603 779 ἀν
625 714 717 802 είητε
746 716 816 795 άμα
837 705 1033 800 ᾐσθημένοι
1053 716 1111 778 καί
1133 716 1257 778 δπυῖόν
1278 715 1314 778 τί
1335 717 1438 779 έστιν.
1490 717 1524 779 ol
1545 717 1609 802 γάρ

352 820 487 899 πολλοί,
509 822 606 907 ἔφην,
629 818 815 901 ἅνθρωποι
836 817 875 880 τδ
898 819 1004 898 ύνυμα
1027 816 1108 880 αύτδ
1132 815 1230 882 ίσασι
1243 819 1301 881 καί
1316 817 1528 902 φθέγγονται
1549 827 1613 880 τού

301 925 341 994 19
352 928 552 1010 πράγματος
566 922 719 998 έκάστυυ,
741 919 780 982 τδ
803 915 840 982 δὲ
863 910 985 1004 πρᾶγμ’
1010 919 1198 1001 ἀγνοοῦσιν.
1236 920 1271 982 ol
1286 915 1322 982 δδ
1339 917 1646 1001 πεπαιδευμένων

350 1036 450 1091 τούτο
475 1019 729 1112 φροντίζουσιν,
758 1024 855 1096 δπως
881 1023 938 1085 καὶ
965 1023 1025 1107 τὴν
1054 1019 1196 1102 δύναμιν
1224 1019 1376 1086 είσονται
1404 1025 1547 1086 ἑκάστου
1572 1021 1616 1086 ού

352 1129 522 1214 λέγουσιν·
539 1127 612 1190 υἱον
625 1128 664 1190 τδ
676 1131 738 1187 τού
747 1124 937 1206 ἀνθρώπω
949 1125 1055 1203 όνομα
1066 1125 1192 1200 πάντες
1203 1125 1291 1188 υδτω
1305 1120 1458 1206 λέγουσιν
1470 1126 1505 1188 σί
1515 1122 1612 1210 ίλλη-

351 1229 508 1312 νίζοντες,
530 1230 590 1293 έάν
606 1225 642 1292 δδ
665 1227 763 1311 πύθη
779 1228 872 1302 τινδς
887 1226 997 1288 αύτῶν
1011 1228 1076 1303 ό,τι
1091 1226 1165 1288 ἐστί
1184 1233 1295 1305 τοῦτο,
1319 1223 1404 1309 λέγω
1428 1224 1464 1290 δὲ
1487 1228 1612 1290 δποῖόν

351 1356 386 1398 τι
406 1337 463 1399 καί
483 1323 572 1396 καθ’
598 1331 617 1394 δ
639 1327 758 1416 μηδενί
779 1336 846 1390 τῶν
869 1325 981 1391 ἀλλων
1002 1329 1135 1404 ταύτόν,
1159 1329 1217 1392 οὐκ
1239 1329 1281 1390 ἀν
1303 1328 1376 1408 ίχσι
1397 1330 1508 1392 εἰπεῖν
1530 1322 1609 1391 ἀλλ’
1703 1337 1704 1366 ¹

349 1439 370 1523 ἢ
395 1433 505 1520 δεῖξαι
525 1436 629 1516 μόνον
652 1434 753 1496 αύτδν
774 1432 795 1515 ἢ
818 1426 932 1507 ἀλλον,
955 1431 1072 1512 ὥσπερ
1089 1431 1124 1492 ολ
1137 1431 1314 1516 βάρβαροι.
1352 1428 1424 1493 δδδ
1442 1433 1609 1516 ἔμπειρος
1629 1445 1660 1495 1ο

350 1536 398 1621 τῴ
423 1538 670 1617 πυνθανομένῳ
693 1535 729 1595 τί
749 1535 842 1595 ἐστιν
858 1533 1047 1618 ἅνθρωπος
1062 1532 1283 1618 ἀποκρίνεται
1305 1535 1359 1596 ότι
1374 1529 1460 1617 ζῷον
1476 1531 1609 1616 λογικόν
1624 1549 1704 1602 (ιιειο

351 1641 490 1725 θνητόν.
533 1640 573 1700 τό
596 1637 658 1720 γάρ
681 1642 781 1698 τούτο
804 1633 894 1698 είναι
913 1637 1005 1717 μόνῳ
1023 1633 1200 1718 ἀνθρώπῳ
1218 1635 1404 1720 συμβέβηκε
1425 1635 1483 1698 καί
1498 1632 1610 1698 ούδενί

301 1739 456 1825 2οἀλλῳ.
502 1742 611 1815 οὕτως
633 1738 690 1800 υύν
711 1738 769 1799 καί
789 1739 849 1822 τὴν
872 1733 974 1799 πόλιν
998 1738 1104 1823 φασίν
1126 1735 1216 1801 εἶναι
1245 1735 1383 1824 πλῆθος
1411 1737 1611 1821 ἀνθρώπων

352 1848 388 1908 ἐν
416 1840 528 1925 ταύτῷ
558 1843 804 1904 κατοικούντων
833 1840 900 1901 ύπδ
924 1840 1028 1920 νόμου
1053 1836 1294 1921 διοικούμενον.
1338 1837 1402 1926 ἤδη
1426 1837 1610 1926 σύνδηλον

353 1950 407 2010 δτι
433 1953 493 2032 τῆς
522 1942 754 2030 προσηγορίας
781 1943 906 2027 ταύτης
934 1938 1076 2026 ούδεμιᾷ
1105 1943 1270 2027 προσήκει
1297 1948 1365 2005 τῶν
1392 1939 1608 2022 καλουμένων
1632 1957 1659 2006 15

353 2044 488 2111 πόλεων
516 2053 583 2110 τῶν
613 2047 774 2132 ἀφρόνων
801 2043 859 2107 καί
880 2043 1024 2124 ἀνόμων.
1072 2044 1189 2107 οὔκουν
1217 2041 1293 2106 υύδδ
1317 2046 1397 2128 περί
1418 2047 1525 2109 Νίνου
1555 2043 1608 2130 εἴη

354 2151 395 2212 ἀν
424 2150 443 2212 δ
472 2149 618 2235 ποιητὴς
647 2149 694 2222 ὡς
723 2146 804 2230 περὶ
832 2141 967 2222 πόλεως
988 2147 1146 2232 είρηκιύς,
1175 2147 1411 2232 ἀφραινούσης
1436 2166 1473 2229 γε
1496 2148 1610 2233 αύτῆς.

355 2255 471 2336 ὥσπερ
494 2252 557 2336 γάρ
573 2241 652 2313 οὐδὲ
668 2250 858 2334 ἅνθρωπος
872 2250 999 2324 ἐκεῖνός
1013 2250 1107 2311 ἐστιν
1123 2238 1151 2331 ᾧ
1165 2252 1209 2335 μη
1228 2251 1394 2332 πρόσεστι
1409 2251 1448 2312 τδ
1466 2247 1609 2332 λογικόν,
1624 2268 1660 2318 ιω
1672 2267 1707 2312 ιιι

355 2357 462 2430 ούτως
485 2343 562 2416 οὐδὲ
585 2349 698 2429 πόλις,
720 2341 742 2436 ᾖ
764 2353 808 2437 μὴ
828 2352 1013 2437 συμβέβηκε
1027 2352 1159 2433 νομίμῳ
1183 2350 1283 2415 εἶναι.
1324 2354 1468 2432 νόμιμος
1490 2348 1526 2414 δὲ
1550 2343 1611 2414 οὐκ

302 2459 341 2523 21
356 2457 396 2519 ἀν
418 2455 470 2540 εἴη
494 2456 579 2517 ποτέ
602 2454 723 2538 ἀφρων
744 2455 801 2516 καί
822 2453 971 2534 ἄκοσμος
994 2453 1088 2516 οδσα.
1130 2451 1214 2527 ίσως
1236 2452 1294 2515 οδν
1317 2447 1458 2537 ζητήσαι
1480 2455 1521 2517 ἀν
1543 2474 1608 2530 τις,
1631 2469 1661 2520 1ο

353 2559 385 2621 εί
413 2552 555 2620 ἐπειδάν
578 2555 613 2618 σί
634 2557 793 2637 ἄρχοντες
813 2554 872 2617 καὶ
893 2562 1108 2638 προεστῶτες
1130 2554 1197 2619 ὦσι
1220 2557 1382 2640 φρόνιμοι
1409 2558 1466 2619 καί
1492 2559 1609 2641 σοφοί,

353 2660 393 2723 τδ
416 2655 452 2720 δὲ
477 2654 599 2720 λοιπόν
615 2653 753 2742 πλῆθος
776 2653 946 2742 διοικῆται
966 2657 1052 2719 κατά
1074 2658 1135 2742 την
1157 2661 1285 2720 τούτων
1300 2659 1434 2743 γνώμην
1457 2659 1611 2738 νομίμως

352 2759 409 2824 καί
431 2761 629 2846 σωφρόνως,
651 2763 711 2845 τήν
732 2760 892 2844 τοιαύτην
911 2762 973 2846 χρὴ
996 2755 1110 2822 καλεῖν
1134 2763 1295 2845 σώφρονα
1317 2762 1374 2823 καί
1388 2763 1534 2841 νόμιμον
1553 2763 1610 2824 καί

352 2859 400 2945 τῷ
423 2863 494 2924 όντι
518 2857 620 2924 πόλιν
643 2863 713 2924 ἀπδ
736 2866 803 2923 τῶν
826 2856 1059 2924 διοικούντων·
1089 2863 1206 2945 ὥσπερ
1227 2862 1328 2945 χορόν
1352 2859 1436 2939 ἴσως
1460 2862 1611 2948 φαίημεν

352 2967 394 3027 ἀν
414 2965 587 3046 μουσικόν,
610 2971 673 3026 τού
685 2965 872 3048 κορυφαίου
887 2971 1053 3045 μουσικοῦ
1073 2965 1179 3040 ύντυς,
1202 2971 1269 3027 τῶν
1293 2961 1329 3028 δέ
1352 2962 1464 3027 ἀλλων
1489 2965 1605 3047 ἐκείνῳ
1629 2982 1658 3034 τε

354 3070 591 3146 συνεπομένων
618 3068 675 3129 καί
703 3062 808 3151 μηδὲν
837 3066 932 3148 παρδ
959 3062 1063 3146 μέλος
1091 3066 1335 3151 φθεγγομένων
1361 3068 1382 3153 ἡ
1406 3067 1530 3152 σμικρά
1553 3069 1610 3130 καί

301 3172 344 3235 22
354 3165 497 3254 ἀδήλως.
552 3167 687 3253 ἀγαθὴν
712 3170 774 3248 μὲν
800 3168 862 3251 γάρ
891 3165 929 3245 έξ
956 3168 1118 3230 ἁπάντων
1147 3169 1289 3251 ἀγαθῶν
1318 3166 1420 3233 πόλιν
1449 3171 1526 3233 οὔτε
1556 3191 1611 3245 τις

351 3273 530 3354 γενομένην
554 3271 719 3354 πρότερον
743 3265 816 3333 οἶδε
838 3263 990 3358 [θνητήν]
1014 3271 1091 3334 ούτε
1105 3273 1191 3334 ποτὲ
1215 3273 1261 3348 ὡς
1283 3274 1446 3358 έσσμένην
1468 3273 1611 3356 ὕστερον

352 3368 449 3450 άξιον
471 3368 708 3456 διανοηθῆναι,
732 3367 820 3458 πλὴν
843 3373 874 3436 εί
888 3375 933 3460 με)
949 3375 1043 3436 θεῶν
1058 3378 1217 3461 μακάρων
1231 3366 1307 3437 κατ’
1333 3375 1485 3458 οὐρανόν,
1509 3371 1611 3436 σύδα-

351 3479 426 3556 μῶς
446 3473 603 3558 ἀκίνητον
626 3469 702 3535 οὐδὲ
726 3474 845 3559 ἀργήν,
874 3472 959 3538 ἀλλά
984 3474 1139 3564 σφοδράν
1161 3477 1265 3539 οὖσαν
1286 3478 1343 3542 καί
1365 3481 1607 3561 πορευομένην,
1632 3497 1662 3548 εο

352 3583 420 3639 τῶν
440 3576 502 3656 μὲν
524 3578 715 3658 ἡγουμένων
737 3595 773 3638 τε
795 3578 852 3640 καί
873 3581 1020 3662 πρώτων
1041 3579 1136 3642 θεῶν
1153 3581 1258 3662 χωρὶς
1280 3575 1394 3661 ἔριδος
1414 3580 1472 3643 καὶ
1492 3581 1610 3665 ἥττης·

353 3679 430 3743 υύτε
457 3679 520 3762 γάρ
550 3672 673 3761 ἐρίζειν
700 3679 806 3754 θεούς
836 3681 911 3743 οὔτε
940 3680 1115 3766 ἡττᾶσθαι
1143 3680 1247 3762 θέμις
1271 3682 1347 3744 υότε
1369 3671 1430 3746 ὑπ’
1455 3679 1612 3766 ἀλλήλων

1449 3829 1608 3838 ffi—

436 3908 560 3970 2δοιιι.
580 3910 628 3968 UT
697 3909 886 3986 ύπρᾶγμαῐί
939 3909 1172 3972 δείσανταιΰΒ
1242 3905 1398 3974 ἵοῦτοιΒ
1471 3922 1500 3972 10
1519 3913 1613 3979 αὐτὸν

352 3997 431 4054 ΜῦΤ
502 4002 534 4054 16
552 3991 657 4056 οὐκοῦν
674 3996 748 4054 UBT
824 4002 853 4052 17
873 3991 914 4065 ὥς
930 4001 996 4071 περὶ
1012 4027 1046 4039 -
1063 4017 1096 4071 γε
1115 3990 1202 4072 αύτῆς
1217 4015 1270 4057 om.
1289 4000 1338 4057 UT
1415 3997 1614 4078 ἀφραινούσης

351 4081 447 4152 Βωμς
465 4077 693 4157 α’φρτνούαηςΜ
710 4075 934 4157 άφρουαύσηςΒ
1021 4087 1053 4139 12
1070 4077 1087 4156 ἥ
1106 4082 1136 4138 M
1204 4087 1237 4140 20
1255 4083 1394 4159 δφρονΤ
1463 4095 1494 4147 21
1515 4093 1542 4151 εί
1557 4108 1613 4150 om.

352 4167 440 4237 UBT3
458 4167 485 4226 εἰ
500 4169 595 4224 melius
613 4168 793 4224 collocaretur
804 4173 868 4224 unte
884 4163 937 4242 τὴν
952 4168 970 4224 l.
989 4173 1022 4224 23
1126 4173 1160 4226 22
1178 4175 1316 4245 διοικῆται
1334 4173 1444 4242 Roinke,
1462 4182 1612 4238 διοικεῖται

350 4253 415 4311 libri
431 4253 469 4320 (ἰιι
487 4253 509 4310 U
527 4257 665 4325 διοικῆται
682 4256 815 4310 mutatum
833 4252 862 4310 in
879 4258 1028 4313 διοικεῖται
1044 4269 1108 4313 am.
1121 4261 1173 4326 pr.)
1224 4261 1257 4313 27
1275 4256 1333 4333 γάρ
1350 4276 1395 4317 σαι
1414 4260 1438 4318 Τ
1489 4267 1522 4320 28
1540 4269 1612 4338 θυη-

352 4335 404 4413 τὴν
420 4351 651 4410 flammeum
667 4345 781 4409 propter
796 4334 871 4411 πλὴν
887 4337 913 4398 εί
930 4355 954 4398 e.
972 4357 997 4412 q.
1015 4356 1037 4398 ε.
1099 4345 1132 4398 20
1149 4335 1244 4416 άργόν
1261 4343 1343 4402 Βίοδ.
1400 4345 1516 4422 σφόδρα
1533 4351 1564 4408 Μ

353 4429 383 4481 31
404 4424 617 4498 πρωτευόντων
627 4423 692 4480 wil.
761 4429 824 4496 post
841 4429 921 4485 θεῶν
937 4427 1069 4485 excidisse
1086 4429 1224 4499 διορίσατε
1242 4431 1319 4501 (ταῖν
1336 4433 1367 4490 δὲ
1384 4429 1561 4507 ἑπομένων),
1580 4444 1616 4496 ut

351 4503 437 4586 ἥττης
453 4509 553 4567 habent
570 4527 625 4580 quo
641 4511 776 4568 referatur
