3526 5264
649 371 786 428 ORATIO
804 372 930 428 LXXIII.
1358 373 1417 432 191

158 550 313 632 χρήματα
343 547 454 625 ἔχοντι
460 595 470 624 ,
502 546 539 622 δς
561 548 647 630 ὑπὲρ
678 538 784 610 αὐτοῦ
810 551 870 634 τήν
900 542 1020 632 ζημίαν
1048 546 1210 630 κατέβαλε
1233 551 1274 612 τά
1298 551 1420 635 πεντή·

160 669 262 712 κοντα
291 645 448 710 τάλαντα.
497 649 611 711 καίτοι
632 650 752 729 Κίμων
778 651 918 734 ύστερον
938 641 1140 735 Ἀθηναίοις
1163 652 1304 734 Κύπρον
1327 653 1421 736 έκτή-

164 769 249 814 σατο
269 752 327 813 καὶ
349 745 434 835 πεζῇ
457 752 525 830 ἅμα
547 752 604 814 καί
625 753 742 814 ναυσίν
764 753 896 837 ἐνίκησε
918 755 998 828 τούς
1012 753 1204 837 βαρβάρους
1227 755 1307 835 περὶ
1321 754 1419 834 Παμ-

162 851 303 938 φυλίαν·
327 841 401 914 όλλ’
427 855 520 932 δμως
541 856 600 915 τόν
621 861 777 916 τοιοῦτον
800 847 903 918 αὐτόν
925 857 1004 918 όντα
1026 857 1083 919 καὶ
1104 859 1261 918 τοιούτου
1278 859 1418 935 πατρός,

125 957 194 1018 ιεί
215 957 260 1041 μὴ
281 957 462 1039 χρημάτων
486 947 690 1041 εὐπόρησεν,
718 958 841 1037 ἄτιμον
862 953 939 1040 (ἂν)
960 957 1039 1021 εἴων
1061 960 1097 1020 έν
1119 966 1161 1043 τῇ
1184 955 1294 1021 πόλει.
1340 962 1417 1021 Φω·
1442 965 1460 1024 7

159 1059 264 1120 κίωνα
289 1053 324 1118 δὲ
347 1058 487 1140 ὕστερον
509 1060 567 1120 τόν
589 1059 675 1141 ὑπὲρ
699 1055 904 1144 ὀγδοήκοντα
928 1060 984 1145 ότρ
1008 1059 1200 1140 βιώσαντα,
1230 1063 1359 1123 τούτων
1383 1059 1419 1124 δὲ

160 1161 202 1222 τά
232 1155 340 1221 πλείω
371 1161 647 1245 στρατηγήσαντα
675 1162 732 1222 καὶ
760 1164 820 1246 τήν
855 1158 957 1224 πόλιν
996 1159 1252 1247 διαφυλάξαντα
1281 1165 1317 1225 έν
1347 1169 1421 1237 τοῖς

157 1258 416 1343 χαλεπωτάτοις
434 1267 567 1345 καιροῖς
581 1264 638 1325 καὶ
649 1266 796 1348 χρηστόν
810 1255 874 1326 ὑπ’
893 1255 1004 1326 αὐτῶν
1019 1265 1155 1326 ἐκείνων
1171 1265 1420 1345 ὀνομασθέντα,

159 1373 279 1427 τοῦτον
295 1355 353 1426 οὐκ
368 1365 505 1449 ἤρκεσεν
518 1355 634 1440 αὐτοῖς
645 1365 846 1428 ἀποκτεῖναι
856 1369 970 1445 μόνον,
987 1355 1064 1428 ἀλλ’
1084 1358 1161 1428 οὐδὲ
1174 1370 1288 1451 νεκρὸν
1301 1367 1419 1430 εἴασαν

24 1463 140 1566 (Βῗῗβῐύ
161 1469 197 1530 έν
219 1475 260 1552 τῇ
276 1457 420 1551 Ἀττικῇ,
443 1458 521 1528 ἀλλ’
546 1467 631 1550 ὑπὲρ
654 1469 733 1544 τούς
755 1471 854 1552 όρους
868 1465 1038 1549 ἐξέβαλον.
1075 1469 1199 1544 Νικίας
1223 1466 1259 1531 δὲ
1282 1471 1419 1555 ύΝικη-

161 1573 264 1655 ράτου
295 1563 363 1653 [διά
393 1571 432 1631 τὸ
455 1570 686 1632 πιστεύεσθαι
707 1571 775 1633 ὑπὸ
798 1577 866 1633 τῶν
894 1565 1074 1654 πολιτῶν],
1104 1572 1337 1652 ἐπιστάμενος
1359 1575 1420 1657 τήν

160 1677 195 1736 όν
216 1670 353 1756 Σικελίᾳ
377 1673 556 1755 στρατείαν
579 1673 636 1734 οία
658 1674 772 1735 ἔσοιτο
795 1675 852 1736 καί
874 1675 945 1736 ἀπὸ
968 1681 1030 1736 τοῦ
1057 1674 1147 1736 θεοῦ
1173 1675 1230 1736 καὶ
1259 1672 1307 1756 τῷ
1331 1671 1420 1756 λογί-

160 1767 298 1848 ζεσθαι,
328 1775 419 1853 όμως
446 1776 643 1860 ἠναγκάσθη
676 1777 954 1859 στρατεύσασθαι
984 1783 1093 1838 νοσῶν
1126 1773 1182 1839 διά
1211 1779 1271 1863 τὴν
1301 1777 1420 1839 πίστιν

159 1877 292 1959 ταύτην.
332 1878 388 1938 καὶ
410 1878 441 1938 εί
462 1878 523 1956 μὲν
546 1874 731 1958 ἀποβαλών
753 1881 814 1964 τήν
838 1880 1000 1962 στρατιάν
1022 1880 1041 1963 ἢ
1064 1884 1168 1962 μέρος
1191 1871 1296 1965 αὐτῆς
1319 1869 1420 1953 αὗτδς

114 1989 142 2042 15
164 1985 243 2060 γοῦν
264 1979 399 2063 έσώθη,
430 1975 531 2064 δῆλον
552 1981 606 2041 ότι
629 1979 718 2041 οἴκοι
739 1981 946 2065 άφικόμενος
974 1977 1148 2043 ἀπολώλει
1176 1982 1227 2043 όν.
1278 1982 1355 2042 όπεὶ
1384 1978 1420 2043 δὲ

4 2091 7 2102 '
160 2087 260 2142 τοῦτο
283 2077 384 2154 εἰδώς
407 2077 657 2165 προσελιπάρει
679 2084 791 2143 πάντα
810 2085 949 2166 τρόπον,
974 2079 1121 2167 ληφθεὶς
1144 2083 1211 2142 ύπδ
1228 2088 1295 2144 τῶν
1320 2080 1420 2144 πολε-

159 2184 247 2262 μίων
269 2189 368 2244 τοῦτο
392 2184 535 2245 ἔπαθεν.
621 2185 803 2245 καὶταῦτα
826 2185 902 2263 έμοί
926 2185 1005 2267 περὶ
1025 2191 1107 2263 μιᾶς
1130 2178 1262 2256 πόλεως
1285 2181 1418 2268 εἴρηται
1441 2189 1460 2251 8

159 2287 305 2347 καὶτῶν
328 2288 364 2347 έν
385 2284 450 2369 μιᾷ
472 2283 573 2348 πόλει
589 2281 870 2366 πολιτευομένων,
896 2277 971 2348 οὐδὲ
987 2288 1116 2347 τούτων
1133 2286 1304 2346 ἁπάντων.
1343 2287 1422 2359 τούς

161 2386 197 2450 δὲ
221 2389 316 2472 παρά
338 2393 413 2464 τοῖς
434 2390 610 2473 τυράννοις
633 2385 814 2464 δοκοῦντας
837 2391 982 2464 πιστούς
1010 2390 1041 2450 εί
1071 2385 1245 2468 ἐπεξίοιμι
1275 2387 1357 2450 σίων
1381 2383 1419 2472 δή

108 2505 138 2554 κο
160 2493 369 2577 τετυχήκασι,
392 2488 529 2554 πολλῶν
552 2493 592 2554 ἂν
615 2491 700 2567 ἴσως
720 2511 782 2571 μοι
805 2489 925 2577 δεήσαι
940 2493 1029 2554 πάνυ
1044 2495 1186 2575 ἡμερῶν.
1227 2487 1344 2570 σχεδδν
1359 2491 1422 2574 γάρ

58 2611 109 2658 (σου
120 2609 151 2657 m
161 2596 201 2655 τό
216 2612 252 2675 γε
278 2593 435 2680 σωθῆναι
450 2594 598 2668 ἐκείνους
619 2590 785 2655 άδύνατύν
807 2594 910 2656 ἐστιν.
951 2595 985 2655 ol
997 2595 1059 2672 μὲν
1074 2594 1136 2676 γάρ
1153 2593 1193 2654 δν
1218 2594 1422 2675 παράσχωσι

160 2687 245 2756 καθ’
272 2697 381 2758 αὐτῶν
405 2697 535 2772 αἰτίαν,
566 2696 612 2771 ώς
641 2692 880 2781 ἀδικήσαντες,
913 2691 969 2757 διά
998 2702 1098 2757 τοῦτο
1128 2691 1339 2757 ἀπόλλυνται
1366 2695 1423 2755 καὶ

163 2789 222 2859 οὐκ
250 2799 343 2860 ἔστιν
373 2787 533 2877 οὐδεμιᾶς
563 2799 758 2882 συγγνώμης
785 2803 913 2877 τυχεῖν·
946 2800 980 2860 σί
1009 2787 1041 2860 δ’
1074 2799 1115 2860 όν
1145 2794 1265 2882 ἅνδρες
1294 2798 1424 2879 ἀγαθοί

165 2906 302 2985 φανῶσι
323 2900 379 2960 καὶ
402 2896 643 2984 διαφυλάττειν
667 2897 846 2981 δυνάμενοι
873 2901 915 2962 τά
938 2901 1186 2977 πιστευθέντα,
1217 2904 1422 2981 παραχρῆμα

5 3033 7 3060 ι
114 3015 146 3066 κα
167 3004 228 3081 μὲν
250 3011 350 3088 τιμῆς
372 3021 464 3076 τινος
486 3003 611 3082 ἔτυχον,
633 2993 710 3083 μετ’
737 2995 774 3065 οὗ
798 3000 886 3065 πολύ
910 3000 945 3065 δὲ
964 2999 1174 3065 άπύλλυνται
1191 3001 1424 3087 φθονούμενοι

163 3106 221 3166 καὶ
242 3105 524 3184 ὑποπτευόμενοι.
563 3097 601 3166 οὐ
625 3107 687 3189 γάρ
711 3102 807 3168 δοκεῖ
818 3102 1002 3167 λυσιτελεῖν
1018 3109 1091 3180 τοῖς
1106 3105 1288 3187 μονάρχοις
1304 3089 1417 3162 οὐδέν’
1442 3110 1462 3172 9

165 3203 271 3290 άνδρα
301 3206 434 3287 ἀγαθόν
463 3205 551 3268 εἶναι
580 3199 665 3286 παρ’
696 3199 812 3282 αὐτοῖς
840 3199 915 3269 οὐδ’
954 3199 1194 3287 εὐδοκιμοῦντα
1232 3203 1423 3290 φαίνεσθαι

166 3308 261 3392 παρὰ
282 3305 331 3389 τῷ
354 3303 493 3392 πλήθει.
596 3310 633 3369 αί
656 3305 691 3370 δὲ
715 3309 808 3392 παρὰ
831 3307 897 3371 τῶν
920 3305 1067 3371 ἰδιωτῶν
1090 3310 1227 3384 πίστεις
1248 3302 1423 3377 κινδύνους

164 3412 226 3491 μέν
248 3411 370 3494 ἥττους
392 3407 476 3484 ἴσως
491 3410 635 3488 όχουσιν,
657 3413 711 3472 ότι
724 3412 781 3472 καὶ
794 3411 836 3472 τά
852 3413 1034 3494 πράγματα
1050 3407 1179 3472 ἐλάττω
1195 3410 1298 3486 ἐστίν,
1323 3409 1423 3486 ἀσχο-

251 3701 267 3753 2
285 3697 419 3755 έκτίαατο
437 3695 467 3750 Μ
541 3691 683 3769 ἐκτήσατο
704 3727 736 3736 -
755 3701 770 3751 1
787 3701 859 3770 βαρ
875 3711 929 3752 στα.
947 3696 974 3750 H
992 3697 1030 3762 (in
1046 3711 1113 3764 mg.
1132 3697 1222 3766 suppl.
1241 3710 1258 3750 α
1275 3699 1356 3760 corr.)

165 3779 711 3849 5άνιύδ.1)ἰαδ.,εεεσίιιείλελιλὶσω
814 3784 970 3854 φωκείωνα
987 3781 1017 3836 Μ
1121 3776 1338 3853 δβιάσανταΡ

162 3866 302 3928 τούτωΒ
354 3864 636 3940 8χαλεποτάταιςΡ
690 3873 719 3922 11
740 3862 838 3926 διὰτὸ
858 3899 889 3908 -
908 3869 1035 3924 πολιτῶν
1052 3865 1165 3922 seclusit
1176 3865 1256 3936 Emp.
1311 3868 1342 3918 12
1361 3883 1377 3920 ν
1396 3863 1424 3916 In

162 3955 321 4026 στρατείαν
338 3968 355 4008 a
372 3971 407 4010 m.
426 3954 521 4010 νεαΡ
628 3959 658 4008 13
677 3949 946 4022 στρατεύσεσθαιΡ
1040 3953 1145 4024 κίστην
1162 3949 1186 4006 U
1206 3966 1242 4006 m.
1261 3965 1303 4020 pr.
1323 3949 1352 4004 II

167 4046 196 4095 11
216 4041 373 4111 στρατείαν
390 4037 439 4095 UB
510 4044 541 4094 16
559 4031 710 4098 άπωλώλει
728 4038 754 4092 Η
824 4043 855 4093 16
874 4033 978 4109 φειόδς
995 4036 1025 4091 II
1102 4031 1325 4112 προσελιπάρει
1343 4035 1373 4088 II

168 4121 628 4192 111ααεε11,ωσνετιωα
748 4121 858 4198 εἴρηται
878 4119 994 4190 πόλεως
1014 4122 1075 4188 (noc
1097 4121 1216 4186 ord.IU
1319 4124 1351 4174 20
1374 4138 1425 4190 μοι

165 4212 257 4266 σακΡ
342 4206 439 4282 δεήσαι
456 4210 504 4265 PII
589 4204 745 4285 ἢμέρωνΒ
842 4213 873 4264 11
892 4228 925 4282 γε
944 4212 1073 4280 σωθῆναι
1091 4207 1157 4263 wil.
1176 4207 1325 4277 praeclaro,
1341 4227 1424 4279 γεγη-

166 4299 248 4355 θέναι
273 4296 336 4352 libri
436 4294 558 4363 ἐκείνοις
580 4295 629 4350 PII
741 4300 773 4351 22
797 4290 870 4354 καθ’
893 4289 989 4352 αἷπῶν
1012 4294 1061 4350 ΡΗ
1081 4284 1150 4350 κατ’
1175 4285 1271 4350 αδταῑν
1287 4292 1337 4348 UB
1354 4284 1423 4350 κατ’

166 4378 256 4440 αὐτὸν
274 4382 304 4437 Μ
406 4373 629 4438 άπώλλυνταιΡ
732 4386 765 4436 2³
789 4379 817 4438 oI
838 4374 865 4438 ό’
889 4378 991 4455 ἄνδρες
1007 4383 1070 4444 (om.
1088 4374 1135 4444 (ἲν)
1159 4379 1236 4435 Um.
1256 4380 1340 4450 pr.B

167 4472 200 4524 26
220 4462 300 4526 ούόεν
317 4467 396 4523 UBII
415 4460 516 4524 οδόένα
534 4466 582 4522 PII
651 4471 683 4521 21
703 4461 813 4525 mma
883 4471 915 4520 29
932 4465 1089 4538 γράμματα
1107 4471 1202 4535 (nuptu
1219 4465 1267 4519 lin.
1286 4459 1425 4536 τὰπράγ-

165 4557 256 4622 ματα)
273 4553 294 4606 P
