3526 5264
349 363 410 424 188
803 365 928 421 DIONIS
945 365 997 421 DE
1014 364 1155 421 HABITU

346 534 421 624 (οδ)
443 541 647 603 παντάπασι
671 537 780 626 ψευδῆ
804 538 937 604 οἴονται
957 543 1015 603 καὶ
1035 539 1085 623 τῷ
1107 542 1181 603 όντι
1203 539 1377 616 Αἴσωπος
1405 549 1525 606 τοῦτον
1547 544 1607 607 τδν

347 645 476 726 τρόπον
490 643 650 725 ἐπειρᾶτο
666 643 843 705 νουθετεῖν
857 646 937 719 τούς
952 644 1162 727 ἀνθρώπους
1175 645 1233 706 καί
1243 639 1475 708 ἐπιδεικνύναι
1490 646 1608 725 αὐτοῖς

348 745 432 806 ἅττα
454 745 717 828 ἁμαρτάνουσιν,
741 746 787 820 ὡς
810 745 850 806 ἂν
872 741 1021 824 μάλιστα
1045 746 1216 831 ἠνείχοντο
1233 746 1344 822 αύτόν,
1366 743 1526 829 ἡδόμενοι
1548 752 1608 814 ἐπί

347 845 395 929 τῷ
416 842 536 928 γελοίῳ
558 848 616 909 καί
636 851 710 922 τοῖς
731 848 877 926 μύθοις·
902 848 1019 932 ὥσπερ
1042 848 1084 910 τά
1108 845 1232 910 παιδία
1249 853 1326 923 ταῖς
1341 849 1481 926 τίτθαις
1496 852 1607 929 μυθο-

348 946 566 1031 λογουμέναις
589 951 797 1034 προσέχουσί
818 971 855 1013 τε
876 952 932 1013 καί
953 947 1104 1034 ήδονται.
1205 951 1275 1013 όπδ
1300 947 1339 1036 δή
1362 958 1422 1037 τῆς
1444 955 1605 1039 τοιαύτης
1628 968 1643 1017 ό

348 1047 456 1134 δόξης,
479 1053 526 1126 ὡς
546 1053 603 1114 καί
626 1041 710 1134 παρ’
735 1056 830 1138 ήμῶν
853 1053 1077 1134 ἀκουσόμενοί
1097 1074 1132 1115 τι
1154 1060 1310 1116 τοιοῦτον
1336 1052 1409 1114 οἷον
1434 1052 1609 1130 Αἴσωπος

348 1150 498 1238 έλεγενή
524 1156 646 1216 όποῖον
668 1156 849 1240 Σωκράτης
870 1156 890 1240 ή
915 1149 1047 1239 [ὁποῖα]
1069 1158 1244 1240 Διογένης,
1271 1157 1438 1239 προσίασι
1459 1158 1516 1220 καί
1537 1159 1609 1221 ἐνο·

344 1253 465 1335 χλοόοι
492 1258 549 1319 καί
579 1257 617 1317 ού
648 1253 808 1320 δύνανται
835 1258 1047 1337 ἀπέχεσθαι,
1078 1258 1116 1320 δν
1145 1259 1186 1320 όν
1216 1255 1336 1320 ἴδωσιν
1364 1259 1399 1320 ἐν
1427 1261 1535 1342 τούτῳ
1558 1258 1607 1342 τῴ

350 1361 505 1444 σχήματι,
528 1360 567 1421 ού
589 1356 718 1439 μᾶλλον
732 1363 752 1447 ή
768 1361 811 1423 τά
827 1363 936 1444 όρνεα,
959 1357 1102 1424 ἐπειδάν
1125 1358 1228 1423 ἴδωσι
1249 1357 1392 1442 γλαῦκα·
1415 1352 1475 1446 ἐφ’
1502 1351 1530 1443 ᾦ
1551 1365 1608 1426 καί

301 1455 522 1535 14ξυνετίθει
544 1458 642 1544 λόγον
665 1461 838 1538 Αἴσωπος
867 1471 1039 1540 τοιοῦτον,
1069 1465 1115 1538 ὡς
1144 1463 1186 1524 τά
1217 1464 1315 1544 όρνεα
1345 1459 1490 1549 ξυνῆλθε
1520 1466 1608 1548 πρὸς
1631 1477 1661 1526 10

347 1566 406 1649 τήν
434 1560 560 1644 γλαῦκα
588 1566 646 1627 καί
667 1560 778 1626 ἐδεῖτο
808 1573 868 1650 τῆς
895 1567 957 1644 μὲν
988 1566 1058 1627 όπό
1081 1572 1148 1628 τῶν
1172 1563 1453 1650 οίκοδομημάτων
1483 1570 1611 1652 σκέπης

347 1666 614 1727 ἀπανίστασθαι
621 1714 631 1743 ,
662 1668 749 1750 πρός
772 1663 808 1729 δέ
830 1667 872 1728 τά
897 1664 1017 1752 δένδρα
1040 1670 1099 1754 τήν
1120 1664 1258 1744 καλιάν,
1288 1669 1405 1751 ὥσπερ
1434 1669 1492 1730 καί
1514 1669 1610 1746 αὐτά,

347 1768 405 1830 καί
425 1769 505 1842 τούς
525 1771 655 1830 τούτων
675 1771 962 1854 μεταπήγνυσθαι
983 1767 1129 1848 κλῶνας,
1158 1761 1224 1855 ἀφ’
1251 1768 1296 1832 ὥν
1318 1770 1375 1832 καί
1398 1760 1493 1853 ᾄδειν
1516 1771 1610 1834 ἐστιν

350 1871 590 1952 εὐσημότερον·
616 1873 674 1934 καί
696 1869 735 1958 δή
758 1873 815 1935 καί
837 1875 925 1955 πρός
948 1869 1026 1957 δρῦν
1049 1875 1189 1952 ταυτηνί
1210 1873 1289 1956 άρτι
1312 1877 1493 1958 φυομένην,
1515 1875 1610 1936 ἐπει-

351 1969 412 2036 δάν
440 1975 528 2058 πρός
550 1976 641 2059 ὥραν
662 1976 843 2061 ἀφίκηται,
874 1977 1019 2056 έτοίμως
1041 1977 1129 2056 έχειν
1160 1970 1284 2052 ίζάνειν
1310 1976 1367 2037 καί
1387 1983 1448 2061 τής
1467 1971 1608 2058 χλοερᾶς
1631 1987 1661 2038 ῑό

349 2077 455 2160 κόμης
477 2077 690 2140 ἀπόνασθαι.
736 2070 812 2140 ἀλλ’
839 2077 897 2141 οδν
919 2081 979 2164 τήν
1000 2097 1037 2161 γε
1058 2075 1183 2161 γλαῦκα
1205 2079 1249 2163 μή
1274 2084 1375 2138 τοῦτο
1391 2081 1464 2153 τοῖς
1480 2079 1613 2162 όρνέοις

351 2182 465 2240 ποιεῖν
487 2183 667 2262 παραινεῖν
690 2176 776 2262 μηδὲ
806 2188 915 2266 φυτοῦ
942 2176 1071 2264 βλάστη
1094 2175 1290 2265 ἐφήδεσθαι
1313 2175 1396 2255 (ίξδν
1419 2181 1613 2265 πεφυκότος

302 2281 341 2343 15
356 2282 489 2363 φέρειν,
516 2286 659 2366 πτηνοῖς
682 2278 853 2366 όλεθρον’.
898 2283 940 2344 τά
964 2279 999 2344 δὲ
1021 2283 1105 2366 μήτε
1127 2291 1187 2368 τῆς
1210 2276 1398 2366 ξυμβουλῆς
1426 2277 1736 2361 όπεδέχετοωιισι

351 2384 410 2467 τήν
441 2379 584 2463 γλαῦκα,
618 2385 813 2447 τούναντίον
845 2382 880 2448 δέ
911 2386 1023 2466 ἔχαιρε
1051 2392 1093 2470 τῇ
1123 2381 1199 2469 δρυῒ
1226 2388 1394 2469 φυομένη,
1424 2379 1545 2468 ἐπειδή
1574 2403 1612 2446 τε

353 2485 446 2570 ἱκανή
470 2480 519 2568 ήν,
541 2487 735 2548 καθίσαντα
757 2479 817 2549 ἐπ’
844 2487 945 2572 αύτήν
967 2469 1057 2571 ᾖδεν.
1102 2491 1279 2570 γενομένου
1303 2483 1339 2548 δὲ
1363 2493 1426 2548 τοῦ
1451 2483 1528 2563 ἰξοῦ
1547 2487 1607 2569 ρᾳ-
1630 2497 1660 2548 2ο

352 2582 435 2662 δίως
456 2585 518 2672 ήδη
542 2590 610 2651 ύπό
632 2597 700 2652 τῶν
715 2591 912 2674 ἀνθρώπων
928 2587 1132 2669 ἁλισκόμενα
1147 2592 1325 2669 μετενόουν
1340 2590 1397 2651 καί
1411 2589 1471 2674 τήν
1485 2583 1611 2670 γλαῦκα

352 2684 547 2768 ἐθαύμαζον
569 2692 628 2753 ἐπί
649 2699 691 2776 τῇ
713 2688 891 2777 ξυμβουλῇ.
924 2695 981 2756 καί
995 2699 1052 2755 νῦν
1068 2693 1119 2754 ἐτι
1140 2693 1247 2767 οὕτως
1262 2691 1406 2771 ἔχουσιν,
1430 2691 1477 2766 ὡς
1500 2687 1611 2775 δεινῆς

351 2792 408 2853 καί
420 2799 530 2878 σοφῆς
543 2793 645 2878 ούσης
656 2795 768 2879 αύιής,
782 2798 839 2858 καί
852 2792 909 2857 διό
924 2802 1024 2857 τοῦτο
1040 2791 1202 2857 ἐθέλουσι
1218 2789 1429 2879 πλησιάζειν,
1444 2796 1610 2877 ήγούμενα
1620 2806 1671 2858 (ΙΙ
1684 2805 1714 2856 ¹)

353 2892 487 2973 ἀγαθόν
508 2915 543 2957 τι
566 2893 753 2960 ἀπολαύειν
776 2905 836 2983 τῆς
852 2894 1046 2975 ξυνουσίας·
1069 2898 1191 2960 ἔπειτα
1208 2895 1305 2978 οἶμαι
1321 2897 1488 2980 προσίασι
1503 2898 1612 2980 μάτην

352 2996 412 3058 ἐπί
433 2995 533 3079 κακῷ.
577 3001 597 3083 ή
620 3000 682 3078 μέν
704 2999 766 3083 γάρ
789 3001 923 3088 ἀρχαία,
939 2997 1043 3083 γλαύξ
1063 2997 1111 3082 τῷ
1142 3002 1215 3062 όντι
1244 3000 1391 3087 φρονίμη
1421 3019 1458 3061 τε
1485 2994 1525 3082 ήν
1552 2998 1611 3059 καί
1630 3005 1662 3058 25

354 3095 590 3179 ξυμβουλεύειν
612 3098 762 3164 ἐδύνατο.
809 3103 846 3164 al
869 3099 904 3164 δέ
927 3110 984 3165 νῦν
1005 3105 1109 3183 μόνον
1131 3104 1174 3166 τό
1197 3103 1305 3188 πτερά
1328 3103 1462 3182 ἐχουσιν
1484 3101 1613 3184 ἐκείνης

353 3202 410 3262 καί
437 3202 516 3276 τούς
545 3200 750 3287 ὀφθαλμούς
778 3207 834 3268 καί
863 3207 902 3267 τό
931 3207 1085 3291 ῥάμφος,
1114 3206 1155 3267 τά
1185 3202 1221 3268 δέ
1252 3201 1336 3266 ἄλλα
1364 3202 1615 3289 ἀφρονέστεραί

354 3304 424 3365 εισι
445 3310 512 3366 τῶν
535 3302 646 3369 ἄλλων
669 3308 803 3388 όρνέων.
842 3309 960 3370 οὐκοῦν
976 3305 1052 3372 οὐδὲ
1075 3309 1198 3383 έαυτάς
1221 3305 1380 3371 δύνανται
1403 3302 1499 3368 οὐδέν
1522 3306 1613 3389 ὠφε-

307 3400 346 3464 16
359 3401 443 3467 λεῖν·
468 3407 506 3467 ού
528 3407 591 3491 γάρ
613 3409 655 3470 όν
677 3410 772 3494 παρά
794 3416 868 3486 ταῖς
891 3412 1142 3497 ὀρνιθοθήραις
1160 3412 1342 3497 ἐτρέφοντο
1360 3404 1536 3487 δεδεμέναι
1556 3406 1614 3468 καί

358 3597 561 3606 -..-.——.-...

428 3690 495 3756 ίοδ
513 3697 575 3753 εδδ.
593 3696 700 3754 θοίδειι.
774 3700 823 3754 καί
841 3697 947 3766 scripsi,
964 3697 992 3755 εί
1008 3697 1056 3752 ΡΗ
1074 3687 1092 3768 ἦ
1109 3695 1156 3752 UB
1175 3691 1191 3768 ἡ
1211 3697 1239 3750 Μ
1326 3687 1496 3769 δῆνίγοντο
1514 3693 1545 3750 M

357 3779 445 3842 αὐτοῦ
463 3784 511 3840 UB
574 3783 863 3855 ἐμυθολόγουμένας
880 3783 909 3836 Μ
967 3776 1092 3840 ῖδποῖα
1109 3783 1173 3837 secl.
1191 3781 1256 3838 WM.
1326 3777 1455 3839 δίδωσιν
1471 3777 1504 3837 ἐν
1520 3773 1614 3853 τούτῳ

356 3886 424 3928 corr.
443 3884 477 3925 ex
493 3867 573 3928 λόονσι
591 3865 684 3944 τούτῳ
703 3868 735 3934 U,
753 3866 786 3927 ἐν
803 3870 895 3925 στιλλ
965 3864 1132 3940 madh?
1200 3867 1293 3924 Verbt
1310 3859 1360 3939 ἐφ’
1379 3855 1448 3942 ᾦ-
1463 3870 1494 3919 18
1511 3858 1615 3922 duod&-

354 3961 459 4028 χεσθαι
471 3951 522 4028 τήν
533 3958 643 4028 γλαῦκα
653 3970 704 4010 om.
714 3952 802 4021 PEM,
815 3954 904 4024 suppl.
917 3954 944 4008 in
957 3969 1021 4022 ατς.
1032 3956 1209 4019 correctores,
1220 3952 1243 4008 P
1256 3967 1342 4022 usque
1353 3953 1388 4006 ad
1398 3943 1569 4010 άπόνααέλαι

358 4047 389 4097 10
407 4043 548 4099 συνετίθει
565 4055 632 4109 mrg.
650 4041 681 4095 M
752 4044 781 4094 11
800 4035 906 4112 σκέπης
923 4039 1030 4103 Βαίείιε,
1050 4031 1122 4109 ὀπῆς
1135 4037 1191 4105 UB,
1207 4052 1274 4108 ται-ς.
1288 4037 1314 4092 Η
1328 4041 1390 4102 (om.
1408 4053 1474 4105 ταις.
1485 4035 1516 4103 Ρ,
1533 4031 1615 4104 periit

355 4127 384 4181 in
395 4126 435 4192 M)
489 4130 520 4180 12
532 4123 776 4183 ἐπανίστασθαιΒ
838 4128 869 4178 1³
887 4116 944 4194 α’φ’
962 4113 1005 4180 ὧν
1021 4150 1054 4163 -
1068 4128 1100 4177 14
1118 4115 1313 4195 εὐσημότερον
1331 4121 1372 4177 bis
1390 4137 1442 4177 κατ.
1460 4117 1562 4187 ΜΡ

360 4209 467 4286 Ιέᾶρτι
480 4215 594 4279 ταυτηνί
607 4213 671 4278 (hoc
683 4211 753 4274 ord.)
765 4209 835 4276 libri,
847 4209 1015 4279 transposuit
1026 4207 1128 4264 Reiako
1184 4205 1394 4282 ἐπειόήωες.Ρ
1467 4208 1495 4259 17
1508 4201 1614 4258 imbus

355 4299 465 4369 agnovit
482 4297 546 4353 wil.
635 4300 667 4352 18
685 4289 842 4366 άπεόέχετο
861 4295 997 4363 Roianus,
1016 4287 1210 4366 ἀποδέχεσθαι
1228 4294 1291 4349 libri
1378 4296 1410 4346 19
1428 4310 1460 4348 τε
1478 4288 1566 4356 Eup„
1583 4288 1614 4345 δὲ

354 4383 418 4439 libri
508 4387 541 4438 20
558 4379 643 4440 ίκανὰ
662 4380 715 4436 BM
733 4376 815 4452 λκανή
832 4381 859 4452 (η
876 4394 894 4434 ⁸
912 4380 1033 4447 corr.)U
1101 4377 1205 4438 Mev'M
1222 4369 1271 4451 η’όε
1289 4375 1315 4431 Η
1331 4367 1380 4449 ἥδε
1398 4391 1431 4430 ex
1448 4369 1544 4432 είδεΡ

356 4473 408 4527 τοῦ
424 4484 443 4525 ε
461 4485 530 4526 corr.
548 4467 616 4522 inP
668 4469 699 4520 21
720 4463 771 4538 τὴν
788 4480 839 4520 om.
858 4463 929 4520 Um.
941 4482 983 4535 pr.
1037 4469 1069 4522 22
1086 4465 1250 4539 ἐθαύμαζεν
1266 4461 1338 4528 libri,
1355 4475 1425 4516 corr.
1444 4459 1562 4514 editores

356 4557 388 4609 28
407 4549 536 4620 αύτάςΜ
591 4544 674 4609 odoi*
693 4566 743 4607 om.
761 4549 810 4605 PH
828 4566 863 4604 m.
881 4567 932 4620 pr„
951 4547 1015 4615 οὗόὲ
1031 4553 1061 4608 M
1119 4557 1152 4610 29
1172 4546 1380 4628 ὀρνιθοθήραις
1396 4549 1437 4610 (αι
1454 4557 1472 4596 2
1489 4539 1614 4608 corr.)U
