3452 5264
343 327 384 387 26
881 331 1057 432 mmm

344 506 478 590 πρύμνα
501 514 561 591 τῆς
579 498 749 585 Ἑλλάδος,
773 504 885 590 όλβιοι
906 509 968 589 μέν
989 509 1046 571 καλ
1068 509 1205 594 ἀφνειοί
1225 508 1282 570 καλ
1303 509 1345 570 τό
1368 515 1509 572 τοιαῦτα
1532 517 1602 574 τῶν

343 609 519 687 ὀνομάτων
548 610 584 671 έκ
613 607 769 672 παλαιῶν
795 613 925 690 χρόνων
952 612 1021 672 ύπδ
1051 607 1097 672 τά
1100 632 1118 674 ν
1148 607 1299 695 ποιητῶν
1328 612 1384 674 καί
1412 609 1479 673 τῶν
1506 611 1601 676 θεῶν

343 704 602 791 ὀνομαζόμενοι,
631 713 686 774 ὅτε
714 714 771 775 καὶ
798 719 866 774 τῶν
889 709 1000 775 ἄλλων
1022 714 1112 776 τισίν
1133 713 1261 799 ύπηρχε
1283 714 1340 775 καλ
1361 710 1521 778 πλουτεῖν
1542 717 1600 780 καὶ

344 806 531 875 δύνασθαι·
560 820 617 875 νύν
646 804 680 876 δ’
712 805 776 899 ἀφ’
810 811 852 876 ού
878 809 1148 896 προλέλοιπενό
1176 809 1324 889 πλοῦτος
1343 804 1540 896 Ὀρχομενόν
1563 837 1600 881 τε

342 913 399 974 καλ
419 911 578 1000 Δελφούς
599 912 681 997 έλέῳ
703 917 765 996 μέν
788 917 880 996 δμῶν
896 913 1056 979 δύνανται
1072 911 1258 1001 διαφέρειν,
1281 910 1367 1001 ζήλῳ
1385 913 1421 980 δέ
1444 910 1522 981 οὐδὲ
1538 919 1598 996 εἷς.
1620 932 1636 982 5

292 1012 332 1076 37
428 1017 486 1078 καὶ
506 1024 612 1079 ταῦτα
634 1019 695 1097 μὲν
710 1018 797 1100 ὑπὲρ
812 1025 872 1103 τῆς
888 1014 1031 1095 πόλεως,
1053 1017 1094 1102 ήν
1110 1009 1147 1079 ού
1173 1013 1230 1081 δεῖ
1247 1018 1341 1102 παρὰ
1356 1023 1430 1094 τοῖς
1443 1011 1600 1106 Ἕλλησιν

342 1119 501 1203 αἰσχύνην
524 1117 653 1205 ὀφλεῖν,
675 1123 755 1183 όταν
777 1123 836 1183 τόν
858 1110 920 1207 ὑφ’
946 1122 1039 1200 ὑμῶν
1055 1121 1299 1184 ἐκπεπτωκότα
1315 1122 1441 1198 πάντες
1456 1123 1600 1202 ἅσμενοι

340 1217 591 1302 καταδέχωνται
614 1214 652 1285 ού
673 1225 789 1305 μόνον,
811 1219 897 1286 όλλδ
919 1225 975 1286 καλ
989 1219 1121 1286 καλῶσι
1135 1224 1191 1287 καὶ
1207 1219 1522 1307 διαπρεσβεύωνται
1542 1226 1600 1288 καλ

341 1328 458 1404 τιμαῖς
479 1329 555 1401 ταῖς
577 1347 613 1389 τε
635 1322 757 1401 ἄλλοις
777 1328 963 1412 γεραίρωσι
984 1327 1042 1390 καὶ
1064 1324 1103 1412 δή
1127 1327 1185 1389 καί
1206 1334 1248 1412 τῇ
1270 1333 1337 1388 τῶν
1359 1328 1497 1390 εἰκόνων
1519 1327 1600 1390 ότα-

340 1425 452 1489 θέσει.
495 1428 581 1511 ύπέρ
605 1423 641 1490 δὲ
664 1429 813 1507 έμαυτού
832 1429 889 1490 καλ
910 1435 970 1513 της
992 1430 1123 1503 εἰκόνος
1144 1435 1202 1492 νύν
1223 1430 1289 1511 έρῶ
1307 1424 1415 1511 λόγον,
1438 1427 1476 1491 δν
1499 1427 1597 1492 εἶπεν
1622 1444 1653 1496 1⁰

336 1518 566 1612 Ἀναξαγόρας
587 1531 661 1592 υίδν
682 1528 927 1617 ἀποβεβληκώς
947 1521 1088 1608 ,Ἤιδειν
1112 1531 1240 1616 θνητόν
1262 1530 1486 1616 γεγεννηκώς]
1521 1517 1600 1594 ἀλλ’

343 1629 401 1692 οδν
422 1622 518 1715 ᾔδειν
539 1635 592 1695 ότι
608 1635 737 1696 τούτων
760 1640 827 1696 τῶν
850 1629 1059 1715 ἀνδριάντων
1082 1636 1223 1708 ἕκαστος
1245 1634 1450 1696 ἀνατίθεται
1470 1635 1532 1714 μέν
1555 1635 1604 1710 ὡς

343 1733 482 1808 αἰώνιος
503 1736 674 1816 έσόμενος,
699 1736 883 1822 φθείρεται
905 1733 942 1798 δέ
958 1733 1061 1812 άλλος
1076 1731 1152 1798 κατ’
1169 1732 1274 1822 όλλην
1296 1737 1510 1822 εἱμαρμένην,
1532 1755 1604 1802 κοι-

343 1838 487 1922 νοτάτην
507 1839 569 1918 μέν
590 1839 647 1902 καὶ
669 1835 887 1925 δικαιοτάτην
909 1839 967 1902 καὶ
987 1845 1075 1902 πᾶσι
1098 1841 1275 1924 πράγμασι
1297 1843 1520 1924 προκειμένην
1541 1841 1603 1924 τήν

292 1930 332 1995 38
344 1946 406 2001 τού
422 1942 562 2023 χρόνου·
585 1942 605 2003 δ
628 1937 664 2004 δέ
688 1944 833 2028 ποιητής
854 1938 966 2018 άλλως
987 1936 1175 2022 ἐκόμπαζεν
1197 1943 1330 2004 δτούτο
1345 1943 1384 2004 τδ
1399 1941 1598 2026 έπέγραμμα
1623 1952 1653 2005 1⁵

345 2044 504 2128 ποιήσας,
526 2046 546 2106 ό
569 2059 676 2129 φασιν
698 2046 758 2108 έπλ
779 2043 827 2127 τῴ
851 2041 952 2108 Μίδα
976 2046 1103 2130 σήματι
1123 2041 1338 2130 γεγράφθαι·

492 2141 597 2232 χαλκη
621 2147 800 2228 παρθένος
822 2147 903 2227 είμό.
949 2143 1048 2210 Μίδα
1072 2138 1106 2208 δ’
1132 2148 1193 2209 έπλ
1216 2147 1342 2232 σήματι
1362 2150 1494 2227 κεῖμαι,
1618 2123 1713 2228 ήέξέληῠ

496 2239 569 2310 ἔστ’
595 2249 636 2312 δν
658 2245 749 2333 ὕδωρ
771 2269 808 2312 τε
830 2247 893 2333 νύη
915 2251 973 2312 καλ
995 2245 1133 2333 δένδρεα
1155 2249 1267 2334 μακρά
1289 2245 1437 2334 τεθήλῃ,

497 2342 603 2412 αὐτού
623 2347 703 2436 τῇδε
725 2355 874 2432 μένουσα
897 2347 1117 2432 πολυκλαύτῳ
1142 2352 1202 2414 έπλ
1223 2351 1338 2433 τύμβῳ

495 2448 641 2534 ἀγγελέω
665 2459 831 2535 παριοῦσι
853 2449 972 2528 Μίδας
993 2456 1047 2516 ότι
1068 2448 1149 2538 τῇδε
1170 2452 1356 2515 τέθαπται.
1623 2463 1652 2516 21

292 2544 332 2609 39
344 2543 468 2622 ἀλλ’,ὧ
486 2555 640 2637 παρθένε
656 2546 845 2637 αὐτάγγελε,
860 2562 923 2618 τοῦ
935 2558 997 2636 μέν
1012 2562 1160 2640 ποιητού
1169 2556 1344 2636 ἀκούομεν,
1361 2556 1399 2617 σέ
1415 2551 1451 2618 δέ
1468 2549 1603 2640 ζητούν-

342 2675 399 2730 τες
428 2647 488 2736 ούχ
518 2657 657 2739 εὕρομεν
687 2648 765 2720 οὐδὲ
793 2659 831 2720 τδ
864 2665 954 2744 σήμα
981 2659 1020 2720 τδ
1045 2655 1173 2722 Μίδου.
1217 2654 1324 2720 ύδατα
1354 2653 1391 2720 δέ
1413 2659 1523 2721 έκιῖνα
1544 2659 1602 2720 καὶ

345 2754 466 2841 δένδρα
488 2759 541 2822 έτι
561 2761 623 2840 μὲν
646 2757 720 2823 νάει
741 2780 778 2822 τε
799 2761 856 2823 καλ
877 2753 1013 2838 θάλλει,
1033 2762 1142 2843 χρόνῳ
1168 2757 1204 2824 δὲ
1226 2762 1403 2823 καὶταῦτα
1425 2758 1510 2841 μετά
1533 2764 1602 2822 τῶν

345 2858 457 2924 ἄλλων
479 2862 588 2926 έοικεν
609 2859 816 2946 έπιλείψειυ,
839 2864 886 2938 ὡς
909 2859 1037 2940 Μίδας,
1061 2865 1108 2939 ὡς
1131 2864 1316 2946 παρθένος.

496 2960 593 3048 όνδρλ
614 2967 676 3045 μὲν
693 2953 886 3046 Ἱππαίμων
909 2956 1005 3046 ὄνομ’
1030 2961 1089 3050 ἦν,
1105 2965 1202 3047 ίππῳ
1227 2961 1263 3028 δὲ
1286 2961 1476 3047 Πόδαργος,
1620 2974 1649 3026 2⁵

494 3067 552 3128 καί
573 3068 646 3129 κυνλ
667 3067 861 3152 Λήθαργος
881 3068 938 3130 καί
958 3064 1155 3149 θεράποντι
1176 3064 1302 3152 Βάβης.

342 3167 396 3242 τίς
419 3167 477 3230 οόν
499 3162 582 3252 [ούκ]
606 3165 698 3232 οἶδεν
717 3160 879 3254 Ἑλλήνων
910 3169 968 3248 ούχ
996 3171 1050 3232 ότι
1078 3171 1137 3232 τόν
1161 3170 1288 3246 ἵππον,
1317 3160 1393 3231 ἀλλ’
1419 3169 1521 3231 αύτδν
1543 3170 1603 3232 τόν

340 3257 548 3350 Ἱππαίμονα
554 3292 567 3347 ,·
589 3266 676 3333 δοκῶ
699 3273 760 3352 μέν
784 3268 861 3333 ούδὲ
878 3271 1081 3357 Μαγνήτων,
1104 3271 1188 3335 όθεν
1202 3267 1242 3356 ἦν
1261 3263 1463 3352 Ἰππαίμων.
1503 3268 1603 3348 ούτος

291 3360 405 3452 4θμέν
428 3371 486 3434 οδν
510 3369 659 3458 φροῦδος
676 3369 714 3451 έξ
729 3374 926 3458 ἀνθρώπων
950 3372 1041 3456 αύτῴ
1056 3375 1189 3459 Βάβητι
1203 3371 1454 3458 καὶΠοδάργῳ.
1492 3377 1602 3456 ἕτεροι

342 3471 379 3538 δέ
402 3479 521 3538 έστάσι
541 3476 598 3538 καλ
618 3478 870 3559 γιγνώσκονται,
893 3479 954 3563 τήν
970 3474 1006 3540 δέ
1022 3479 1216 3563 ἐπιγραφήν
1239 3478 1372 3557 έχουσιν
1386 3481 1519 3560 ἐτέρων,
1541 3478 1599 3539 καὶ
1620 3485 1652 3538 ω

341 3578 380 3639 τό
403 3581 598 3660 γιγνόμενόν
621 3581 714 3641 έστιν
738 3578 811 3641 οἷον
826 3581 862 3641 έν
877 3583 950 3655 τοῖς
964 3575 1101 3659 μέλεσιν
1117 3580 1350 3641 ἀντίσπαστον
1373 3572 1423 3663 [τό
1440 3580 1502 3659 μέν
1524 3578 1600 3641 έπί-
1617 3590 1715 3638 (mm

344 3699 480 3765 γραμμα
503 3676 683 3764 ῥωμαΐζει,
713 3675 781 3766 καί]
809 3685 938 3766 τρόπον
961 3681 1037 3743 τινδ
1066 3677 1361 3744 ἀντιδιδάσκουσιν
1385 3683 1419 3743 οἱ
1441 3681 1601 3766 ποιηταί·

429 3891 565 3969 ’έδφλιιν
583 3894 632 3952 UB
701 3895 753 3970 τήν
769 3911 820 3967 pro
838 3892 892 3954 τὸν
909 3895 940 3951 Μ
957 3899 996 3962 (ελ
1012 3895 1041 3950 in
1058 3909 1167 3964 mun,
1184 3894 1243 3952 scil.
1261 3910 1296 3952 ox
1312 3895 1346 3962 Τ)
1437 3899 1603 3970 ὃόιαπρεσ·

342 3976 480 4057 βεύανται
497 3980 528 4036 Μ
598 3987 629 4039 1⁰
648 3976 719 4039 d’B
791 3988 819 4038 11
840 3975 906 4040 ἄλλ’
925 3971 978 4038 ούν
995 3981 1101 4052 scripsi,
1118 3973 1187 4040 ἄλλ’
1205 3975 1258 4039 ούκ
1275 3981 1337 4036 libri
1410 3985 1444 4036 12
1460 3977 1603 4039 τοιούτοιν

342 4067 445 4124 τάνΜ
462 4066 535 4123 unde
553 4069 702 4126 τοιοῦτον·
721 4069 781 4125 ταῖν
797 4063 855 4139 γὰρ
868 4065 971 4122 Jacobs
998 4061 1149 4132 τοιαύτας·
1168 4069 1228 4124 τῶν
1244 4061 1301 4139 γὰρ
1314 4065 1515 4136 lim-servm
1532 4058 1599 4126 ἄλλ’

342 4146 396 4212 οὐκ
449 4151 665 4227 ιεφοιρειαιυ
737 4157 767 4208 ω
786 4151 822 4208 οι.
840 4151 912 4206 εαι.
930 4150 1049 4208 εωια.
1069 4155 1118 4207 ναι
1136 4152 1162 4206 ο
1234 4157 1264 4208 ιι
1285 4147 1435 4222 σώμασι]
1508 4149 1602 4224 moin

344 4237 593 4308 11b1i‚eorr.ssmp.
644 4241 677 4310 ῆς
688 4253 738 4309 pto
750 4237 838 4295 καλΜ
925 4240 957 4292 2²
976 4231 1011 4295 τὸ
1029 4233 1120 4309 μήδου
1136 4237 1167 4292 Μ
1185 4239 1237 4295 τού
1253 4238 1338 4307 μίδου
1355 4237 1405 4294 UB
1491 4239 1524 4292 2³
1542 4236 1603 4295 δέν-

341 4326 411 4397 δρεα
428 4324 458 4377 Μ
547 4327 581 4378 25
605 4322 770 4392 ερὶρεαιαιακ
791 4322 925 4378 Pisandro
950 4322 1081 4378 tribuitur
1103 4323 1187 4378 Anth-
1211 4323 1268 4379 Ριλ
1292 4323 1344 4378 vn
1362 4326 1413 4378 ³04
1499 4325 1531 4377 27
1551 4312 1605 4380 ούν

342 4400 397 4467 ούκ
413 4407 476 4476 ΒΜ,
496 4407 527 4464 ln
544 4407 568 4465 U
586 4403 640 4466 ούκ
657 4422 765 4464 eruum
845 4411 879 4465 28
897 4411 975 4467 δοκῶ
991 4407 1046 4477 μὲν
1061 4407 1199 4470 Reium.
1216 4411 1358 4478 δοκοῦμεν
1373 4407 1437 4463 libri
1514 4411 1545 4462 31
1566 4403 1603 4466 τὸ

341 4491 395 4563 μέν
413 4523 445 4534 -
464 4497 496 4548 ³2
514 4496 562 4550 καλ
580 4493 682 4549 seclusi
700 4492 736 4548 cf.
754 4492 799 4549 τό.
817 4509 846 4562 ρ.
865 4498 907 4560 27.
922 4497 951 4562 13
968 4492 1046 4550 Ιοοαε
1064 4494 1279 4550 emendationem
1297 4497 1438 4563 exspectnt
