3466 5268
309 297 353 356 72
778 291 903 350 motus
922 291 1108 349 omnmo

309 472 500 556 κατεθέμην
529 471 588 534 τόν
614 471 732 553 καιρὸν
761 471 888 532 ἐκεῖνον
918 465 994 532 οδδδ
1023 471 1083 554 την
1111 475 1173 530 τοῦ
1201 475 1404 552 κρατοῦντος
1434 467 1572 530 εὔνοιαν

311 570 388 636 οὐδὲ
411 574 481 634 όπδ
502 576 635 655 μέρους,
659 569 732 634 οἷον
754 571 796 634 τδ
820 577 879 654 τῆς
902 571 1021 646 οὐσίας
1035 571 1288 652 ἐπανορθώσας
1310 568 1571 656 διεφθαρμένης

310 677 330 760 ἢ
354 672 558 760 προσλαβών
580 693 656 736 τινα
679 673 782 758 ἀρχὴν
803 673 823 757 ἢ
848 668 999 753 δύναμιν,
1022 664 1100 734 ἀλλ’
1125 673 1218 734 άπαν
1240 676 1320 736 όσον
1342 675 1429 734 ποτέ
1452 667 1491 756 ἦν
1515 673 1630 748 algon
1644 684 1674 731 κν

270 779 397 858 έόμάς
424 777 551 861 ίτρεψα
580 777 637 838 καί
663 778 767 855 μόνον
797 771 888 838 είδον
917 777 956 838 τό
984 782 1044 860 τῆς
1072 771 1214 851 πόλεως.
1265 781 1370 836 ταῦτα
1394 770 1430 836 δέ
1454 775 1485 836 εἰ
1506 779 1571 853 μέν

311 879 385 940 ἐστι
403 879 552 963 χρήσιμα
571 870 662 958 (καί)
675 872 813 958 μεγάλα,
837 867 880 960 [ἢ]
893 877 939 962 μή
957 871 1099 951 πολλοῖς
1120 872 1317 961 ὑπάρξαντα
1333 879 1463 959 ἐτέροις
1485 865 1565 938 ἀλλ’
1588 886 1604 936 5

311 977 416 1065 ἢμιᾷ
439 977 555 1057 πόλει,
582 980 639 1044 καί
667 980 772 1062 ταύτῃ
797 973 914 1057 σχεδόν
937 998 971 1040 τι
999 984 1067 1040 τῶν
1095 975 1375 1060 ἐλλογιμωτάτων
1400 978 1484 1041 κατά
1507 980 1570 1063 την

309 1073 426 1146 Ἀσίαν
447 1083 504 1144 καί
526 1078 721 1168 τηλικοῦτον
744 1081 864 1164 ἐχούσῃ
889 1075 1020 1142 δίκαιον
1043 1081 1131 1162 πρός
1153 1082 1212 1143 τόν
1235 1081 1481 1166 αὐτοκράτορα,
1508 1089 1573 1144 τοῦ

313 1185 400 1248 θεοῦ
421 1176 506 1269 παρ’
532 1185 674 1259 ἐκείνοις
695 1185 968 1265 μαντευσαμένου
990 1184 1047 1245 καί
1069 1185 1299 1266 προειπόντος
1313 1185 1373 1269 την
1388 1185 1571 1268 ἠγεμονίαν

314 1284 402 1368 αὐτῷ
430 1289 487 1350 καί
515 1289 653 1371 πρώτου
684 1287 822 1349 πάντων
851 1285 978 1348 ἐκείνου
1009 1291 1164 1369 φανερῶς
1193 1271 1294 1347 αὐτόν
1322 1281 1571 1363 ἀποδείξαντος

313 1395 379 1452 τῶν
402 1384 488 1451 όλων
509 1390 641 1473 κόριον·
665 1388 703 1450 οὐ
720 1384 804 1468 λέγω
820 1393 976 1450 τοιοῦτον
992 1382 1098 1449 οὐδέν.
1137 1388 1191 1448 δτι
1205 1377 1279 1468 (δ’)
1299 1388 1396 1462 ὑμεῖς
1416 1385 1568 1468 μάλιστα
1590 1397 1621 1449 10

314 1492 433 1554 τοότου
449 1491 666 1571 ἐπεθυμεῖτε,
688 1491 746 1552 καί
757 1492 878 1574 χρόνος
893 1484 932 1574 ην
948 1485 1065 1567 πολός,
1090 1487 1128 1551 όν
1143 1483 1311 1574 ηλπίζετε,
1334 1485 1567 1575 ἐξηπάτησθε,

313 1597 386 1668 τοῖς
408 1593 656 1672 ὑποσχομένοις
683 1594 788 1673 μόνον
816 1597 884 1654 τῶν
907 1589 1054 1655 ἰδιωτῶν
1085 1591 1136 1669 (οδ
1158 1592 1221 1675 γάρ
1246 1588 1284 1678 δη
1309 1598 1376 1654 τῶν
1398 1596 1571 1678 ηγεμόνων

314 1691 424 1769 αδδείς
447 1693 523 1756 σότε
551 1691 783 1778 προσεδόκησε
812 1695 955 1756 πώποτε
978 1694 1054 1758 οότε
1079 1692 1257 1773 ὑπέσχετο)
1278 1695 1381 1774 τιμάς
1402 1691 1572 1779 ὑπερβαλ-

315 1793 439 1871 λοόσας
460 1792 593 1859 ἐδίδοτε
614 1797 683 1880 πρό
706 1791 838 1858 πολλοῦ
857 1803 917 1881 τῆς
940 1793 1073 1872 πόλεως
1089 1797 1309 1873 ἀπαντῶντες
1324 1795 1494 1883 πανδημεί
1515 1793 1704 1883 <η>ίωῡ8ῶ

277 1899 296 1958 5
321 1902 558 1984 περιμένοντες
579 1899 616 1960 ἐν
638 1901 770 1982 ἐτέραις
787 1894 927 1960 πόλεσι·
949 1905 1048 1960 τοῦτο
1066 1896 1149 1974 ἴσως
1164 1899 1292 1962 ἐννοεῖν
1314 1895 1420 1977 ἄξιον.
1456 1900 1571 1964 καίτοι
1593 1907 1624 1957 ιο

318 2007 466 2086 σμικρῶν
479 2005 666 2083 γενομένων
680 2002 737 2063 καί
753 1997 889 2076 οὐδενός
911 1996 1025 2078 ἀξίων,
1048 2002 1107 2061 τόν
1130 1998 1236 2086 ἄνδρα
1260 2003 1318 2066 τόν
1340 2008 1493 2085 γενναῖον
1514 2004 1572 2065 καί

315 2105 359 2188 με)
385 2104 519 2189 φθόνου
541 2105 599 2166 καί
619 2104 806 2184 βασκανίας
827 2105 950 2188 ηττονα
972 2104 1049 2164 τότε
1072 2103 1170 2188 ἐχρῆν
1194 2101 1301 2187 λέγειν
1323 2107 1378 2167 δτι
1401 2105 1572 2186 μαίνεσθε

315 2208 372 2271 καί
386 2211 590 2292 παρανοεῖτε
605 2207 770 2269 τοιούτων
782 2201 972 2285 ἐξεχόμενοι
985 2200 1119 2288 σφόδρα
1133 2205 1240 2280 οὕτως
1251 2209 1308 2269 καί
1318 2207 1573 2292 θεραπεύοντες

317 2311 525 2394 ἀνθρώπους
548 2310 635 2372 οὕτω
658 2309 842 2383 ταπεινούς
864 2307 923 2370 έπί
945 2309 1142 2391 πράγμασιν
1171 2307 1247 2370 οὔτε
1277 2309 1473 2392 ἀναγκαίοις
1496 2309 1574 2372 οὔτε

316 2408 485 2493 μεγάλοις,
507 2413 564 2474 καί
584 2417 690 2476 ταῦτα
713 2405 854 2494 ἀδήλοις
874 2409 927 2470 δτι
946 2409 1003 2472 καί
1024 2406 1129 2494 μηδὲν
1152 2411 1283 2490 ίχοντες
1303 2411 1453 2492 βέβαιον.
1492 2401 1569 2472 ἀλλ’
1594 2419 1627 2470 κο

318 2511 415 2593 οἶμαι
441 2509 591 2593 χαλεπόν
618 2514 680 2593 μὲν
708 2507 748 2596 ἦν
778 2511 894 2586 αὐτοῖς
919 2512 977 2573 καί
998 2511 1157 2574 όπωσαόν
1179 2516 1354 2595 γενόμενόν
1376 2534 1411 2577 τι
1433 2515 1575 2576 τούτων.

319 2615 357 2676 οδ
379 2618 444 2700 μην
467 2616 594 2695 δμοίως
616 2610 736 2676 ἐλύπει
758 2615 797 2676 τό
820 2615 879 2676 τόν
902 2609 995 2677 δεῖνα
1017 2615 1073 2676 καί
1095 2616 1154 2676 τόν
1177 2611 1269 2677 δεῖνα
1293 2607 1370 2699 [τῶν
1388 2609 1574 2702 ηγεμόνων]

319 2715 407 2779 είναι
428 2719 487 2780 τόν
510 2717 702 2802 ποιήσαντα
716 2717 773 2780 καί
788 2717 1018 2800 παρασχόντα,
1040 2717 1084 2801 με)
1102 2721 1170 2777 τῶν
1191 2719 1360 2800 ημετέρων
1374 2719 1451 2782 τινδ
1474 2714 1575 2780 πολι-

319 2825 395 2882 τῶν.
447 2821 498 2882 ίτι
527 2817 562 2884 δέ
591 2818 690 2895 ἐλπίς
717 2817 823 2904 ὑπῄει
849 2820 906 2884 καί
928 2815 1067 2902 ἔθελγεν
1097 2820 1219 2895 αὐτούς
1241 2820 1288 2894 ὡς
1310 2817 1474 2884 οὐδέποτε
1495 2813 1577 2902 (dv)

280 2919 516 3004 6γενομίνων.
565 2923 678 2985 καίτοι
704 2923 761 2986 καί
788 2929 888 2984 τοῦτο
916 2923 1042 3008 ἀκήκοα
1072 2919 1210 2986 πολλῶν
1238 2923 1302 3003 ἐγώ
1335 2917 1497 3004 λεγόντων
1527 2923 1575 2997 ὡς
1596 2930 1629 2982 2⁸

320 3027 486 3110 πρότερον
502 3026 774 3109 ἀντιγράψαντος
789 3026 869 3109 περί
890 3032 949 3110 τῆς
973 3021 1172 3110 διοικήσεως
1199 3030 1268 3087 τῶν
1289 3027 1461 3110 ηγεμδνων
1483 3026 1577 3100 τινός

319 3128 459 3189 καὶτοῦ
479 3128 678 3211 πράγματος
700 3127 974 3206 ἀποτευχθέντος
997 3124 1120 3190 πολλοί
1140 3122 1326 3209 κατεγέλων
1349 3133 1409 3212 τῆς
1432 3123 1575 3203 πόλεως,

322 3229 360 3290 οὐ
382 3235 449 3292 τῶν
472 3229 715 3310 ἀστυγειτόνων
738 3228 848 3311 (ἦττον
869 3229 931 3312 γάρ
946 3224 1024 3312 <δν>
1038 3226 1078 3314 ἦν
1093 3233 1131 3292 τό
1149 3226 1271 3306 δεινόν)
1287 3225 1372 3291 ἀλλά
1387 3235 1455 3293 τῶν
1477 3225 1576 3291 πολι-

408 3519 513 3587 ama
532 3530 591 3585 πᾶν
608 3525 681 3583 UBT
784 3526 1006 3586 neribendum:
1030 3531 1120 3586 ταῦτα
1142 3521 1169 3587 δ’
1195 3518 1242 3588 δτι
1257 3528 1311 3598 μέν
1414 3531 1496 3586 sual
1513 3527 1576 3584 εδδ.

321 3613 449 3670 Roiskius
517 3608 651 3686 ἢτεσλσεί
720 3614 836 3670 δταυτί
853 3611 881 3665 Μ
942 3611 995 3684 τὴν
1012 3605 1115 3670 οὐσίαν
1132 3612 1206 3670 UBT
1276 3611 1526 3687 ’ίτηλικοδτωνΤ

322 3695 414 3773 ῶπρδ
433 3703 486 3759 τοῦ
503 3714 553 3770 pro
571 3696 732 3773 πράτσυλδ
786 3701 818 3752 10
836 3691 865 3754 δ’
883 3697 943 3753 αδδ.
956 3697 1063 3754 selden.
1118 3703 1146 3754 11
1167 3701 1255 3756 τοῦτο
1273 3699 1344 3768 libri,
1362 3699 1525 3769 corr.Emp.

322 3783 487 3856 ἐπιθυμεῖτε
503 3784 574 3849 libri,
592 3799 663 3840 corr.
682 3783 785 3840 Reinko
886 3779 1083 3856 ἐξηπατῆσθαι
1100 3782 1174 3848 libri,
1194 3799 1264 3840 corr.
1283 3785 1363 3855 Emp.
1470 3789 1500 3840 12
1519 3785 1578 3840 τῶν

321 3869 442 3930 ἰδιωτῶν
459 3871 538 3941 Emp.
556 3873 616 3928 ταῖν
632 3865 783 3942 ἡγεμόνων
799 3867 862 3924 libri
947 3865 979 3940 δὴ
998 3883 1049 3924 om.
1068 3867 1091 3922 B
1168 3873 1228 3928 τόν
1244 3863 1395 3943 ἧγεμδνων
1412 3870 1501 3942 Emp..
1519 3872 1579 3926 τῶν

322 3955 444 4014 ἰδιωτῶν
459 3955 521 4010 libri
575 3959 607 4010 14
625 3947 812 4020 άπαντάντες
829 3953 944 4018 selden..
963 3943 1088 4019 ἅπαντες
1104 3952 1167 4009 librl
1218 3949 1236 4026 ἢ
1252 3954 1352 4022 addidi,
1369 3957 1419 4012 καί
1436 3953 1543 4011 Seldeu.

325 4047 356 4096 15
374 4036 489 4107 τούτοις
500 4034 541 4107 άς
551 4039 617 4096 libri
630 4056 699 4096 corr.
711 4041 789 4110 Emp.
845 4044 875 4093 1⁷
893 4039 1049 4108 μαίνεσθαι
1067 4037 1097 4093 Μ
1113 4039 1238 4109 μένεσθε
1255 4039 1326 4096 Um.
1339 4056 1380 4110 pr.
1435 4043 1466 4095 18
1484 4039 1578 4096 τοιαῦ-

323 4143 376 4181 τον
393 4121 418 4179 U
435 4137 470 4177 m.
489 4137 530 4192 pr.
601 4112 720 4180 οῧτωΒ
792 4123 824 4175 19
841 4123 983 4186 ταπειναῖς
999 4119 1051 4177 UT
1120 4125 1154 4177 λθ
1172 4117 1292 4194 ἔχοντες
1309 4129 1337 4190 (ε
1353 4140 1423 4181 eon.
1440 4137 1578 4194 superant.

324 4211 397 4276 αυσι)
414 4206 440 4263 U
457 4201 595 4280 ἔχουσιΤ
682 4211 715 4261 22
734 4225 769 4264 το
787 4221 841 4262 om.
859 4206 890 4260 M
974 4207 1023 4261 καί
1040 4199 1095 4263 τὸν
1112 4210 1190 4266 δεῖνα
1209 4223 1261 4264 om.
1279 4208 1354 4265 UBT
1440 4211 1499 4266 τάν
1515 4203 1580 4280 ἥγε·

322 4289 422 4364 μόνων
439 4293 492 4349 δαί.
510 4291 590 4362 Emp.
677 4296 711 4347 24
727 4288 857 4365 ἐθέλγειν
875 4290 903 4344 M
981 4285 1018 4348 άν
1035 4291 1099 4347 εδδ.
1116 4291 1206 4364 Εσιμ,
1224 4293 1312 4364 pouit
1327 4295 1409 4350 otiam
1426 4292 1579 4367 γενησομέ·

323 4398 383 4435 νων
434 4381 466 4432 26
485 4375 653 4455 πρᾳότερον
669 4375 724 4432 ΜΤ
742 4371 918 4451 πραοίτερον
935 4377 958 4432 Β
976 4366 1147 4450 πραότερον
1164 4372 1192 4444 (δ
1210 4393 1244 4433 ex
1264 4381 1297 4447 ω)
1314 4379 1342 4436 U
1358 4393 1427 4435 corr.
1445 4377 1527 4448 Emp.

324 4467 357 4518 28
375 4457 412 4520 δν
429 4462 490 4518 αδδ.
509 4461 607 4533 ΡδεςΙκ
681 4465 769 4520 τοῦτο
787 4477 837 4534 pro
856 4481 891 4518 το
911 4461 990 4532 Emp.
