3476 5264
332 377 394 437 308
782 373 981 431 ENGOMIUM
998 371 1133 430 comm.

334 549 540 639 ὀφθαλμοὺς
562 545 762 633 ἐγκωμιάζει
783 551 803 635 ἢ
822 540 1081 632 Ἀγαμέμνονος,
1105 550 1222 628 ὥσπερ
1243 547 1361 609 καὶτὸ
1384 543 1467 609 άλλο
1493 551 1595 626 σῶμα

331 656 473 718 ἐπαινεῖ
490 653 608 716 αὐτοῦ·
637 654 694 715 καί
717 654 755 714 σό
777 655 881 732 μόνον
903 654 983 727 τσός
1007 643 1159 736 Έλληνας
1181 647 1353 724 ἑλίκωπας
1373 645 1486 712 καλεῖ·
1511 639 1594 712 ἀλλ’

333 755 430 820 σόόίν
450 757 552 842 ἦττον
573 757 630 818 καί
651 757 709 818 τόν
721 747 952 838 Ἀγαμέμνονα
976 755 1015 816 τό
1037 754 1150 816 κοινόν
1165 753 1225 816 έπί
1239 743 1495 838 τοῖςἝλλησιν·
1521 752 1595 814 άπὸ

332 857 369 922 δέ
392 867 452 946 τῆς
473 860 579 943 κόμης
601 859 749 933 πάντας·
772 863 910 942 πρῶτον
932 857 993 935 μὲν
1012 847 1177 935 Ἀχιλλέα,

292 973 308 1021 5
483 993 526 1006 —-
549 957 679 1044 ξανθῆς
702 958 738 1023 δὲ
761 963 867 1044 κόμης
889 955 943 1021 έλε
966 955 1163 1043 Πηλείωνα·

330 1065 451 1126 ἔπειτα
467 1060 645 1126 Μενέλαον
661 1059 789 1140 ξανθόν
805 1055 1026 1142 ἐπονομάζων
1042 1061 1112 1122 άπό
1135 1068 1195 1146 τῆς
1209 1062 1329 1144 κόμης·
1352 1067 1412 1144 της
1435 1049 1596 1121 όέἝκτο-

330 1186 390 1251 ρος
410 1167 530 1252 χαίτης
551 1170 730 1251 μέμνηται,

575 1301 618 1310 -
640 1268 731 1353 ἀμφὶ
754 1264 789 1329 όί
809 1270 928 1345 χαῖται

482 1373 620 1433 κυάνεαι
643 1373 848 1455 πεφόρηντο.

280 1482 308 1536 10
333 1471 512 1558 Εὐφόρβου
534 1489 571 1552 γε
592 1474 657 1557 μὴν
685 1478 747 1533 τοῦ
766 1466 947 1533 καλλίστου
970 1475 1037 1530 τῶν
1063 1469 1189 1551 Τρώων
1219 1467 1462 1542 ἀποθανόντος
1492 1465 1594 1530 οὐδὲν

331 1571 414 1636 ἄλλο
438 1570 585 1657 ὠόύρετο
609 1571 722 1655 λέγων,

483 1676 604 1757 αίματί
626 1677 661 1738 σί
683 1673 819 1738 δεύοντο
841 1677 946 1755 κόμαι
968 1675 1179 1758 Χαρίτεσσιν
1202 1675 1329 1753 όμοῖαι,

483 1773 632 1858 πλοχμοί
654 1770 696 1838 θ’
723 1779 758 1840 οἱ
776 1775 890 1862 χρυσῷ
914 1797 950 1838 τε
973 1777 1030 1838 καί
1051 1775 1182 1859 ἀργύρῳ
1207 1775 1424 1859 ἐσφήκωντο·

328 1881 385 1942 καί
412 1883 471 1942 τόν
496 1871 659 1943 Ὀδυσσέα
688 1883 769 1944 όταν
797 1876 901 1964 έθέλη
930 1875 1032 1941 καλὸν
1061 1881 1220 1959 γεγονότα
1249 1878 1317 1940 ὑπό
1353 1885 1413 1962 τῆς
1442 1867 1596 1962 Ἀθηνᾶς

281 1989 309 2042 1⁶
332 1978 520 2060 έπιόεῐξαι·
544 1985 630 2068 φησί
651 1991 742 2066 γοῦν,

477 2086 616 2147 κυάνεαι
638 2077 671 2147 ό’
696 2087 849 2168 ἐγένοντο
873 2085 1019 2169 ἔθειραι.

332 2177 494 2248 πόλινδ’
519 2188 580 2249 ἐπί
601 2189 661 2248 τοι)
685 2188 798 2264 αὐτοῦ,

578 2323 621 2332 -
641 2287 743 2353 καόόλ
765 2293 910 2376 κάρητος

485 2388 586 2467 οὔλας
607 2392 665 2477 ἧκε
686 2396 803 2473 κόμας,
825 2394 1011 2474 ὑακινθίνῳ
1035 2391 1139 2458 ἄνθει
1162 2391 1292 2470 όμοίας.

279 2500 308 2552 20
328 2494 385 2555 καί
414 2498 559 2577 πρέπειν
589 2515 626 2577 γε
653 2491 780 2576 μάλλον
813 2501 887 2571 τοῖς
914 2493 1058 2579 άνόράσι
1088 2495 1249 2580 φαίνεται
1283 2483 1368 2554 καθ)
1392 2483 1542 2576 Ὅμηρον
1574 2493 1596 2553 ό

329 2598 456 2674 κόσμος
478 2598 498 2657 ό
519 2603 586 2660 τῶν
608 2605 731 2683 τριχῶν
752 2601 772 2684 ἢ
795 2603 872 2673 ταῖς
893 2596 1034 2680 γυναιξί.
1071 2603 1236 2680 γυναικῶν
1250 2601 1329 2677 γοῦν
1345 2594 1425 2678 περί
1445 2588 1594 2668 κάλλους

332 2693 466 2773 διεξιὼν
489 2698 527 2758 οὐ
549 2703 752 2776 τοσαυτάκις
775 2701 936 2785 φαίνεται
961 2703 1067 2785 κόμης
1088 2701 1315 2784 μεμνημένος·
1347 2697 1426 2758 έπεί
1455 2713 1511 2757 τοι
1532 2696 1593 2757 καί

329 2806 397 2862 τῶν
419 2800 512 2862 θεῶν
534 2802 596 2876 τὰς
616 2805 678 2882 μέν
699 2799 846 2888 θηλείας
861 2800 972 2878 άλλως
987 2804 1131 2867 έπαινεῑ.
1167 2808 1292 2887 χρυσῆν
1307 2800 1369 2883 γάρ
1382 2788 1592 2884 Ἀφροδίτην

329 2904 386 2964 καὶ
407 2902 542 2983 βοῶπιν
555 2895 664 2987 Ἥραν
685 2907 742 2968 καί
766 2905 868 2969 Θέτιν
890 2901 1130 2991 ἀργυρόπεζαν.
1182 2910 1244 2966 τοῦ
1263 2903 1349 2976 Διός
1379 2897 1415 2963 όὲ
1438 2896 1591 2980 μάλιστα

278 3009 308 3062 2⁵
331 3007 473 3068 έπαινεῖ
489 3006 550 3080 τάς
568 3008 706 3086 χαίτας·

483 3108 670 3192 ἀμβρόσιαι
693 3102 726 3172 δ’
752 3111 818 3194 όίρα
839 3115 957 3189 χαῖται
979 3113 1218 3196 ἐπερρώσαντο
1241 3111 1394 3182 ἄνακτος.

415 3320 591 3378 511.Α197
674 3323 850 3382 summ
940 3321 1247 3398 9πεφόρηνται1ιῐσ.
1265 3339 1306 3394 pr.
1380 3329 1409 3378 10
1426 3317 1592 3396 Εὐφόρβου

328 3406 616 3478 firmanum.
634 3425 676 3478 pr.
743 3409 822 3466 1211.
844 3415 920 3468 ΡΜ.
975 3415 1006 3466 1³
1025 3410 1162 3468 τεσσαίι
1215 3405 1534 3482 έυφὴκαντοίιυι.ρτ.

330 3497 361 3548 15
380 3485 523 3560 ἀναδεῖξαι
540 3507 613 3549 man.
630 3509 685 3550 rec.
704 3510 839 3564 superscr.
857 3496 927 3551 inL
1030 3500 1099 3569 φησι
1116 3493 1145 3553 δ’
1164 3485 1256 3554 αόνΙι
1280 3512 1317 3551 m.
1335 3510 1375 3565 pr.
1398 3487 1437 3562 (δ’
1462 3483 1514 3552 οὖν
1532 3493 1589 3550 del.

328 3592 399 3634 man.
417 3582 483 3644 τεο.)
555 3585 585 3634 16
604 3579 654 3635 0d.
673 3599 702 3638 π.
724 3585 772 3636 1⁷6
861 3586 891 3637 18
910 3581 1062 3651 θάζισθ
1144 3587 1173 3637 21
1193 3585 1264 3655 γοῦν
1288 3583 1422 3637 mutatum
1440 3579 1468 3634 in
1486 3575 1515 3638 δ’
1534 3571 1591 3638 τόν

329 3662 475 3720 :cotuh
545 3665 741 3723 mmo
