3476 5264
328 370 393 430 880
792 365 916 424 monis
933 363 986 422 DE
1004 363 1118 423 GMMO

326 545 426 619 θίυις
454 551 514 630 τῆς
544 544 665 629 ἀρχῆς,
700 543 857 628 ίσχυροδς
886 543 1030 628 ἐποίησε
1062 542 1120 606 καί
1148 537 1354 623 πολεμικοδς
1380 542 1437 606 καί
1469 551 1597 628 μικροῦ

329 643 403 710 δεῖν
432 647 571 730 ἁπάσης
598 645 767 730 Εὐρώπης
794 646 975 730 ἐγκρατεῖς.
1021 636 1242 730 Ἀλέξανδρος
1278 642 1314 708 δὲ
1343 647 1484 730 ὕστερον
1510 637 1592 726 μετ’

326 749 455 812 ίκεῖνον
477 749 527 822 είς
548 749 609 834 την
620 737 739 810 Ἀσίαν
761 743 933 829 ἐξαγαγών
956 747 1026 827 ἅμα
1047 748 1109 827 μλν
1132 743 1412 823 πλουσιωτάτους
1427 749 1593 810 ἀπάντων

326 851 526 936 ἀνθρώπων
541 846 730 928 ἀπέδειξεν,
754 851 824 930 άμα
841 847 877 912 δὲ
892 852 1167 934 πενιχροτάτους,
1188 850 1245 912 καί
1260 851 1330 930 ἅμα
1344 851 1406 930 μὲν
1422 850 1592 932 ίσχυροάς,

326 955 397 1035 ἅμα
421 950 457 1016 δὲ
480 952 652 1030 ἀσθενεῖς,
680 948 834 1037 φυγάδας
856 972 892 1015 τε
906 953 963 1015 καὶ
977 948 1141 1035 βασιλέος
1156 954 1236 1028 ταώς
1252 952 1383 1030 αδτυδς,
1407 950 1593 1034 Αἴγυπτον
1616 962 1632 1012 5

325 1058 387 1138 μλν
408 1057 466 1119 καί
487 1051 674 1137 Βαβυλῶνα
695 1057 753 1118 καί
775 1057 888 1118 Σοῦσα
910 1056 967 1118 καί
984 1046 1168 1138 Ἐκβάτανα
1192 1054 1389 1174 προσθείς
1414 1053 1530 1137 Αίγδς
1553 1049 1593 1116 δὲ

286 1160 305 1223 7
326 1160 384 1222 καί
405 1155 541 1221 Πέλλαν
562 1159 619 1221 καί
639 1159 727 1221 Δῖον
754 1154 974 1244 ἀφελόμενος.
1028 1154 1283 1244 Καρχηδονίους
1313 1154 1349 1220 δὲ
1373 1118 1500 1222 Αννων
1528 1161 1593 1239 μὲν

327 1262 402 1325 ἀντὶ
420 1261 552 1346 Τυρίων
574 1261 718 1346 ἐποίησε
733 1261 880 1343 Λίβυας,
902 1262 959 1324 καί
973 1261 1110 1345 Λιβδην
1131 1265 1301 1323 κατοικεῖν
1324 1261 1400 1324 ἀντὶ
1416 1263 1591 1347 Φοινίκης,
1604 1270 1691 1322 (mm

325 1365 384 1427 καί
401 1364 557 1448 χρήματα
581 1361 693 1426 πολλά
707 1364 896 1450 κεκτῆσθαι
916 1365 974 1427 καί
998 1363 1101 1444 συχνά
1124 1365 1275 1448 ἐμπόρια
1296 1364 1353 1427 καί
1376 1361 1514 1445 λιμένας
1535 1366 1593 1428 καί

326 1467 486 1552 τριήρεις,
508 1467 566 1528 καί
587 1462 716 1551 πολλῇς
737 1467 799 1546 μὲν
821 1474 891 1551 γης,
915 1462 1044 1552 πολλῆς
1067 1463 1104 1529 δὲ
1123 1462 1301 1552 θαλάττης
1323 1469 1446 1552 ἀρχειν.
1480 1458 1589 1530 Ἀννί-
1613 1471 1643 1523 1⁰

327 1569 392 1651 βας
415 1565 451 1631 δὲ
475 1570 563 1653 πρδς
584 1576 627 1653 τῇ
646 1568 762 1652 Λιβδη
784 1569 842 1631 καί
864 1575 924 1654 τῆς
943 1560 1087 1644 Ἰταλίας
1109 1569 1212 1656 αὐτῆς
1234 1577 1401 1655 κρατῆσαι
1424 1573 1592 1654 παρέσχεν

328 1666 556 1733 ίπτακαίδεκα
579 1671 647 1754 ῖτη.
693 1669 798 1744 αὖθις
821 1666 857 1732 δὲ
888 1668 999 1746 αἴτιος
1026 1672 1157 1752 ἐγένετο
1188 1671 1400 1748 ἀναστάτους
1426 1671 1592 1754 γενέσθαι

327 1773 386 1836 καί
405 1773 466 1858 την
490 1767 592 1836 πόλιν
616 1772 718 1858 αδτην
739 1769 944 1854 μεταβαλεῖν
965 1773 1033 1836 δπδ
1045 1763 1228 1852 Ῥωμαίων,
1252 1769 1401 1848 πολλυδς
1422 1775 1589 1858 πρότερον
1603 1779 1722 1831 (mni

329 1879 397 1938 τῶν
422 1865 595 1954 Ῥωμαίων
623 1870 815 1952 ἀπολέσας,
846 1876 904 1937 καί
936 1877 1057 1959 μικρὸν
1085 1875 1248 1954 ἀποσχών
1284 1876 1387 1962 αὐτην
1416 1869 1504 1938 ἑλεῖν
1530 1877 1592 1962 την

324 1967 461 2061 Ῥώμην,
486 1977 524 2038 οδ
539 1973 724 2061 βουληθείς
746 1973 794 2056 δί,
819 1978 865 2052 ώς
889 1992 987 2063 φασι,
1012 1973 1068 2040 διά
1091 1978 1171 2053 τοδς
1194 1975 1283 2041 οἴκοι
1305 1979 1587 2053 ἀντιστασιώτας.
1611 1979 1643 2033 1⁵

331 2079 390 2142 καί
410 2085 530 2142 τοῦτον
560 2077 645 2155 ἴσως
674 2079 752 2142 οὔτε
773 2075 1023 2165 Καρχηδονίοις
1053 2079 1129 2142 οδτε
1147 2069 1326 2162 Ῥωμαίοις
1355 2081 1489 2163 ἀγαθάν
1518 2077 1593 2143 δαί-

286 2179 306 2244 8
324 2200 421 2263 ,μονα
436 2183 601 2268 προσήκει
617 2183 727 2245 αδτών
740 2180 893 2246 καλέσαι.
932 2183 1074 2263 Νουμᾶς
1097 2180 1134 2246 δδ
1150 2186 1210 2269 την
1229 2175 1356 2268 Ῥώμην
1383 2179 1593 2268 παραλαβών

328 2285 451 2371 μικράν
479 2287 537 2350 καλ
564 2282 704 2364 ἀδοξυν,
740 2285 791 2348 δτι
827 2282 863 2348 δὲ
893 2287 929 2348 ίν
959 2282 1121 2371 ἀλλοτρίᾳ
1152 2287 1248 2370 χώρᾳ
1282 2282 1505 2369 διῳκισμένην
1536 2286 1596 2347 καὶ

331 2385 516 2471 σύγκλυδας
543 2389 600 2451 καλ
629 2391 800 2474 πονηρους
828 2389 970 2468 ίχουσαν
998 2390 1079 2464 τοδς
1109 2391 1337 2466 ἐνοικοῦντας,
1372 2386 1425 2451 δτι
1453 2384 1489 2450 δὲ
1519 2391 1594 2461 τοῖς

331 2492 549 2575 προσχώροις
571 2497 678 2552 πᾶσιν
700 2491 847 2573 ίχδροδς
872 2492 929 2553 καί
957 2495 1105 2576 πένητας
1132 2493 1190 2554 καί
1217 2491 1355 2575 ἀγρίους
1382 2489 1439 2553 καί
1460 2491 1590 2552 δπικιν-
1614 2495 1645 2548 ι)

332 2589 440 2667 δδνως
463 2587 589 2669 ζῶντος
611 2587 704 2674 (διδ)
725 2594 785 2679 την
804 2584 971 2674 Ῥωμύλου
992 2591 1220 2680 χαλεπότητα,
1243 2595 1304 2679 την
1325 2611 1363 2655 τε
1384 2600 1444 2678 γῆν
1470 2592 1594 2666 αάτοδς

330 2694 480 2777 βεβαίως
501 2695 589 2775 ίχειν
611 2695 755 2779 δποίησε
776 2696 833 2758 καί
856 2691 979 2781 φίλους
1001 2693 1090 2759 εἶναι
1104 2701 1178 2772 τοῖς
1193 2698 1385 2782 περιοίκοις
1398 2696 1455 2758 καί
1469 2697 1595 2775 νόμους

331 2798 389 2860 καί
416 2797 523 2872 δεοδς
550 2797 609 2859 καλ
636 2794 814 2860 πολιτείαν
841 2800 1090 2884 κατεστήσατο,
1115 2800 1173 2861 καί
1196 2801 1310 2885 πάσης
1333 2798 1444 2874 αίτιος
1465 2793 1595 2884 ὑπῆρξε

291 2902 310 2964 9
333 2907 394 2986 τῆς
424 2895 603 2983 λεγομένης
631 2899 772 2984 ὕστερον
794 2895 1023 2982 εὐδαιμονίας.
1075 2901 1189 2982 ἔχοιμι
1211 2892 1245 2964 δ’
1276 2902 1318 2964 ἀν
1345 2902 1402 2964 καί
1424 2901 1594 2984 περὶτῶν

331 2999 442 3065 ἀλλων
466 2999 573 3084 λέγειν
596 2998 730 3065 πόλεων
750 3003 807 3065 καί
829 3009 934 3085 γενῶν
954 3003 1011 3066 καί
1032 3003 1231 3088 ἀνθρώπων
1252 3006 1311 3067 τδν
1334 3003 1435 3066 αδτδν
1460 3005 1591 3086 τρόπον
1613 3007 1645 3062 M

332 3103 371 3168 ιδ
390 3123 428 3168 τε
448 3106 506 3167 καί
526 3109 636 3179 κακῶς
659 3101 861 3189 πραξάντων
884 3102 942 3168 διά
965 3126 1062 3181 τινας
1084 3107 1248 3191 ἄρχοντας
1271 3097 1381 3169 αὐτῶν
1396 3108 1597 3187 γενομένους

418 3425 434 3478 2
452 3414 511 3481 άπὸ
530 3425 582 3496 τῆς
597 3438 649 3494 pro
669 3416 782 3497 διιείσης
799 3424 829 3480 M
915 3443 1041 3498 υστερον
1056 3417 1124 3496 μετ’
1142 3423 1270 3485 ἐκείνονι
1288 3426 1330 3482 bis
1348 3425 1432 3496 idem
1450 3425 1543 3482 nescio
1561 3441 1599 3482 nn

332 3511 455 3580 promel
470 3503 537 3578 μετ’
553 3505 682 3578 ἐκείνων,
699 3513 731 3565 ut
746 3507 858 3585 ἐξάγειν
875 3510 1045 3568 intransitive
1062 3513 1243 3582 usurpaverit.
1318 3515 1335 3565 4
1353 3503 1482 3580 άπὲδιξεν
1499 3511 1529 3566 M

333 3591 565 3665 πενιχροτάτους
586 3594 642 3652 BM
731 3597 823 3667 ἀμλν
847 3595 993 3666 Eulalia,
1014 3596 1044 3655 δὲ
1066 3596 1130 3654 iibri
1221 3589 1422 3671 άνβάταναῐί
1508 3587 1600 3655 Ἰάν-

332 3697 412 3736 νωνα
429 3679 460 3734 M
533 3682 549 3735 8
567 3694 618 3750 pro
636 3681 748 3755 Λίβυας
764 3681 856 3738 malim
876 3686 964 3742 τοῦτο
983 3681 1041 3739 scii
1061 3679 1289 3757 Καρχηδονίουςς
1305 3681 1394 3752 possit
1410 3681 1491 3737 olinm
1508 3685 1599 3740 τοῦτο

332 3766 484 3822 καλεῖσθαι
570 3763 747 3838 9ἐμνιορεῑα
765 3766 814 3822 UB
914 3773 944 3824 ll
962 3761 1125 3842 άπαβαλετν
1142 3769 1222 3840 Ειαρ.
1240 3767 1279 3831 lin
1297 3766 1423 3833 ιελιοδίε),
1441 3765 1489 3834 qui
1506 3769 1600 3824 innon

333 3847 416 3906 κάτω
432 3847 560 3906 traditam
577 3849 720 3906 lectionem
737 3855 818 3922 pnlnl
835 3853 954 3924 intellegi
975 3865 1058 3924 ροιιε
1163 3858 1193 3909 16
1211 3855 1317 3911 τοῦτον
1339 3850 1480 3918 (circumi.
1498 3856 1527 3907 et
1545 3872 1563 3910 ο
1582 3867 1601 3908 n

334 3933 469 4002 ωπλῦ,
493 3940 622 4005 κινητικο
644 3939 751 3996 τοῦτον
774 3938 859 4042 (μὲν)
882 3953 945 3996 num
961 3939 1074 3996 ΒείεΙώο
1191 3943 1221 3994 17
1247 3933 1404 4010 προσήκειν
1425 3935 1504 4008 libri,
1526 3951 1600 3992 τοτε.

333 4017 463 4076 Roinkinn
549 4014 646 4080 αδταῖν
663 4022 753 4094 Eup,
771 4017 868 4084 ου’των
885 4025 938 4080 BM
956 4017 1052 4083 αὐτῶν
1069 4028 1103 4093 (αι
1121 4039 1140 4082 n
1157 4027 1238 4090 corr.)
1256 4023 1280 4080 U
1299 4016 1430 4081 αυτδνΤ
1508 4025 1539 4076 18
1557 4016 1600 4079 ἔτι

333 4103 365 4164 ἀλ
381 4104 440 4170 UB,
457 4099 499 4163 ίνι
515 4107 579 4172 lon.
597 4107 638 4175 nl)
655 4107 694 4175 M,
711 4123 790 4179 quen
810 4109 933 4181 seqnitur
951 4110 1046 4181 an.;
1065 4111 1101 4169 τί.
1119 4125 1159 4181 ιη
1178 4109 1242 4166 εδο.
1334 4107 1518 4184 διῳκισμένην
1533 4105 1601 4162 libri

335 4189 366 4250 δλ
388 4181 548 4268 ηίκισμίνην
569 4192 650 4264 Ειυρ.
756 4199 788 4250 19
813 4195 965 4268 συνήλυδας
982 4195 1012 4250 M
1126 4191 1232 4268 ἔχουσα
1255 4194 1323 4261 ΒΜ,
1344 4192 1416 4250 inem
1437 4192 1600 4251 romulu

334 4291 371 4332 in.
388 4290 429 4346 ρι’.
518 4279 551 4332 20
570 4280 768 4351 προσχωρίοις
783 4279 813 4335 M
918 4284 950 4337 21
969 4276 1014 4339 διὰ
1032 4281 1094 4338 εδδ.
1112 4281 1192 4351 Ευιρ.
1294 4273 1480 4352 χαλεπότητα
1497 4274 1550 4350 τήν
1567 4297 1601 4336 τε

333 4363 389 4434 γῆν
406 4360 497 4433 nmp..
512 4359 723 4438 χαλεπωτάτην
740 4385 772 4424 τι
789 4369 843 4439 γῆν
860 4367 891 4422 M
906 4363 1114 4440 χαλεπωτάτην
1131 4371 1185 4440 γῆν
1202 4366 1251 4423 UB
1316 4367 1349 4420 2³
1367 4366 1502 4424 πολιτίαν
1517 4362 1547 4418 M

335 4442 552 4590 {acrentinam
576 4447 599 4506 U
622 4465 658 4508 n.
680 4466 724 4522 pr.
746 4451 777 4507 M
890 4457 924 4510 24
947 4453 1101 4527 λεγομένης
1123 4453 1200 4520 libri,
1226 4449 1381 4524 γενομένης
1402 4447 1531 4506 ΒεΙτΗαε

390 4551 479 4588 mvn
