3466 5268
634 379 770 438 ORATlo
787 379 886 440 mv.
1350 384 1391 446 69

131 555 150 614 ό
172 554 318 635 γεωργός
340 549 572 637 ἀμελέστερος.
620 555 726 631 οὕτως
749 552 785 620 δέ
808 558 892 639 ἀγαν
916 547 1021 632 αὐτός
1039 571 1127 641 φασι
1150 554 1265 643 φιλεῖν
1288 557 1388 647 ἀλλή-

132 651 194 730 λας
221 656 277 717 καί
303 656 342 719 τό
373 652 462 721 ἴδιον
491 664 617 742 σμῆνος
639 659 797 743 ἑκάστην,
830 659 916 722 ὥστε
939 655 1080 724 έπειδδν
1109 655 1174 736 έξω
1197 656 1304 744 (ὑπό)
1321 682 1391 748 χει-

131 763 245 836 μῶνος
267 754 506 844 ἀποληφθῶσι
529 755 660 821 πολλοῦ
681 763 861 842 γενομένου
885 761 1087 841 πνεύματος,
1115 757 1217 826 λίθον
1238 765 1289 840 είς
1310 767 1390 842 τούς

133 856 245 936 πόδας
272 863 394 946 ἑκάστη
426 858 575 943 λαβοῦσα
606 862 722 945 ὥσπερ
751 865 835 948 ἕρμα
866 863 974 939 οότως
1004 867 1183 942 πέτονται,
1221 869 1317 943 όπως
1344 872 1389 954 μή

97 971 113 1022 5
136 963 395 1047 παρενεχθῶσιν
410 965 478 1026 ὑπό
501 971 563 1028 τοῦ
584 967 776 1046 πνεύματος
797 961 883 1050 μηδὲ
906 971 968 1028 τοῦ
986 969 1132 1052 σμήνους
1147 964 1388 1053 διαμάρτωσιν.

9 1075 116 1130 mnu)
136 1068 217 1127 όταν
241 1061 276 1130 δέ
300 1062 338 1152 δή
355 1068 413 1130 καί
427 1066 610 1152 πρόθυμον
626 1067 734 1144 ούτως
748 1069 805 1130 καί
820 1068 955 1154 ἀγαθήν
977 1069 1033 1152 έχῃ
1055 1089 1109 1144 τις
1131 1067 1291 1154 πατρίδα,
1315 1078 1390 1148 πῶς
1413 1071 1433 1137 8

134 1159 172 1229 οὐ
199 1170 261 1254 χρή
291 1170 403 1232 πάντα
432 1167 538 1232 τάλλα
566 1171 647 1255 περί
668 1166 848 1246 ἐλάττονος
882 1170 1068 1236 ποιεῖσθαι
1095 1173 1219 1256 ταύτης
1225 1193 1238 1248 ,·
1272 1175 1294 1236 δ
1325 1175 1389 1256 έγώ

135 1265 348 1351 λογιζόμενος
368 1271 495 1358 χαίρω,
519 1272 607 1356 δρῶν
629 1272 686 1335 καί
707 1273 766 1336 τδν
787 1273 863 1336 υίέα
885 1275 945 1338 τόν
967 1273 1115 1353 ίμαυτού
1134 1275 1191 1338 καί
1216 1275 1273 1338 τόν
1295 1273 1392 1338 ἀδελ-

134 1368 257 1458 φιδούν
277 1373 334 1436 καί
355 1373 434 1447 τούς
456 1369 578 1450 ἀλλους
600 1375 795 1451 νεανίσκους
817 1370 979 1453 (πολλούς
1001 1371 1037 1440 δέ
1061 1375 1129 1456 δρῶ
1155 1376 1214 1440 σύν
1237 1375 1312 1460 θεῷ
1334 1380 1391 1441 καί

97 1483 125 1536 1⁰
149 1477 304 1552 ἅπαντας
326 1475 469 1558 ἀγαθῶν
490 1481 615 1558 γονέων
637 1477 693 1544 καί
714 1478 754 1540 τό
776 1496 811 1558 γε
834 1475 926 1553 είδος
947 1477 1096 1560 ἀγαθοῖς
1118 1479 1269 1559 όμοίους)
1289 1481 1396 1556 οὕτως

15 1592 64 1640 (αι
84 1589 118 1642 1)
137 1573 397 1660 διανοουμένους
419 1579 466 1655 ὡς
490 1574 773 1664 φιλονικήσοντας
789 1576 948 1664 ἀλλήλοις
964 1581 1043 1644 ἀνευ
1069 1580 1203 1666 φθόνου
1219 1583 1276 1646 καί
1298 1576 1392 1667 ζήλο-

135 1682 261 1757 τυπίας
281 1683 338 1746 καί
359 1685 432 1760 τοῖς
454 1676 572 1758 ἀλλοις
595 1681 799 1766 ἀνθρώποις
821 1684 906 1767 ύπίρ
935 1683 1056 1770 ἀρετῆς
1077 1685 1134 1748 ιιαί
1156 1675 1313 1761 εὐδοξίας
1334 1692 1394 1770 τής

136 1804 172 1850 τε
202 1785 312 1846 αὐτῶν
341 1786 397 1849 καί
424 1792 484 1869 τῆς
513 1779 681 1867 πατρίδος
710 1785 767 1847 καί
794 1786 891 1860 δπως
921 1787 1100 1870 πρωτεύσῃ
1130 1787 1272 1862 ίκυστος
1293 1787 1329 1849 έν
1351 1793 1393 1872 τῇ

137 1883 281 1970 πατρίδι
303 1883 350 1970 τῷ
367 1882 498 1962 δίκαιός
520 1906 556 1950 τε
579 1883 746 1950 εἶναικαὶ
769 1882 957 1972 φιλόπολις
977 1889 1034 1951 καί
1055 1889 1099 1973 μή
1125 1885 1291 1963 ἀδύνατος
1313 1889 1393 1970 ἀγα-

89 1996 116 2048 ιε
138 1989 205 2052 θόν
227 2009 262 2050 τι
284 1993 397 2055 ποιεῖν
419 1989 475 2052 καί
497 1985 617 2066 αδξειν
632 1990 692 2074 τήν
708 1985 869 2074 πατρίδα.
907 1987 946 2054 εδ
957 1989 1021 2074 γὰρ
1038 1988 1110 2053 ίστε
1126 1992 1180 2054 δτι
1196 1991 1234 2054 ού
1248 1991 1388 2076 μεγίστη
1413 1990 1433 2054 9

136 2097 202 2154 τῶν
226 2087 360 2154 πόλεων
383 2089 467 2154 οδσα
492 2089 569 2153 οὐδέ
592 2087 755 2156 πλεῖστον
774 2095 896 2176 χρόνον
921 2093 1097 2176 οἰκουμένη
1115 2088 1253 2156 πολλῶν
1274 2110 1393 2175 γνωρι-

134 2199 270 2279 μωτέρα
293 2195 366 2260 έστί
387 2194 444 2258 καί
466 2193 560 2278 παρὰ
576 2198 649 2270 τοῖς
665 2190 784 2270 ἀλλοις
806 2193 1019 2278 ἀνθρώποις,
1042 2195 1099 2258 καί
1115 2189 1233 2274 σχεδόν
1249 2215 1283 2256 τι
1306 2195 1395 2278 πρός

136 2299 291 2372 ἅπαντας
314 2296 581 2378 ἀγωνιουμένους
603 2297 682 2373 τούς
696 2287 856 2380 Ἕλληνας
886 2291 996 2358 πάλαι
1025 2300 1167 2381 παρέχει
1188 2297 1268 2371 τούς
1290 2295 1394 2380 αὐτῆς

137 2396 282 2474 πολίτας
312 2398 370 2460 ούκ
392 2399 427 2460 έν
449 2403 523 2473 τοῖς
550 2399 710 2475 ὑστάτοις
739 2389 814 2462 οὐδ’
846 2399 881 2461 έν
910 2402 984 2473 τοῖς
1013 2399 1142 2481 τρίτοις
1173 2399 1193 2484 ή
1224 2396 1394 2481 δευτέροις

90 2508 120 2564 νύ
143 2503 428 2588 ἀριθμουμένους.
474 2497 557 2583 λέγω
582 2497 618 2564 δέ
642 2501 700 2580 ούχ
722 2501 808 2585 ὑπέρ
830 2502 979 2580 ίμαυτού
999 2508 1118 2564 τούτου
1132 2501 1197 2583 εγὼ
1213 2503 1271 2566 τόν
1288 2497 1396 2584 λόγον,

137 2603 223 2669 ἀλλὰ
239 2607 325 2690 ὑπὲρ
340 2611 408 2668 τῶν
423 2599 544 2682 ἀλλων,
569 2601 615 2666 ὧν
644 2604 753 2682 οἱμὲν
769 2600 1054 2689 ἀποδημήσαντες
1067 2605 1124 2668 καί
1139 2601 1279 2670 πλείοσι
1294 2623 1396 2689 φονι-

136 2711 192 2794 ροί
213 2710 385 2791 χωόμενοι
409 2706 559 2792 φανερόν
580 2708 640 2792 τήν
671 2701 772 2784 δόξαν
795 2708 994 2791 ἐκτήσαντο,
1024 2707 1059 2768 σί
1088 2703 1124 2770 δὲ
1147 2703 1273 2770 ἐνθάδε
1297 2704 1396 2769 πολι-

136 2814 313 2890 τευόμενοι
333 2811 389 2872 καί
409 2813 569 2890 μένοντες
591 2804 687 2869 οὐδὲν
707 2809 842 2891 χείρους
864 2809 1000 2871 ἐκείνων
1016 2809 1197 2873 είσίν·ούτε
1212 2811 1293 2894 περί
1313 2810 1393 2884 τούς

139 2911 258 2995 λόγους
281 2912 356 2974 ούτε
377 2914 458 2994 περί
479 2911 520 2974 τὰ
543 2912 633 2996 ίργα.
672 2911 738 2993 δρῶ
756 2907 792 2972 δέ
816 2911 855 2972 οδ
876 2914 981 2990 μόνον
1000 2912 1071 2974 ἀπό
1089 2907 1204 2993 λόγων,
1228 2907 1313 2974 ἀλλὰ
1336 2913 1393 2974 καί
1408 2909 1446 2970 10

91 3023 120 3074 21
142 3016 214 3078 ἀπὸ
238 3012 449 3100 φιλοσοφίας
471 3010 597 3098 ἀνδρας
626 3012 780 3096 ἀγαθούς
808 3015 865 3076 καί
893 3010 1091 3096 ἀξιολόγους
1118 3018 1334 3096 γιγνομένους
1361 3017 1397 3077 ἐν

139 3125 181 3203 τῇ
209 3113 326 3180 πόλει·
354 3118 439 3201 ὑπὲρ
468 3113 514 3178 ιδν
542 3117 607 3198 δγὼ
634 3117 691 3180 καί
714 3112 786 3200 ίδίρ
814 3117 892 3191 τούς
922 3119 1017 3191 νέους
1045 3118 1102 3179 καί
1129 3125 1241 3201 κοινή,
1271 3097 1396 3200 δτανῇ

139 3223 267 3305 καιρός,
290 3219 347 3281 ούκ
370 3218 499 3303 ὀκνήσω
524 3214 742 3303 παρακαλεῖν.
780 3220 837 3280 καί
859 3221 917 3281 τόν
933 3215 1040 3304 δῆμον
1061 3221 1148 3298 ὑμᾶς
1171 3216 1267 3296 ἀξιῶ,
1291 3221 1313 3281 ἀ
1336 3221 1398 3300 μὲν

11 3335 81 3384 19911
92 3335 124 3386 11)
139 3325 215 3386 ἔστι
230 3323 323 3407 παρδ
340 3328 406 3384 τῶν
420 3324 642 3403 κρατούντων,
658 3329 763 3384 ταῦτα
778 3316 929 3398 ἐλπίζειν
944 3323 991 3396 ὡς
1003 3323 1146 3401 ἐσόμενα
1162 3323 1219 3384 καί
1234 3322 1398 3402 εδχεσθαι

141 3425 338 3508 συμβαίνειν
361 3425 436 3488 τινὰ
466 3426 565 3510 τιμήν
587 3423 607 3509 ή
632 3419 734 3502 δόξαν
756 3425 775 3509 ἢ
801 3424 964 3509 εὐπορίαν
991 3427 1189 3508 χρημάτων·
1219 3425 1241 3486 δ
1264 3421 1300 3486 δέ
1323 3424 1397 3485 ίστι

92 3539 122 3590 ευ
144 3520 230 3615 παρ’
257 3528 376 3605 αὐτῶν,
398 3527 495 3609 ἔχειν,
520 3523 656 3610 εὐταξίᾳ
678 3533 746 3590 τῶν
768 3521 879 3590 ἀλλων
903 3522 1017 3611 δήμων
1033 3523 1269 3611 διαφέροντας,
1293 3521 1396 3600 αίδοῖ,

140 3630 188 3716 τῷ
220 3631 416 3694 πείθεσθαι
444 3635 517 3706 τοῖς
546 3630 695 3713 ἀγαθοῖς
724 3626 885 3712 ἀνδράσι,
918 3624 1092 3713 φιλεργίᾳ,
1122 3627 1326 3712 σωφροσύνῃ
1355 3622 1396 3708 τῇ

142 3736 222 3819 περί
244 3736 302 3796 τόν
323 3723 408 3796 καθ’
432 3736 560 3819 ήμέραν
582 3733 676 3814 βίον,
699 3729 746 3813 τῴ
769 3732 853 3815 μήτε
876 3736 943 3792 τῶν
967 3731 1134 3810 σωμάτων
1156 3724 1292 3809 ἀμελεῖν
1314 3726 1397 3810 μήτε

141 3845 201 3922 τῆς
224 3843 344 3922 ψυχής,
366 3827 452 3898 καθ’
477 3837 557 3898 όσον
580 3837 708 3920 έκαίστῳ
734 3829 856 3920 σχολήν
879 3828 1002 3896 δίδωσι
1024 3831 1065 3894 τὰ
1086 3833 1191 3894 αὑτοῦ
1203 3831 1396 3914 πράγματα,

230 4063 240 4111 1
262 4051 387 4130 γεοργδς
403 4055 428 4110 Τ
499 4053 613 4116 οντωΒ
699 4057 715 4108 2
732 4045 790 4110 ἀπὸ
808 4049 871 4108 εδδ.
886 4051 996 4117 Roiuke,
1014 4047 1177 4122 πνεύματος
1194 4048 1278 4108 dolori
1297 4046 1401 4103 mmlt

141 4141 207 4197 wil.
282 4135 550 4212 δδπολειφθοῖσιιι
569 4143 597 4204 (ν
614 4141 695 4206 em.)
713 4135 737 4194 U
755 4131 998 4210 εἷπολειφθοῖσιΒ
1087 4141 1144 4202 ΐτῑῖς
1162 4135 1211 4192 U'l'
1227 4136 1256 4203 (1.
1273 4147 1298 4192 ο.
1315 4123 1400 4191 πνεδ·

141 4228 245 4297 ματος)
329 4214 484 4286 4οδτωΒ
570 4223 709 4284 πέτονται
728 4222 802 4279 UBT
887 4213 1040 4282 oo‘v'mn
1138 4217 1189 4296 ἔχη
1206 4226 1232 4293 (η
1248 4219 1277 4276 ln
1293 4215 1402 4285 m.)U

142 4307 243 4386 ἔχειΤ
314 4317 346 4368 1⁰
364 4301 441 4370 οὕτω
460 4310 509 4368 ΒΤ
580 4315 609 4368 11
630 4307 884 4380 φιλονικήσοντας
902 4307 976 4364 UBT
1048 4312 1078 4364 1³
1096 4301 1193 4367 αὐτόν
1203 4305 1253 4363 UT
1322 4323 1401 4375 πρω·

142 4392 236 4458 τιύσει
254 4396 283 4450 Μ
301 4390 457 4470 προιούσηι
476 4395 548 4453 Um.
558 4411 601 4466 pr.
672 4397 704 4450 18
723 4385 871 4466 αδτήςῑίΤ
924 4397 955 4449 21
975 4387 1042 4454 ἀλλ’
1056 4393 1105 4451 ΒΤ
1174 4397 1207 4448 ³0
1224 4391 1263 4446 its
1279 4389 1404 4446 δίιάαιίι

143 4481 254 4540 Goolius
270 4481 407 4551 ptobmte
423 4481 553 4552 Emporia
607 4482 637 4534 11
657 4473 693 4537 τὸ
711 4495 761 4549 pro
780 4482 823 4555 τῷ
840 4477 866 4534 U
882 4495 918 4534 ιιι.
936 4497 977 4551 pr.
995 4480 1019 4537 B
1070 4479 1229 4553 φιλεργίας
1244 4475 1313 4543 libri.
1331 4489 1402 4531 εοεε.

142 4566 245 4624 Βείελεε
261 4581 295 4624 ex
311 4567 425 4639 lutorpr.
484 4564 769 4636 ³215Um.pr.B
820 4569 881 4622 ταῖν
898 4560 1114 4639 αδτομδτωνΤ
1183 4567 1216 4621 33
1235 4555 1324 4621 αὐτοῦ
1339 4557 1404 4616 libri
