3526 5264
348 397 417 460 ‘230
621 396 746 454 molus
764 397 816 453 DE
833 395 1043 454 SERVITUTE
1060 395 1110 452 ΕΤ
1127 395 1341 452 LIBERTATE

352 575 433 658 τρὸς
445 573 503 636 καί
514 570 719 648 διδάσκαλος
730 573 948 658 προστάττει.
984 563 1022 634 οὗ
1037 573 1151 635 τοίνυν
1167 564 1245 634 οὖάἐ
1260 577 1335 649 τοῖς
1350 567 1468 647 ἀλλοις
1483 567 1614 649 ἔξεστιν
1624 584 1737 638 (utum

354 677 378 736 ἀ
400 671 563 738 ἐθέλουσι
584 680 710 752 ποιεῖν,
732 666 808 736 ἀλλ’
832 674 892 736 ἐάν
914 695 968 750 τις
984 675 1078 758 παρά
1101 676 1181 749 τούς
1202 678 1326 755 νόμους
1342 674 1421 748 τούς
1442 678 1616 753 κειμένους

305 777 506 860 14πράττη,
536 771 753 862 ζημιώσεται.
798 767 930 839 Οὐκοῦν
959 777 1023 838 ὅσα
1045 779 1090 862 μή
1115 777 1300 860 ἀπείρηται
1321 777 1389 838 ὑπὸ
1412 781 1480 837 τῶν
1502 778 1615 856 νόμων

350 875 438 964 μηάἐ
461 883 729 964 προστέτακται,
759 880 779 940 ἀ
808 880 889 964 περί
912 881 1042 942 τούτων
1064 878 1148 959 ἔχων
1171 870 1272 952 αὐτὸς
1293 879 1353 963 τήν
1376 873 1534 954 ἐξουσίαν
1555 885 1618 940 τοῦ

352 982 516 1066 πράττειν
540 983 587 1058 ὡς
608 979 768 1063 βούλεται
790 982 810 1066 ή
834 983 878 1067 μή
903 977 1100 1065 ἐλεύθερος,
1127 983 1147 1043 ἀ
1170 977 1205 1043 d&
1228 970 1426 1042 τούναντίον
1448 976 1614 1056 ἀδύνατος
1633 989 1649 1038 1

353 1079 485 1158 δοῦλος.
532 1085 576 1146 Τί
599 1080 655 1160 ἐέ,·
678 1081 744 1146 οίει
767 1099 824 1145 σοι
846 1079 987 1161 ἐξεῖναι,
1010 1086 1074 1145 ὅσα
1096 1085 1141 1169 μή
1166 1083 1353 1166 ἀπείρηται
1373 1083 1435 1162 μὲν
1456 1082 1525 1143 ἀπὸ
1547 1089 1615 1144 τῶν

356 1187 470 1266 νόμων
492 1186 681 1272 ἐγγράφως,
705 1185 828 1270 οίσγρά
851 1181 887 1248 d&
904 1181 1016 1260 άλλως
1039 1181 1220 1260 δοκεῖτοῖς
1235 1183 1439 1269 ἀνθρώποις
1459 1184 1517 1245 καί
1537 1184 1615 1245 ἀτο-

355 1301 422 1349 πα·
444 1283 531 1370 λέγω
548 1284 584 1350 ἀέ
601 1287 675 1350 οἷον
690 1285 882 1372 τελωνεῖνή
899 1287 1146 1368 πορνοβοσκεῖν
1164 1289 1183 1373 ή
1200 1283 1286 1348 ἀλλα
1309 1286 1411 1366 ὅμοια
1435 1288 1598 1370 πράττειν
1603 1309 1616 1363 ,·

356 1379 407 1452 Οῧ
434 1389 483 1470 μά
504 1389 575 1452 Δία
603 1392 712 1476 φαίην
741 1392 783 1453 ἀν
812 1379 889 1452 οὐδὲ
918 1391 961 1453 τά
990 1397 1132 1453 τοιαῦτα
1161 1387 1287 1467 ἐξεῖναι
1313 1394 1387 1464 τοῖς
1409 1385 1614 1468 ἐλευθέροις.

302 1526 307 1536 ·
352 1493 409 1554 καί
437 1492 501 1577 γάρ
530 1494 611 1578 περί
638 1495 768 1556 τούτων
794 1495 968 1556 ἐπίκειται
996 1487 1097 1578 ζημία
1126 1495 1165 1556 τὸ
1187 1491 1414 1576 μισεῖσθαιή
1440 1486 1612 1574 ἀυσχεραί·
1634 1501 1663 1553 lo

304 1591 482 1656 15νεσθαι
503 1594 572 1658 ἀπὸ
595 1601 663 1658 τῶν
685 1595 893 1678 ἀνθρώπων.
934 1596 979 1657 Τί
1002 1591 1058 1670 δέ,-
1079 1596 1155 1670 τοῖς
1176 1590 1380 1668 ἀκολάστοις
1402 1593 1616 1677 ἀνθρώποις,

355 1697 419 1757 ὅσα
442 1701 585 1758 ποιοῦσι
608 1692 665 1757 ἀιά
687 1698 748 1783 τήν
770 1691 973 1774 ἀκολασίαν,
1001 1697 1059 1757 καί
1088 1701 1161 1772 τοῖς
1184 1693 1358 1779 ἀνοήτοις,
1388 1696 1452 1757 ὅσα
1472 1691 1534 1757 ἀιά
1556 1689 1616 1779 τήν

357 1797 488 1875 άνοιαν,
510 1798 531 1883 ἢ
556 1787 675 1872 οὐσίας
697 1793 899 1878 ἀμελοῦντες
918 1799 939 1884 ή
965 1800 1123 1879 σώματος
1145 1799 1165 1884 ή
1189 1795 1315 1874 ἀδίκως
1335 1799 1394 1862 καί
1415 1798 1618 1880 ἀγνωμόνως

355 1902 636 1986 προσφερόμενοι
654 1897 824 1985 ἀλλήλους,
848 1892 886 1963 οὗ
911 1903 1023 1964 πάντα
1045 1909 1151 1964 ταῦτα
1174 1897 1338 1987 ἐπιζήμια
1360 1905 1434 1975 τοῖς
1456 1901 1616 1963 ποιοῦσίν
1625 1915 1714 1968 ‹u›

354 2002 469 2077 ἐστιν,·
489 2002 509 2087 ή
530 2003 595 2086 γάρ
618 2003 669 2078 είς
691 2005 730 2065 τὸ
755 2010 852 2085 σῶμα
873 2004 894 2088 ή
918 1998 978 2089 τὴν
1001 1996 1120 2067 οὐσίαν
1141 2006 1162 2090 ή
1185 2007 1224 2067 τὸ
1247 2009 1407 2087 μέγιστον
1428 1998 1488 2088 τήν
1503 1997 1614 2087 ψυχήν
1633 2013 1666 2065 11

354 2099 415 2189 τὴν
440 2104 550 2167 αὐτῶν
571 2101 795 2187 βλάπτονται.
843 2109 952 2168 Τοῦτο
977 2107 1040 2186 μὲν
1062 2103 1193 2191 ἀληθὲς
1223 2103 1340 2189 λέγεις.
1388 2104 1517 2168 Οὔκουν
1540 2097 1618 2169 οὖάἐ

303 2207 463 2273 16ταῦτα
487 2203 599 2284 ἐξεστι
621 2202 803 2291 πράττειν,·
835 2199 884 2271 Οὐ
906 2209 970 2294 γάρ
994 2209 1062 2272 οέν.
1095 2200 1161 2272 Ἑνὶ
1182 2205 1222 2294 δή
1246 2206 1332 2292 λόγῳ
1355 2209 1397 2270 τά
1419 2211 1481 2289 μέν
1505 2205 1618 2294 φαῦλα

352 2310 410 2373 καὶ
431 2311 546 2373 ἄτοπα
570 2311 628 2372 καί
649 2311 834 2396 ἀσύμφορα
865 2312 923 2374 οάκ
949 2308 1061 2389 ἐξεστι
1090 2314 1271 2396 πράττειν,
1300 2311 1341 2372 τά
1365 2308 1401 2374 ἀὲ
1426 2308 1541 2375 δίκαια
1561 2313 1619 2374 καὶ

354 2415 571 2497 συμφέροντα
599 2413 658 2474 καί
685 2412 803 2494 ἀγαθά
828 2415 890 2499 χρή
923 2416 1031 2498 φάναι
1060 2416 1114 2475 ὅτι
1137 2415 1304 2499 προσήκει
1330 2435 1366 2478 τε
1387 2416 1446 2477 καί
1466 2409 1618 2490 ἐξεστιν,·

349 2505 441 2594 Ἐμοί
455 2521 533 2597 γοῦν
549 2510 650 2577 ἐοκεῖ.
694 2512 822 2576 Οὐκοῦν
839 2513 951 2578 οὐδενί
965 2517 1007 2578 τά
1030 2536 1067 2578 τε
1091 2513 1205 2602 φαῦλα
1226 2519 1283 2580 καί
1298 2518 1482 2602 ἀσύμφορα
1498 2522 1612 2580 ποιεῖν
1633 2526 1666 2578 11)

353 2611 494 2701 ἀζήμιόν
509 2617 604 2678 ἐστιν
620 2615 697 2679 οὔτε
714 2608 839 2702 Έλληνι
856 2617 932 2680 οὔτε
947 2618 1108 2703 βαρβάρῳ
1125 2613 1144 2652 *⁵
1157 2614 1176 2653 *⁵
1192 2619 1267 2682 οὔτε
1282 2620 1369 2704 ὑπὲρ
1391 2622 1470 2682 ὅτου
1493 2639 1547 2694 τις
1568 2639 1617 2681 τι·

351 2719 417 2805 μήν
445 2714 589 2782 ἀέἐωκεν
618 2719 778 2804 ἀργύριον
784 2741 797 2797 ,·
828 2717 878 2782 Οά
908 2721 971 2806 γάρ
1002 2721 1070 2784 οὖν.
1123 2723 1174 2784 Τά
1205 2719 1243 2784 ἀέ
1269 2741 1306 2805 γε
1339 2722 1475 2785 ἐναντία
1509 2728 1616 2784 πᾶσιν

354 2821 482 2901 ὁμοίως
505 2822 657 2907 ἐφεῖται,
679 2821 738 2884 καί
759 2823 794 2883 οί
814 2825 876 2903 μέν
898 2823 941 2884 τά
964 2824 1128 2909 ἐφειμένα
1152 2826 1360 2908 πράττοντες
1383 2818 1520 2909 ἀζήμιοι
1543 2819 1616 2884 ἀια-

303 2919 519 3002 numm,
544 2924 578 2984 οί
598 2919 636 2984 a&
659 2923 701 2984 τά
723 2921 934 3006 κεκωλυμένα
958 2920 1165 3010 ζημιοῦνται.
1203 2923 1376 2990 ἀλλοιοῦν
1399 2924 1537 2988 δοκοῦσί
1559 2941 1616 2988 σοι
1626 2937 1739 2989 (man

355 3029 518 3109 πράττειν
549 3027 571 3087 ἀ
599 3021 729 3101 ἔξεστιν
757 3027 777 3110 ή
802 3028 838 3089 οἱ
859 3029 1084 3108 ἐπιστάμενοι
1105 3037 1225 3107 ταῦτα,
1254 3031 1311 3092 καί
1332 3025 1431 3090 ἄλλοι
1452 3028 1613 3090 τάναντία
1635 3037 1667 3090 ²5

353 3127 372 3212 ή
398 3129 433 3190 ol
454 3128 670 3209 ἀγνοοῦντεςς
702 3125 878 3209 Οέάαμῶς.
926 3127 1055 3192 Οὐκοῦν
1086 3132 1121 3193 ol
1150 3135 1313 3218 φρόνιμοι
1341 3133 1406 3192 ὅσα
1434 3127 1617 3211 βούλονται

354 3232 528 3315 πρέπειν,
545 3226 675 3307 ἔξεστιν
687 3231 819 3307 αὐτοῖς·
836 3233 870 3294 οί
885 3229 922 3295 δέ
937 3235 1086 3318 άφρονες
1100 3236 1164 3297 ἀσα
1179 3231 1361 3316 βούλονται
1377 3233 1435 3294 οὐκ
1449 3229 1525 3308 ἐξὸν
1540 3233 1616 3294 ἐπι-

351 3337 506 3416 χειροῦσι
528 3333 708 3414 πράττειν·
738 3334 828 3397 ὥστε
855 3335 980 3420 ἀνάγκη
1010 3338 1090 3411 τους
1117 3337 1179 3416 μέν
1206 3337 1393 3421 φρονίμους
1414 3331 1617 3418 ἐλευθέρους

353 3454 391 3497 τε
413 3431 503 3497 εἶναι
524 3436 582 3496 καί
600 3430 730 3511 ἐξεῖναι
751 3437 869 3512 αὐτοῖς
891 3442 1006 3501 ποιεῖν
1025 3440 1072 3514 ὡς
1094 3435 1267 3516 ἐθέλουσι,
1290 3439 1370 3512 τούς
1393 3433 1429 3500 ἀέ
1453 3437 1617 3522 ἀνοήτους

354 3533 496 3612 δούλους
523 3557 560 3600 τε
588 3533 677 3600 είναι
704 3539 762 3601 καί
791 3540 813 3600 ἀ
838 3541 883 3626 μή
912 3536 1044 3617 ἐξεστιν
1066 3540 1199 3618 αὐτοῖς,
1227 3547 1332 3602 ταῦτα
1356 3544 1470 3602 ποιεῖν
1477 3559 1489 3615 ,·
1503 3528 1611 3613 Ἴσως.
1634 3549 1669 3601 ³0

304 3641 343 3706 18
358 3637 487 3702 Οὐκοῦν
513 3640 571 3703 καί
596 3641 657 3725 τήν
687 3637 887 3727 ἐλευθερίαν
907 3645 968 3729 χρή
994 3639 1101 3726 λέγειν
1123 3645 1315 3730 ἐπιστήμην
1337 3650 1404 3706 τῶν
1426 3643 1615 3727 ἐφειμένων

438 3813 451 3862 1
471 3802 573 3881 ἰατρὸς
589 3809 656 3878 (καί
672 3803 852 3882 στρατηγὸς)
868 3807 971 3864 Reinke
1022 3805 1198 3882 προστάττει
1210 3809 1344 3877 Valesius,
1362 3808 1484 3883 πράττει
1501 3809 1564 3866 libri

352 3889 551 3968 ἀπράττειῦ
618 3889 658 3966 μὴ
676 3909 729 3950 om.
747 3895 778 3951 11
847 3888 923 3961 ἀάς
939 3892 1074 3968 βούλεται
1092 3903 1120 3951 ει
1137 3891 1156 3967 ἢ
1171 3891 1209 3968 μή
1228 3896 1306 3952 iuxta
1322 3899 1397 3952 stare
1413 3913 1469 3952 non
1485 3897 1616 3966 ροεεσυ1ς

351 3979 568 4036 altmarum
585 3978 728 4034 delendum
739 3983 783 4035 est
851 3974 941 4037 bom.
954 3979 984 4034 Μ
1054 3973 1210 4045 ὃάυνατὸς
1227 3981 1257 4034 Μ
1310 3982 1374 4036 6τί
1390 3985 1436 4038 ἀαί
1451 3980 1524 4045 libri.
1543 3995 1617 4037 corr.

351 4063 433 4118 Dind.
501 4067 547 4122 ίαί
565 4061 620 4123 οίει
636 4083 685 4122 σοι
702 4064 731 4120 {n
747 4079 846 4121 mura
862 4065 892 4120 11
960 4059 1112 4137 μηνόνταιν
1129 4079 1180 4132 pro
1198 4064 1252 4134 μὲν
1268 4059 1326 4122 ὑπὸ
1344 4065 1376 4121 M
1453 4071 1485 4120 10
1503 4069 1547 4139 τῷ
1563 4080 1618 4133 pm

351 4143 388 4205 τὸ
406 4147 436 4202 Μ
507 4153 535 4204 11
556 4153 602 4208 ἀτί
619 4149 694 4207 um·
765 4155 796 4206 16
815 4143 921 4208 ουίιοῦν
936 4150 1008 4219 libri,
1026 4165 1095 4206 corr.
1108 4149 1190 4204 Dind.
1263 4155 1292 4204 11
1312 4147 1349 4207 τά
1366 4145 1404 4221 μή
1422 4141 1563 4218 φαῦλαΰ

353 4235 386 4288 20
406 4222 458 4291 οὖν
473 4232 505 4288 Μ
521 4239 582 4304 (pro
600 4239 681 4306 γοῦν)
733 4226 907 4306 ἀσύμφορον
923 4233 953 4286 Μ
1009 4239 1039 4289 11
1060 4227 1182 4305 ἀζήμιόν
1198 4231 1288 4292 ἐστινε
1306 4235 1437 4303 exspecto
1455 4226 1564 4299 ἔξεστιν

352 4324 384 4371 ut
401 4317 506 4374 Graeco
524 4318 667 4386 barbarus,
682 4318 722 4373 it·
738 4317 779 4373 1111
797 4319 844 4386 qui
860 4318 979 4386 pecunia
996 4323 1102 4388 emptus
1120 4321 1170 4386 est,
1188 4325 1295 4390 emptor
1312 4319 1354 4374 vel
1371 4316 1495 4374 dominun
1512 4318 1618 4387 opponi

352 4403 448 4458 debuit
531 4407 564 4458 τι
582 4396 721 4478 ἀργύριον
737 4401 790 4458 del.
809 4402 930 4458 σουιιιιι
948 4402 978 4458 ο.
997 4403 1041 4459 cr.
1059 4419 1087 4472 p.
1106 4408 1138 4458 ετ
1238 4407 1271 4458 τε
1289 4401 1410 4476 εφιμεια
1427 4403 1458 4458 M
1544 4401 1618 4475 ιοῆ

353 4503 407 4544 om.
425 4487 456 4542 Μ
507 4491 539 4544 11
559 4479 616 4546 ὅσα
633 4487 739 4557 scripsi,
756 4480 776 4544 ά
792 4487 870 4556 libri;
890 4505 928 4544 οσ
944 4487 1044 4543 excidit
1060 4495 1172 4559 propter
1190 4508 1220 4556 ες
1237 4489 1363 4546 vocabuli
1381 4487 1568 4546 antecedentis

354 4577 386 4627 ³1
407 4569 566 4644 ἐφιεμένων
582 4573 653 4641 libri,
670 4589 741 4630 corr.
760 4572 860 4630 Κάτλε
