3520 5270
811 343 936 400 DIONIS
954 345 1004 400 DE
1023 345 1197 404 romum

625 705 697 788 (48)
725 700 875 788 ΠΕΡΙ
904 701 1120 784 ΤΥΧΗΣ
1148 703 1385 788 ΤΡΙΤΟΣ

329 964 342 1023 1
460 958 505 1022 Ol
527 959 662 1048 σφόδρα
691 971 733 1048 τῃ
761 966 841 1047 τύχῃ
872 967 1136 1039 πεπιστευκότες
1162 959 1219 1028 καίΙ
1240 973 1282 1050 τῃ
1305 969 1479 1051 παρουσίᾳ
1500 969 1628 1054 ταύτης

367 1063 590 1146 ἐπαιρόμενοι
614 1063 752 1128 δοκοῦσί
765 1085 827 1145 μοι
840 1062 1005 1128 κάλλιστα
1023 1072 1216 1151 συνηγορεῖν
1233 1068 1317 1152 αύτῃ
1331 1069 1389 1130 καί
1410 1073 1625 1154 παρασκευά-

366 1159 434 1240 ζειν
455 1168 551 1242 όπως
572 1165 714 1230 ίπειδάν
735 1172 922 1252 μεταπέσῃ,
944 1165 1062 1253 μηδεὶς
1084 1169 1169 1254 αύτῃ
1190 1174 1376 1256 μέμφηται.
1411 1157 1625 1234 Ιτούναντίον

364 1267 427 1352 γάρ
459 1271 608 1345 ἅπαντες
637 1279 678 1355 τῇ
704 1272 867 1357 βαρύτητι
903 1278 970 1334 τῶν
1003 1272 1228 1350 εύτυχούντων
1263 1269 1536 1356 δυσχεραίνοντες
1567 1276 1626 1337 καί

365 1372 425 1456 την
446 1371 542 1456 ύβριν
577 1374 686 1436 αὐτῶν
713 1376 935 1457 μεμισηκότες
963 1374 1044 1435 όταν
1071 1370 1241 1459 καταλίπῃ
1268 1375 1344 1437 τινὰ
1367 1375 1493 1452 αὐτῶν,
1521 1376 1661 1437 ἐπει-5

365 1480 461 1535 νοῦσι
483 1475 541 1536 καί
564 1493 653 1561 φασι
675 1473 808 1538 δικαίαν
831 1476 947 1550 αύτοῖς
975 1480 1147 1558 γεγονέναι
1174 1479 1234 1563 την
1262 1473 1461 1562 μεταβολήν.
1512 1473 1623 1539 δεῖδὲ

365 1577 444 1650 τούς
467 1584 544 1638 νοῦν
567 1578 705 1657 ἔχοντος
728 1580 835 1652 ούτως
854 1578 1008 1664 χρῆσθαι
1030 1579 1104 1652 τοῖς
1126 1579 1332 1658 αύτομάτοις
1360 1578 1509 1660 ἀγαθοῖς
1536 1579 1624 1642 ὥστε

364 1677 584 1760 ὑπαρχόντων
606 1681 667 1759 μὲν
690 1680 800 1742 αύτῶν
821 1675 948 1764 μηδένα
971 1676 1138 1762 έγκαλεῖν,
1167 1679 1226 1740 έάν
1257 1677 1293 1742 δὲ
1323 1680 1498 1765 παύσηταί
1527 1698 1622 1756 ποτε,

324 1776 493 1864 2μηδένα
516 1778 722 1866 ἐφήδεσθαι.
771 1779 818 1864 τῷ
850 1784 954 1845 παντί
982 1783 1045 1865 γάρ
1074 1785 1225 1863 κρεῖττόν
1248 1785 1342 1846 έστιν
1370 1778 1494 1856 ένδεῶς
1516 1783 1623 1866 πράτ-

363 1900 465 1944 τοντα
489 1883 697 1964 ἀγαπᾶσθαι
719 1885 775 1946 καί
804 1881 914 1946 δοκεῖν
937 1891 1025 1946 πᾶσι
1054 1884 1148 1968 παρά
1178 1886 1238 1970 τὴν
1268 1881 1366 1961 ἀξίαν
1395 1880 1625 1946 ἀπαλλάττειν
1650 1867 1746 1970 loffiffi]

363 1983 382 2068 ἢ
406 1985 601 2048 τούναντίον
625 1976 824 2065 εὐτυχοῦντα
846 1986 1031 2066 μισεῖσθαι
1052 1987 1108 2049 καί
1138 1990 1282 2071 προσέτι
1308 1987 1428 2070 κοίτῃ
1449 1988 1529 2070 τύχῃ
1552 1987 1620 2068 γίγ-

362 2086 488 2149 νεσθαι
510 2084 732 2174 βλασφημίας
756 2087 882 2166 αἴτιον,
913 2090 960 2164 ὡς
982 2092 1061 2164 τούς
1083 2089 1254 2174 πονηρούς
1283 2087 1358 2149 ἀντί
1379 2093 1447 2150 τῶν
1466 2095 1622 2173 χρηστῶν

362 2189 545 2271 εὐεργετεῖν
569 2196 830 2276 προαιρουμένῃ.
869 2194 903 2254 ol
923 2193 985 2272 μὲν
1011 2190 1068 2253 σόν
1090 2188 1216 2254 πολλοί
1237 2196 1304 2251 τῶν
1322 2189 1519 2273 ἀνθρώπων
1541 2191 1621 2265 τούς

360 2290 492 2377 βαρέως
517 2297 711 2375 χρωμένους
739 2299 813 2370 τοῖς
841 2295 877 2356 έκ
905 2303 965 2380 τῆς
999 2295 1099 2379 τύχης
1134 2295 1325 2376 ὑπάρχουσι
1361 2293 1531 2376 πονηρούς
1558 2292 1619 2370 μέν

361 2394 450 2458 είναί
472 2412 560 2482 φασι
580 2399 637 2459 καί
658 2403 726 2459 τῶν
749 2397 891 2478 ἀγαθῶν
914 2393 1082 2473 ἀναξίους,
1106 2398 1144 2458 ού
1166 2397 1231 2481 μην
1254 2395 1387 2475 ἀτυχεῖς
1407 2413 1445 2475 γε
1466 2392 1618 2454 εἰώθασι
1639 2409 1669 2459 1⁵

361 2492 485 2578 λέγειν’
507 2498 584 2576 έμοῖ
606 2494 642 2559 δὲ
665 2499 861 2560 τούναντίον
885 2495 980 2559 ούτοι
1004 2494 1141 2559 δοκοῦσι
1158 2499 1296 2558 πάντων
1319 2497 1541 2574 ἀτυχέστατοι
1562 2515 1620 2557 κα-

320 2599 339 2662 3
363 2596 575 2682 θεστηκέναι.
614 2600 653 2660 τό
668 2598 731 2683 γάρ
748 2600 784 2659 ἐκ
798 2606 865 2660 τῶν
888 2594 1115 2678 νομιζομένων
1138 2599 1280 2680 ἀγαθῶν
1300 2594 1446 2683 μηδενός
1461 2605 1619 2682 χρηστοῦ,

359 2695 580 2785 βλασφημίας
604 2698 639 2762 δὲ
662 2703 718 2763 καί
739 2701 862 2781 μίσους
891 2697 1078 2763 ἀπολαύειν
1110 2703 1197 2783 πρός
1219 2697 1266 2782 τῷ
1290 2703 1349 2786 την
1377 2701 1482 2762 αὑτοῦ
1500 2701 1619 2763 κακίαν

359 2806 618 2886 γνωριμωτέραν
641 2811 730 2866 πᾶσι
746 2807 870 2880 ποιεῖν,
895 2809 970 2878 πῶς
985 2803 1058 2882 σύχί
1072 2799 1197 2887 μεγάλη
1220 2804 1277 2865 καί
1293 2803 1423 2888 φανερά
1441 2799 1619 2881 δυστυχία,·

359 2901 480 2986 διόπερ
509 2903 607 2985 οἶμαι
634 2910 708 2982 τοῖς
736 2908 894 2992 ἀνοήτοις
927 2901 1098 2968 λυσιτελεῖ
1120 2902 1167 2987 τῷ
1197 2907 1301 2968 παντί
1333 2901 1459 2986 μᾶλλον
1492 2901 1615 2979 ένδεῶς
1636 2921 1666 2972 ε]

359 3009 600 3092 πράττεινκαὶ
621 3011 705 3094 μήτε
728 3005 885 3086 ἐξουσίας
906 3011 990 3094 μήτε
1013 3004 1163 3070 πλούτου
1185 3009 1270 3094 μητε
1285 3014 1353 3070 τῶν
1367 3009 1532 3069 τοιούτων
1553 3027 1616 3092 μη-

358 3106 453 3184 δενὸς
475 3113 656 3192 τυγχάνειν.
702 3113 860 3175 ταπεινοί
881 3113 942 3193 μέν
964 3112 1027 3196 γάρ
1051 3113 1145 3186 δντες
1161 3107 1345 3173 λανθάνειν
1366 3111 1445 3185 τούς
1468 3105 1617 3184 πολλούς

358 3207 514 3291 ἔμελλον,
544 3214 663 3276 ὁποῖοι
690 3214 775 3276 κατά
806 3217 935 3296 τρόπον
962 3215 1189 3296 ὑπάρχουσιν,
1219 3213 1384 3296 ἀρθέντες
1406 3207 1443 3273 δέ
1466 3212 1534 3274 ύπδ
1557 3218 1675 3296 τῆςιωι
1692 3231 1723 3276 ιιι

317 3315 459 3399 4τύχης
488 3316 658 3400 έπίσημον
686 3319 746 3402 την
775 3317 942 3402 πονηρίαν
974 3317 1082 3395 έσχον.
1133 3317 1249 3397 ὥσπερ
1279 3314 1337 3376 οδν
1359 3319 1433 3390 τοῖς
1454 3315 1494 3376 τό
1519 3320 1615 3393 σῶμα

358 3412 496 3502 φαύλως
512 3413 738 3498 διακειμένοις
752 3416 886 3500 βέλτιον
897 3410 983 3480 καθ’
1002 3420 1124 3494 αύτούς
1136 3415 1356 3481 ἀποδύεσθαι
1370 3417 1428 3478 καί
1441 3411 1614 3500 μηδέποτε
1634 3431 1664 3480 ιε

357 3519 406 3592 είς
428 3521 466 3580 τό
488 3523 618 3598 κοινόν,
648 3522 744 3596 όπως
765 3517 893 3606 μηδένα
917 3522 1021 3601 ἔχωσι
1042 3530 1102 3608 της
1127 3522 1206 3605 περὶ
1227 3527 1327 3582 τοῦτο
1351 3519 1511 3603 αἰσχύνης
1531 3517 1615 3600 μάρ-

355 3635 464 3710 ιυραῇ
484 3624 543 3685 τόν
573 3625 674 3686 αύτδν
704 3624 801 3704 οἶμαι
822 3627 969 3709 τρόπον,
998 3623 1050 3699 οίς
1074 3623 1261 3706 συμβέβηκε
1281 3623 1341 3707 την
1365 3623 1475 3706 ψυχὴν
1497 3621 1614 3704 ἀγεννῆ

541 3763 588 3769 ...—
1251 3755 1609 3766 .-----......-..--

439 3841 554 3896 alterum
567 3841 717 3910 exemplum
730 3841 861 3898 orationis
875 3845 917 3908 65,
935 3841 1008 3912 quod
1020 3841 1047 3894 in
1061 3839 1082 3893 P
1094 3839 1113 3896 f.
1129 3839 1196 3893 1⁷6⁸
1206 3853 1246 3908 sq.
1258 3839 1349 3892 exstat
1359 3837 1422 3890 mihi
1433 3835 1474 3889 1³2
1486 3831 1563 3888 audit

354 3929 530 4000 θμέμφεται
548 3928 577 3981 Μ
647 3929 842 3995 ύδικαίοιςΡ
912 3919 1025 3986 ἵοδτω
1042 3923 1096 3982 ΒΜ
1168 3929 1198 3978 10
1217 3919 1352 3980 πλάττειν
1368 3927 1449 3986 (εστι.
1468 3911 1612 3976 ἀπαλλάτ-

353 4033 422 4081 τειν,
440 4030 507 4082 mrg.
527 4013 674 4085 πράττειν)
693 4013 718 4068 Η
736 4015 874 4088 πράττειν
890 4013 927 4068 Ρκ
999 4017 1027 4066 11
1047 4013 1096 4067 καὶ
1115 4012 1150 4080 τῇ
1168 4007 1247 4064 ΠΒΜ
1263 4010 1313 4064 καί
1330 4021 1383 4062 om.
1400 4003 1486 4060 ΡΗΡι
1537 4003 1613 4075 γίνε·

354 4105 423 4158 ούαι
439 4099 503 4155 libri
576 4105 606 4155 1³
625 4091 677 4158 οὖν
694 4115 747 4155 om.
766 4101 840 4154 Μαι.
853 4114 895 4169 pr.
968 4103 998 4152 ίύ
1017 4091 1114 4163 ἀξίους
1131 4092 1203 4151 Um.
1216 4109 1257 4163 pr.
1315 4087 1439 4164 εὐτυχεῖς
1455 4108 1489 4162 γε
1508 4087 1562 4143 [ίΜ

351 4205 385 4261 γε
403 4203 454 4243 om.
473 4185 558 4241 ΡΗΡε
631 4191 659 4240 Π
680 4191 805 4258 χρηστοῦ
821 4179 971 4255 τυγχάνειν
987 4180 1036 4236 ΡΗ
1053 4181 1112 4245 (sed
1130 4199 1187 4237 -οιν
1204 4179 1236 4246 Ρ)
1325 4181 1355 4232 18
1373 4196 1406 4234 τε
1424 4190 1475 4246 pro
1494 4173 1525 4231 όὲ
1542 4171 1613 4238 libri,

352 4279 460 4342 prater
478 4271 507 4326 Μ
586 4270 661 4342 πρὸς
680 4273 722 4346 τῷ
739 4269 790 4341 τὴν
806 4269 855 4323 ΡΗ
871 4271 920 4324 καί
939 4261 991 4338 τὴν
1009 4265 1086 4320 UBM
1160 4255 1250 4322 αὐτοῦ
1267 4259 1355 4318 ΜΗΡι
1446 4264 1476 4315 w
1493 4261 1613 4328 ποιῆσαι

350 4356 431 4412 ΠΒΜ
515 4360 547 4411 2³
564 4351 638 4413 κατὰ
657 4353 742 4426 (τὸν)
762 4345 876 4426 τρόπον
891 4351 998 4421 flagitat
1013 4351 1091 4419 Emp.
1110 4347 1165 4406 τάν
1181 4364 1231 4417 pro
1247 4341 1323 4406 κατὰ
1341 4347 1421 4416 wil.;
1439 4344 1515 4400 uliud
1532 4342 1612 4410 signi·

350 4441 416 4496 flent
431 4437 506 4499 κατὰ
525 4435 639 4511 τρόπον
655 4455 683 4510 p.
704 4441 803 4503 ww
889 4442 922 4492 24
940 4432 1027 4509 ἒοχον
1043 4450 1097 4491 om.
1116 4433 1146 4488 Μ
1233 4436 1266 4488 2ss
1283 4427 1440 4506 έοχδνηςΡ
1509 4431 1541 4483 ²¹1
1561 4423 1612 4500 τὴν

351 4521 437 4598 τύχην
454 4525 476 4580 Ρ
495 4531 530 4599 τῇ
549 4528 625 4597 ψυχῇ
642 4523 667 4581 U
684 4539 720 4580 m.
738 4524 820 4592 pr.B
