3466 5268
329 363 371 424 64
797 363 921 422 DIONIS
939 363 1111 422 POLITIGA

328 532 551 628 εὐεργέτησεν.
615 543 690 605 άντί
724 541 786 624 γάρ
826 537 945 605 δειλῶν
973 543 1031 604 καὶ
1059 539 1233 605 ἀδυνάτων
1261 543 1318 604 καί
1345 540 1463 619 ἄλλοις
1499 546 1590 608 ύπα-

328 647 496 708 κοοόντων
519 648 705 731 πρωτεύειν
733 646 895 730 ἐποίησεν
927 641 962 707 ἐν
991 650 1064 720 τοῖς
1077 637 1214 730 Ἕλλησι
1247 645 1303 707 καί
1325 653 1385 732 τῆς
1406 649 1592 732 ηγεμονίας

329 732 601 810 ἀντιποιεῖσθαι.
640 749 716 810 τότε
731 748 792 826 μέν
807 746 870 828 γάρ
886 753 991 808 ταῦτα
1008 742 1048 830 ἦν
1070 743 1205 822 δυνατά,
1229 753 1285 808 νόν
1303 735 1337 808 δ’
1362 749 1472 833 ἐτεροι
1494 753 1590 832 γεγό·

329 866 427 912 νασιν
451 850 485 911 οί
506 850 636 933 καιροί·
667 846 756 935 πλην
778 851 820 910 τά
842 866 879 929 γε
901 856 961 934 τῆς
984 848 1116 924 εὐνοίας
1143 849 1200 910 καί
1222 855 1282 934 τῆς
1311 850 1511 933 προθυμίας
1533 853 1592 914 ἀεί

328 971 414 1014 ποτε
436 955 548 1032 όμοια.
600 953 634 1013 οί
655 951 717 1035 γάρ
741 947 910 1035 προδόται
931 951 988 1014 καί
1011 952 1222 1035 συκοφάνται
1249 951 1306 1013 καί
1336 954 1447 1014 πάντα
1477 956 1625 1036 πράτ-5

328 1074 443 1130 τοντες
474 1055 559 1116 κατά
594 1061 661 1116 τῶν
696 1050 846 1116 πολιτῶν
873 1055 930 1116 καί
958 1056 1037 1116 τότε
1064 1049 1150 1138 ἦσαν
1180 1055 1216 1115 ἐν
1245 1058 1323 1129 ταῖς
1358 1050 1497 1117 πόλεσι·
1533 1058 1593 1118 καὶ

326 1159 393 1243 μην
422 1154 599 1242 φιλοῦντες
626 1157 687 1231 τάς
711 1152 880 1240 πατρίδας
901 1157 957 1218 καί
978 1157 1058 1231 τούς
1081 1152 1226 1230 πολίτας
1249 1157 1329 1231 τούς
1352 1158 1462 1219 αὐτῶν
1483 1154 1592 1241 μηδέν

327 1261 427 1322 κακόν
451 1261 594 1339 πάσχειν
617 1254 796 1333 ἐθέλοντες
817 1259 873 1321 καί
895 1258 956 1334 τάς
979 1254 1150 1341 πατρίδας
1173 1253 1287 1334 αὔξειν
1307 1255 1591 1344 φιλοτιμούμενοι

330 1362 406 1423 τότε
428 1363 489 1442 μὲν
505 1357 629 1424 πολλοὶ
642 1362 699 1423 καί
712 1357 842 1441 μεγάλα
859 1355 1092 1444 πράττοντες*
1114 1361 1170 1422 καί
1187 1356 1316 1423 ἐλάττω
1341 1366 1455 1424 ποιεῖν
1471 1361 1590 1443 ἀγαθά

286 1461 518 1543 5δννάμενοι.
576 1465 595 1524 ό
625 1455 657 1525 δ’
690 1461 748 1524 οδν
766 1453 1039 1541 Ἐπαμεινώνδας
1065 1464 1191 1538 ἐκεῖνος
1218 1464 1286 1525 ύπδ
1316 1469 1383 1525 τῶν
1412 1463 1586 1543 ἀνομοίων
1609 1477 1640 1530 ίύ
1675 1448 1710 1550 ⁹1⁰5,

327 1568 478 1646 ἐμισεῖτο
493 1566 552 1628 καί
566 1585 655 1642 τινες
669 1561 755 1650 ἦσαν
772 1566 806 1626 ολ
822 1561 1061 1644 διαβάλλοντες
1077 1566 1188 1642 αύτόν,
1212 1567 1231 1626 ό
1254 1561 1290 1627 δέ
1310 1562 1424 1650 δῆμος,
1448 1566 1495 1641 ὡς
1509 1561 1589 1648 (ἂν)

329 1665 444 1753 δῆμος,
467 1670 580 1753 ηγνόει
601 1669 657 1730 καί
679 1668 895 1730 ἀνεπείθετο.
939 1669 998 1729 καί
1027 1687 1112 1730 ποτε
1140 1674 1208 1730 τῶν
1237 1668 1506 1750 ἀπεγνωσμένων
1534 1689 1590 1744 τις

326 1772 382 1833 καί
404 1770 534 1851 ἀτίμων
556 1771 612 1832 καί
634 1773 689 1833 ότε
711 1765 885 1833 ἐδούλευεν
907 1774 926 1853 η
950 1765 1054 1845 πόλις
1069 1771 1128 1832 καί
1143 1771 1356 1855 ἐτυραννεῖτο
1372 1772 1484 1833 πάντα
1506 1759 1585 1832 κατ’

328 1873 430 1958 αὐτῆς
457 1873 655 1957 πεποιηκώς
683 1874 719 1934 ἐν
748 1869 905 1957 ἐκκλησίᾳ
936 1874 994 1935 τόν
1014 1864 1285 1952 Ἐπαμεινώνδαν
1314 1870 1498 1957 ἐλοιδόρει,
1528 1873 1649 1942 καίετοε
1661 1891 1694 1937 εει

327 1971 438 2037 πολλά
460 1976 517 2037 καί
535 1971 669 2055 χαλεπά
692 1971 798 2056 ἔλεγε·
825 1981 892 2051 πᾶς
914 1976 976 2060 γάρ
999 1977 1018 2036 ό
1039 1963 1252 2057 ψευδόμενος
1281 1977 1338 2056 ούχ
1367 1979 1431 2052 ό,τι
1454 1971 1586 2059 ἀληθὲς
1607 1989 1636 2040 15

326 2076 406 2162 εἴπῃ
430 2073 537 2164 ζητεῖ,
565 2074 669 2164 μηδέν
691 2097 728 2159 γε
749 2074 880 2162 ἀληθὲς
903 2074 1010 2160 λέγειν
1034 2075 1233 2157 δυνάμενος,
1265 2070 1341 2140 ἀλλ’
1368 2077 1403 2140 εἴ
1427 2099 1462 2140 τι
1488 2073 1587 2157 χαλε-

329 2178 405 2243 πόν.
450 2182 508 2243 καί
530 2182 631 2256 αύτός
659 2181 855 2256 ἐπαναστάς
882 2182 962 2264 περί
989 2182 1051 2261 μέν
1080 2187 1148 2242 τῶν
1174 2177 1286 2244 ἄλλων
1309 2183 1368 2242 ούκ
1390 2180 1486 2244 εἶπεν
1510 2171 1584 2241 οὐδ’

328 2281 527 2368 ἀπελογήθη
553 2284 640 2366 πρός
657 2280 763 2360 ούδέν,
785 2280 891 2364 μόνον
914 2280 950 2345 δέ
975 2285 1062 2367 πρός
1077 2285 1214 2360 ἐκεῖνον,
1237 2292 1278 2370 τῇ
1302 2275 1335 2345 δ’
1362 2283 1467 2346 αύτού
1489 2289 1587 2367 φωνῇ

326 2379 538 2464 βοιωτιάζων
556 2375 660 2446 Ἀλλά
682 2403 737 2447 τοι
758 2386 935 2469 Δαμάτηρ,
958 2385 1036 2470 ἐφη,
1058 2381 1269 2464 κεχολωμένα
1291 2389 1433 2467 γένοιτο.
1491 2383 1526 2446 οί
1549 2380 1585 2446 δέ

328 2484 478 2572 Θηβαῖοι
499 2486 702 2560 ἀκούσαντες
724 2486 883 2570 ἥσθησαν
904 2486 961 2548 καί
981 2481 1143 2566 ἐγέλασαν
1170 2481 1325 2566 εἰκότως,
1349 2485 1584 2570 ἀναμνησθέν-
1606 2499 1637 2552 20

325 2607 381 2663 τες
405 2586 501 2667 οἶμαι
522 2596 582 2673 τῆς
605 2588 732 2650 ἐκείνου
756 2590 842 2671 πρός
864 2589 923 2651 τόν
947 2584 1054 2673 δῆμον
1077 2588 1210 2664 εύνοίας
1231 2591 1287 2653 καί
1309 2597 1371 2651 τού
1392 2586 1585 2672 λοιδορούν-

283 2695 303 2758 6
325 2708 384 2765 τος
406 2697 465 2776 της
482 2690 720 2775 συκοφαντίας.
760 2690 824 2771 ἐγώ
846 2691 907 2769 μέν
930 2690 988 2752 οδν
1011 2687 1047 2751 εἴ
1064 2710 1117 2766 τις
1141 2687 1232 2774 λέγοι
1254 2693 1342 2775 πρός
1363 2694 1422 2772 ἐμὲ
1446 2687 1585 2768 ἀνάξιον

323 2793 408 2872 ἐμοῦ
428 2791 496 2854 εἴτε
525 2793 680 2876 ἄντικρυς
704 2790 772 2854 εἴτε
792 2792 851 2854 καί
871 2793 956 2872 μετὰ
980 2796 1166 2880 σχήματος,
1197 2794 1252 2855 ίνα
1277 2790 1358 2880 δοκῇ
1380 2795 1503 2879 ῥητωρ,
1527 2794 1585 2855 καὶ

322 2902 427 2957 ταῦτα
451 2896 578 2958 σύκων
601 2895 775 2980 εύσχημων
799 2891 910 2972 αὐτός,
933 2897 1184 2980 ἀποκρινοῦμαι
1206 2887 1298 2978 αὐτῷ
1320 2898 1380 2981 την
1403 2903 1465 2958 τού
1483 2885 1583 2956 Ἐπα-

321 2994 508 3077 μεινώνδον
532 2994 724 3082 ἀπόκρισιν.
769 2997 808 3060 εδ
829 2989 861 3058 δ’
888 2996 961 3061 ἴστε
984 3001 1037 3062 ότι
1063 3005 1168 3061 ταῦτα
1197 3005 1340 3060 ποιοῦσι
1366 2999 1423 3061 καλ
1446 2993 1580 3080 λέγουσι
1603 3011 1633 3062 a

322 3095 547 3184 βαρυνόμενοι
576 3103 636 3186 την
665 3103 747 3185 ἐμην
776 3096 962 3185 ἐπιδημίαν
992 3093 1040 3163 δι’
1072 3098 1155 3163 ἄλλο
1184 3102 1246 3182 μὲν
1276 3096 1391 3162 οὐδέν·
1422 3099 1497 3161 ούτε
1519 3099 1583 3180 γάρ

324 3199 485 3286 ἐνεδρεύω
515 3202 591 3265 τινὰ
620 3209 687 3264 τῶν
716 3199 867 3265 πολιτῶν
891 3195 963 3265 οὔτ’
990 3205 1148 3289 ἀργύριον
1176 3202 1336 3287 λαμβάνω
1367 3204 1461 3287 παρά
1490 3221 1583 3277 τινος

325 3305 400 3368 ούτε
424 3301 646 3386 δασμολογεῖν
675 3297 812 3385 ἐτοιμδς
841 3306 912 3386 είμι
939 3309 999 3392 την
1025 3308 1137 3391 χώραν
1167 3309 1226 3393 την
1255 3310 1418 3392 ύμετέραν
1449 3295 1521 3368 οὔτ’
1547 3307 1582 3366 ἐν

323 3414 365 3492 τῇ
387 3404 494 3492 ἀγορᾷ
519 3408 688 3493 φαίνομαί
709 3429 778 3470 τινι
801 3403 958 3494 όχληρός·
983 3409 1020 3471 ού
1042 3411 1105 3493 γάρ
1128 3409 1200 3489 είμι
1221 3410 1350 3495 ῥητωρ·
1380 3404 1458 3471 ούδέ
1482 3405 1583 3469 εἶπον

407 3601 627 3680 λεύηργέτησεν
644 3604 667 3661 Β
685 3598 876 3682 εὐεργέτησαν
893 3607 924 3663 Μ
1002 3611 1086 3680 λτῆς
1104 3610 1264 3680 προδοσίας
1281 3606 1355 3664 UBT
1439 3601 1487 3666 άεί
1502 3625 1577 3666 ποτε

322 3681 419 3763 δμοιοι
443 3687 501 3765 γὰρ
523 3690 598 3749 UBT
620 3683 640 3750 ολ
664 3689 776 3750 είιιεται
800 3681 897 3764 ὅμοιοι
919 3692 976 3766 γὰρ
993 3693 1037 3760 M,
1061 3708 1131 3748 corr.
1156 3691 1258 3749 Reiuke
1361 3696 1444 3751 διιαί
1466 3688 1501 3751 τὰ
1520 3697 1581 3764 (pro

319 3773 406 3845 κατὰ)
423 3777 453 3832 M
539 3772 628 3850 ’ίμὴν
646 3777 752 3849 scripsi,
770 3781 821 3837 νῦν
837 3779 900 3836 libri
970 3774 1067 3837 αύταῖν
1083 3778 1154 3846 libri,
1174 3793 1243 3835 corr.
1263 3776 1342 3849 Emp.
1420 3777 1582 3833 ἐλεεααιια

318 3865 384 3934 post
411 3861 592 3935 πράττοντες
618 3862 747 3920 indicavit
772 3863 916 3932 Βείελάαε,
944 3863 1138 3934 supplendum:
1166 3867 1217 3921 νῦν
1239 3862 1269 3921 όὲ
1295 3857 1446 3932 ἐλάττους,-
1473 3865 1525 3920 νῖν
1551 3862 1582 3920 δὲ

320 3941 415 4021 ὀλίγον
432 3946 574 4018 Pflugklus
680 3954 711 4003 10
728 3945 926 4019 ἐνταμινοὶνδας
942 3948 1017 4006 UBT
1117 3953 1145 4004 ΙΙ
1164 3943 1233 4020 (ἂν)
1248 3947 1310 4004 add.
1330 3945 1496 4002 Hemerden

321 4039 352 4090 1³
370 4032 512 4092 δουλεύειν
530 4033 561 4088 Μ
611 4031 686 4092 κατά
705 4033 736 4088 M
807 4040 838 4090 ¹4
855 4031 1058 4108 πεποιηκότων
1074 4033 1176 4091 Reiske
1235 4027 1437 4104 ἐπαμινιόνόαν
1453 4029 1528 4088 UBT

317 4115 464 4190 ἐλοιδόρει
483 4119 513 4174 Μ
567 4123 597 4176 15
615 4115 754 4186 πολλάκις
769 4115 882 4191 χαλεπὰ
900 4120 930 4175 M
982 4115 1088 4194 ἔλεγεκ
1106 4122 1134 4187 (ν
1151 4117 1311 4186 ετεεασι)ῑλ
1365 4112 1582 4191 δφευδόμενος

316 4207 446 4277 ineptum,
464 4205 528 4276 quin
539 4205 714 4261 mentientem
725 4206 781 4261 veri
792 4205 944 4261 εωδίοεεεα
960 4220 1022 4263 ense
1038 4220 1119 4262 nomo
1131 4204 1303 4275 oplnabitur3
1321 4209 1464 4275 exspecto:
1484 4197 1500 4261 δ
1520 4223 1581 4262 τοι·

317 4295 403 4358 οὗτος
421 4290 518 4347 similia
588 4295 619 4346 16
637 4290 729 4364 μηδὲν
746 4289 823 4363 γεῐλ
893 4295 924 4346 18
944 4284 1033 4349 αὐτοῦ
1048 4289 1113 4348 libri
1194 4293 1228 4346 ²⁰
1245 4285 1400 4363 ἦθησανλί
1470 4291 1503 4343 22
1520 4285 1579 4362 ἐγώ

315 4375 369 4446 μὲν
387 4367 439 4434 οὖν
461 4376 572 4447 scripsi,
596 4371 654 4449 ἐγὼ
676 4379 748 4449 γοῦν
766 4375 796 4430 M
814 4368 902 4449 ἔγωγ’
922 4369 974 4435 ούν
991 4376 1014 4432 Β
1031 4371 1088 4448 ἐγώ
1106 4369 1139 4450 γ’
1159 4367 1211 4435 οδν
1224 4374 1273 4432 UT
1377 4377 1411 4430 24
1428 4367 1581 4447 εδοχημιύν

315 4461 390 4519 UBT
459 4454 656 4535 άποκρίνομαι
675 4460 704 4516 M
772 4457 972 4533 ἐπαμινιδνδον
989 4461 1064 4520 UBT
1134 4465 1168 4517 26
1187 4454 1252 4519 οδόέ
1268 4456 1369 4533 γᾶρΤ
1446 4463 1478 4515 27
1498 4479 1579 4518 ουνε-

316 4543 408 4620 όρεύω
426 4547 456 4603 M
526 4551 559 4602 29
577 4567 631 4606 σον
648 4562 699 4618 pro
718 4544 752 4604 ού
771 4547 801 4603 M
