<?xml version="1.0" encoding="UTF-8"?>
<!DOCTYPE html PUBLIC "-//W3C//DTD XHTML 1.0 Transitional//EN"
    "http://www.w3.org/TR/xhtml1/DTD/xhtml1-transitional.dtd">
<html xmlns="http://www.w3.org/1999/xhtml" xml:lang="en" lang="en">
 <head>
  <title>
</title>
<meta http-equiv="Content-Type" content="text/html;charset=utf-8" />
  <meta name='ocr-system' content='tesseract 3.04.00' />
  <meta name='ocr-capabilities' content='ocr_page ocr_carea ocr_par ocr_line ocrx_word'/>
</head>
<body>
  <div class='ocr_page' id='page_1' title='image "./quaeexstantomni01diogoog_0361.png"; bbox 0 0 3526 5264; ppageno 0'>
   <div class='ocr_carea' id='block_1_1' title="bbox 325 350 1315 419">
    <p class='ocr_par' dir='ltr' id='par_1_1' title="bbox 325 350 1315 419">
     <span class='ocr_line' id='line_1_1' title="bbox 325 350 1315 419; baseline -0.011 0"><span class='ocrx_word' id='word_1_1' title='bbox 325 357 387 419; x_wconf 76' lang='grc'><strong><em>282</em></strong></span> <span class='ocrx_word' id='word_1_2' title='bbox 594 355 719 413; x_wconf 68' lang='lat' dir='ltr'>motus</span> <span class='ocrx_word' id='word_1_3' title='bbox 735 355 787 412; x_wconf 82' lang='lat' dir='ltr'><strong><em>DE</em></strong></span> <span class='ocrx_word' id='word_1_4' title='bbox 806 353 1015 412; x_wconf 75' lang='grc' dir='ltr'><strong>ΒΕΒἮΤΠΤΕ</strong></span> <span class='ocrx_word' id='word_1_5' title='bbox 1033 353 1082 409; x_wconf 85' lang='grc' dir='ltr'><strong><em>ΕΤ</em></strong></span> <span class='ocrx_word' id='word_1_6' title='bbox 1100 350 1315 409; x_wconf 72' lang='grc' dir='ltr'><strong>ΕΙΒΕΕΤΔΤΕ</strong></span> 
     </span>
    </p>
   </div>
   <div class='ocr_carea' id='block_1_2' title="bbox 273 520 1719 2042">
    <p class='ocr_par' dir='ltr' id='par_1_2' title="bbox 273 520 1719 2042">
     <span class='ocr_line' id='line_1_2' title="bbox 323 520 1719 620; baseline -0.003 -22"><span class='ocrx_word' id='word_1_7' title='bbox 323 531 364 620; x_wconf 75' lang='grc' dir='ltr'><strong><em>ἦν</em></strong></span> <span class='ocrx_word' id='word_1_8' title='bbox 392 535 449 598; x_wconf 81' lang='grc' dir='ltr'><strong><em>καί</em></strong></span> <span class='ocrx_word' id='word_1_9' title='bbox 475 541 536 619; x_wconf 78' lang='grc' dir='ltr'><strong><em>τῆς</em></strong></span> <span class='ocrx_word' id='word_1_10' title='bbox 565 531 675 606; x_wconf 79' lang='grc' dir='ltr'><strong><em>οἰκίας</em></strong></span> <span class='ocrx_word' id='word_1_11' title='bbox 701 532 832 614; x_wconf 80' lang='grc' dir='ltr'><strong><em>κάρτος·</em></strong></span> <span class='ocrx_word' id='word_1_12' title='bbox 862 531 881 591; x_wconf 91' lang='grc' dir='ltr'><strong><em>δ</em></strong></span> <span class='ocrx_word' id='word_1_13' title='bbox 908 526 944 592; x_wconf 83' lang='grc' dir='ltr'><strong><em>δέ</em></strong></span> <span class='ocrx_word' id='word_1_14' title='bbox 963 520 1134 604; x_wconf 78' lang='grc' dir='ltr'><strong><em>Ἀντίνους</em></strong></span> <span class='ocrx_word' id='word_1_15' title='bbox 1160 531 1217 592; x_wconf 89' lang='grc' dir='ltr'><strong><em>καλ</em></strong></span> <span class='ocrx_word' id='word_1_16' title='bbox 1240 530 1260 590; x_wconf 91' lang='grc' dir='ltr'><strong><em>ό</em></strong></span> <span class='ocrx_word' id='word_1_17' title='bbox 1281 521 1494 614; x_wconf 78' lang='grc' dir='ltr'><strong><em>Εὐρύμαχος,</em></strong></span> <span class='ocrx_word' id='word_1_18' title='bbox 1524 535 1719 610; x_wconf 57' lang='lat' dir='ltr'>ommam</span> 
     </span>
     <span class='ocr_line' id='line_1_3' title="bbox 317 627 1586 721; baseline 0 -22"><span class='ocrx_word' id='word_1_19' title='bbox 317 628 466 721; x_wconf 85' lang='grc' dir='ltr'><strong><em>Ὅμηρος</em></strong></span> <span class='ocrx_word' id='word_1_20' title='bbox 495 627 647 714; x_wconf 82' lang='grc' dir='ltr'><strong><em>ὠνόμαζε</em></strong></span> <span class='ocrx_word' id='word_1_21' title='bbox 675 629 856 714; x_wconf 78' lang='grc' dir='ltr'><strong><em>βασιλέας,</em></strong></span> <span class='ocrx_word' id='word_1_22' title='bbox 886 627 1009 694; x_wconf 88' lang='grc' dir='ltr'><strong><em>όθλιοι</em></strong></span> <span class='ocrx_word' id='word_1_23' title='bbox 1029 633 1087 693; x_wconf 85' lang='grc' dir='ltr'><strong><em>καί</em></strong></span> <span class='ocrx_word' id='word_1_24' title='bbox 1110 628 1282 712; x_wconf 75' lang='grc' dir='ltr'><strong><em>δυστυχεῖς</em></strong></span> <span class='ocrx_word' id='word_1_25' title='bbox 1304 667 1348 677; x_wconf 90' lang='grc'>-</span> <span class='ocrx_word' id='word_1_26' title='bbox 1369 630 1455 696; x_wconf 84' lang='grc' dir='ltr'><strong><em>ἀλλά</em></strong></span> <span class='ocrx_word' id='word_1_27' title='bbox 1478 634 1586 700; x_wconf 79' lang='grc' dir='ltr'><strong><em>ταῦτα</em></strong></span> 
     </span>
     <span class='ocr_line' id='line_1_4' title="bbox 324 725 1589 822; baseline 0.002 -21"><span class='ocrx_word' id='word_1_28' title='bbox 324 742 397 819; x_wconf 84' lang='grc' dir='ltr'><strong><em>μέν,</em></strong></span> <span class='ocrx_word' id='word_1_29' title='bbox 421 739 467 812; x_wconf 85' lang='grc' dir='ltr'><strong><em>ὡς</em></strong></span> <span class='ocrx_word' id='word_1_30' title='bbox 490 737 587 821; x_wconf 85' lang='grc' dir='ltr'><strong><em>ἐφην,</em></strong></span> <span class='ocrx_word' id='word_1_31' title='bbox 610 733 786 818; x_wconf 83' lang='grc' dir='ltr'><strong><em>ἀγνοοῦσι·</em></strong></span> <span class='ocrx_word' id='word_1_32' title='bbox 811 739 934 820; x_wconf 89' lang='grc' dir='ltr'><strong><em>σημεῖα</em></strong></span> <span class='ocrx_word' id='word_1_33' title='bbox 957 730 993 796; x_wconf 83' lang='grc' dir='ltr'><strong><em>δέ</em></strong></span> <span class='ocrx_word' id='word_1_34' title='bbox 1010 725 1128 808; x_wconf 80' lang='grc' dir='ltr'><strong><em>αὐτοῖς</em></strong></span> <span class='ocrx_word' id='word_1_35' title='bbox 1147 734 1371 813; x_wconf 72' lang='grc' dir='ltr'><strong><em>περιτιθέασι</em></strong></span> <span class='ocrx_word' id='word_1_36' title='bbox 1386 734 1508 822; x_wconf 80' lang='grc' dir='ltr'><strong><em>τιάρας</em></strong></span> <span class='ocrx_word' id='word_1_37' title='bbox 1529 742 1589 803; x_wconf 90' lang='grc' dir='ltr'><strong><em>καλ</em></strong></span> 
     </span>
     <span class='ocr_line' id='line_1_5' title="bbox 327 829 1590 925; baseline 0.003 -23"><span class='ocrx_word' id='word_1_38' title='bbox 327 848 481 925; x_wconf 77' lang='grc' dir='ltr'><strong><em>σκῆπτρα</em></strong></span> <span class='ocrx_word' id='word_1_39' title='bbox 504 839 560 900; x_wconf 89' lang='grc' dir='ltr'><strong><em>καλ</em></strong></span> <span class='ocrx_word' id='word_1_40' title='bbox 583 834 785 923; x_wconf 75' lang='grc' dir='ltr'><strong><em>διαδήματα,</em></strong></span> <span class='ocrx_word' id='word_1_41' title='bbox 808 839 852 922; x_wconf 82' lang='grc' dir='ltr'><strong><em>μη</em></strong></span> <span class='ocrx_word' id='word_1_42' title='bbox 878 829 1016 899; x_wconf 87' lang='grc' dir='ltr'><strong><em>λάθωσι</em></strong></span> <span class='ocrx_word' id='word_1_43' title='bbox 1037 831 1192 917; x_wconf 75' lang='grc' dir='ltr'><strong><em>βασιλεῖς</em></strong></span> <span class='ocrx_word' id='word_1_44' title='bbox 1214 838 1325 911; x_wconf 89' lang='grc' dir='ltr'><strong><em>όντες·</em></strong></span> <span class='ocrx_word' id='word_1_45' title='bbox 1349 837 1465 925; x_wconf 84' lang='grc' dir='ltr'><strong><em>ὥσπερ</em></strong></span> <span class='ocrx_word' id='word_1_46' title='bbox 1489 839 1590 922; x_wconf 83' lang='grc' dir='ltr'><strong><em>οἶμαι</em></strong></span> 
     </span>
     <span class='ocr_line' id='line_1_6' title="bbox 325 935 1622 1027; baseline 0.002 -23"><span class='ocrx_word' id='word_1_47' title='bbox 325 947 398 1018; x_wconf 88' lang='grc' dir='ltr'><strong><em>τοῖς</em></strong></span> <span class='ocrx_word' id='word_1_48' title='bbox 419 942 613 1026; x_wconf 79' lang='grc' dir='ltr'><strong><em>βοσκήμασι</em></strong></span> <span class='ocrx_word' id='word_1_49' title='bbox 632 949 845 1027; x_wconf 81' lang='grc' dir='ltr'><strong><em>χαρακτῆρας</em></strong></span> <span class='ocrx_word' id='word_1_50' title='bbox 863 935 1108 1021; x_wconf 75' lang='grc' dir='ltr'><strong><em>ἐπιβάλλουσιν</em></strong></span> <span class='ocrx_word' id='word_1_51' title='bbox 1131 940 1166 1001; x_wconf 85' lang='lat' dir='ltr'><strong><em>ol</em></strong></span> <span class='ocrx_word' id='word_1_52' title='bbox 1187 935 1366 1019; x_wconf 80' lang='grc' dir='ltr'><strong><em>δεσπόται,</em></strong></span> <span class='ocrx_word' id='word_1_53' title='bbox 1389 943 1485 1018; x_wconf 89' lang='grc' dir='ltr'><strong><em>όπως</em></strong></span> <span class='ocrx_word' id='word_1_54' title='bbox 1507 945 1622 1020; x_wconf 65' lang='grc' dir='ltr'><strong><em>ἐπί-ς</em></strong></span> 
     </span>
     <span class='ocr_line' id='line_1_7' title="bbox 273 1038 1590 1131; baseline -0.007 -18"><span class='ocrx_word' id='word_1_55' title='bbox 273 1049 316 1113; x_wconf 83' lang='grc'><strong><em>23</em></strong></span> <span class='ocrx_word' id='word_1_56' title='bbox 329 1063 419 1131; x_wconf 88' lang='grc' dir='ltr'><strong><em>σημα</em></strong></span> <span class='ocrx_word' id='word_1_57' title='bbox 448 1045 556 1107; x_wconf 87' lang='grc' dir='ltr'><strong><em>ἐσται.</em></strong></span> <span class='ocrx_word' id='word_1_58' title='bbox 594 1042 774 1126; x_wconf 80' lang='grc' dir='ltr'><strong><em>τοιγαροῦν</em></strong></span> <span class='ocrx_word' id='word_1_59' title='bbox 797 1045 816 1105; x_wconf 90' lang='grc' dir='ltr'><strong><em>ό</em></strong></span> <span class='ocrx_word' id='word_1_60' title='bbox 838 1044 983 1127; x_wconf 84' lang='grc' dir='ltr'><strong><em>Περσῶν</em></strong></span> <span class='ocrx_word' id='word_1_61' title='bbox 1005 1038 1165 1122; x_wconf 78' lang='grc' dir='ltr'><strong><em>βασιλευς</em></strong></span> <span class='ocrx_word' id='word_1_62' title='bbox 1191 1043 1287 1116; x_wconf 89' lang='grc' dir='ltr'><strong><em>όπως</em></strong></span> <span class='ocrx_word' id='word_1_63' title='bbox 1308 1043 1370 1122; x_wconf 81' lang='grc' dir='ltr'><strong><em>μὲν</em></strong></span> <span class='ocrx_word' id='word_1_64' title='bbox 1393 1038 1461 1119; x_wconf 82' lang='grc' dir='ltr'><strong><em>ἐξει</em></strong></span> <span class='ocrx_word' id='word_1_65' title='bbox 1483 1045 1590 1122; x_wconf 90' lang='grc' dir='ltr'><strong><em>μόνος</em></strong></span> 
     </span>
     <span class='ocr_line' id='line_1_8' title="bbox 325 1137 1589 1233; baseline -0.001 -24"><span class='ocrx_word' id='word_1_66' title='bbox 325 1148 435 1233; x_wconf 81' lang='grc' dir='ltr'><strong><em>όρθην</em></strong></span> <span class='ocrx_word' id='word_1_67' title='bbox 457 1148 517 1232; x_wconf 77' lang='grc' dir='ltr'><strong><em>τήν</em></strong></span> <span class='ocrx_word' id='word_1_68' title='bbox 532 1139 654 1230; x_wconf 81' lang='grc' dir='ltr'><strong><em>τιάραν</em></strong></span> <span class='ocrx_word' id='word_1_69' title='bbox 669 1140 875 1232; x_wconf 76' lang='grc' dir='ltr'><strong><em>ἐφρόντιζεν,</em></strong></span> <span class='ocrx_word' id='word_1_70' title='bbox 898 1146 955 1207; x_wconf 81' lang='grc' dir='ltr'><strong><em>καὶ</em></strong></span> <span class='ocrx_word' id='word_1_71' title='bbox 977 1143 1013 1207; x_wconf 86' lang='grc' dir='ltr'><strong><em>εί</em></strong></span> <span class='ocrx_word' id='word_1_72' title='bbox 1022 1165 1076 1219; x_wconf 90' lang='grc' dir='ltr'><strong><em>τις</em></strong></span> <span class='ocrx_word' id='word_1_73' title='bbox 1094 1140 1196 1220; x_wconf 80' lang='grc' dir='ltr'><strong><em>ἄλλος</em></strong></span> <span class='ocrx_word' id='word_1_74' title='bbox 1211 1142 1272 1206; x_wconf 76' lang='grc' dir='ltr'><strong><em>τοί</em></strong></span> <span class='ocrx_word' id='word_1_75' title='bbox 1273 1163 1312 1206; x_wconf 94' lang='grc' dir='ltr'><strong><em>το</em></strong></span> <span class='ocrx_word' id='word_1_76' title='bbox 1336 1144 1509 1230; x_wconf 86' lang='grc' dir='ltr'><strong><em>ἐποίησεν,</em></strong></span> <span class='ocrx_word' id='word_1_77' title='bbox 1535 1137 1589 1208; x_wconf 83' lang='grc' dir='ltr'><strong><em>εά·</em></strong></span> 
     </span>
     <span class='ocr_line' id='line_1_9' title="bbox 324 1235 1589 1332; baseline 0.001 -23"><span class='ocrx_word' id='word_1_78' title='bbox 324 1249 392 1324; x_wconf 80' lang='grc' dir='ltr'><strong><em>θός</em></strong></span> <span class='ocrx_word' id='word_1_79' title='bbox 413 1244 583 1310; x_wconf 75' lang='grc' dir='ltr'><strong><em>ἐκέλευσεν</em></strong></span> <span class='ocrx_word' id='word_1_80' title='bbox 599 1245 836 1332; x_wconf 74' lang='grc' dir='ltr'><strong><em>ἀποθνῄσκειν</em></strong></span> <span class='ocrx_word' id='word_1_81' title='bbox 859 1239 971 1326; x_wconf 77' lang='grc' dir='ltr'><strong><em>αὐτόν,</em></strong></span> <span class='ocrx_word' id='word_1_82' title='bbox 996 1248 1042 1322; x_wconf 85' lang='grc' dir='ltr'><strong><em>ὡς</em></strong></span> <span class='ocrx_word' id='word_1_83' title='bbox 1066 1237 1103 1309; x_wconf 82' lang='grc' dir='ltr'><strong><em>οὐ</em></strong></span> <span class='ocrx_word' id='word_1_84' title='bbox 1128 1243 1231 1310; x_wconf 87' lang='grc' dir='ltr'><strong><em>καλόν</em></strong></span> <span class='ocrx_word' id='word_1_85' title='bbox 1254 1235 1332 1312; x_wconf 74' lang='grc' dir='ltr'><strong><em>οὐδὲ</em></strong></span> <span class='ocrx_word' id='word_1_86' title='bbox 1356 1251 1530 1332; x_wconf 81' lang='grc' dir='ltr'><strong><em>συμφέρον</em></strong></span> <span class='ocrx_word' id='word_1_87' title='bbox 1553 1249 1589 1310; x_wconf 92' lang='grc' dir='ltr'><strong><em>ἐν</em></strong></span> 
     </span>
     <span class='ocr_line' id='line_1_10' title="bbox 323 1345 1589 1436; baseline 0 -24"><span class='ocrx_word' id='word_1_88' title='bbox 323 1353 509 1426; x_wconf 83' lang='grc' dir='ltr'><strong><em>τοσαύταις</em></strong></span> <span class='ocrx_word' id='word_1_89' title='bbox 536 1345 702 1434; x_wconf 86' lang='grc' dir='ltr'><strong><em>μυριάσιν</em></strong></span> <span class='ocrx_word' id='word_1_90' title='bbox 730 1351 927 1435; x_wconf 82' lang='grc' dir='ltr'><strong><em>ἀνθρώπων</em></strong></span> <span class='ocrx_word' id='word_1_91' title='bbox 957 1347 1017 1412; x_wconf 79' lang='grc' dir='ltr'><strong><em>δύο</em></strong></span> <span class='ocrx_word' id='word_1_92' title='bbox 1046 1348 1135 1412; x_wconf 86' lang='grc' dir='ltr'><strong><em>εἶναι</em></strong></span> <span class='ocrx_word' id='word_1_93' title='bbox 1158 1349 1349 1436; x_wconf 82' lang='grc' dir='ltr'><strong><em>φοροῦντας</em></strong></span> <span class='ocrx_word' id='word_1_94' title='bbox 1371 1345 1493 1436; x_wconf 86' lang='grc' dir='ltr'><strong><em>τιάρας</em></strong></span> <span class='ocrx_word' id='word_1_95' title='bbox 1514 1345 1589 1436; x_wconf 80' lang='grc' dir='ltr'><strong><em>(δρ-</em></strong></span> 
     </span>
     <span class='ocr_line' id='line_1_11' title="bbox 325 1448 1640 1539; baseline 0 -24"><span class='ocrx_word' id='word_1_96' title='bbox 325 1448 424 1533; x_wconf 86' lang='grc' dir='ltr'><strong><em>θάς&gt;·</em></strong></span> <span class='ocrx_word' id='word_1_97' title='bbox 447 1455 543 1526; x_wconf 85' lang='grc' dir='ltr'><strong><em>ὅπως</em></strong></span> <span class='ocrx_word' id='word_1_98' title='bbox 566 1449 603 1515; x_wconf 77' lang='grc' dir='ltr'><strong><em>δὲ</em></strong></span> <span class='ocrx_word' id='word_1_99' title='bbox 626 1454 686 1538; x_wconf 83' lang='grc' dir='ltr'><strong><em>την</em></strong></span> <span class='ocrx_word' id='word_1_100' title='bbox 707 1453 840 1537; x_wconf 81' lang='grc' dir='ltr'><strong><em>γνώμην</em></strong></span> <span class='ocrx_word' id='word_1_101' title='bbox 863 1453 973 1539; x_wconf 84' lang='grc' dir='ltr'><strong><em>όρθην</em></strong></span> <span class='ocrx_word' id='word_1_102' title='bbox 996 1449 1064 1530; x_wconf 79' lang='grc' dir='ltr'><strong><em>ἕξει</em></strong></span> <span class='ocrx_word' id='word_1_103' title='bbox 1085 1453 1142 1515; x_wconf 86' lang='grc' dir='ltr'><strong><em>καλ</em></strong></span> <span class='ocrx_word' id='word_1_104' title='bbox 1162 1449 1281 1538; x_wconf 80' lang='grc' dir='ltr'><strong><em>μηδεὶς</em></strong></span> <span class='ocrx_word' id='word_1_105' title='bbox 1303 1448 1406 1528; x_wconf 77' lang='grc' dir='ltr'><strong><em>ἄλλος</em></strong></span> <span class='ocrx_word' id='word_1_106' title='bbox 1423 1453 1588 1538; x_wconf 74' lang='grc' dir='ltr'><strong><em>φρονήσει</em></strong></span> <span class='ocrx_word' id='word_1_107' title='bbox 1611 1475 1640 1530; x_wconf 72' lang='grc' dir='ltr'><strong><em>χρ</em></strong></span> 
     </span>
     <span class='ocr_line' id='line_1_12' title="bbox 274 1552 1591 1642; baseline -0.001 -22"><span class='ocrx_word' id='word_1_108' title='bbox 274 1559 317 1621; x_wconf 83' lang='grc'><strong><em>24</em></strong></span> <span class='ocrx_word' id='word_1_109' title='bbox 331 1556 436 1617; x_wconf 84' lang='grc' dir='ltr'><strong><em>αότοσ</em></strong></span> <span class='ocrx_word' id='word_1_110' title='bbox 463 1556 644 1640; x_wconf 83' lang='grc' dir='ltr'><strong><em>σοφώτερα</em></strong></span> <span class='ocrx_word' id='word_1_111' title='bbox 673 1553 770 1618; x_wconf 85' lang='grc' dir='ltr'><strong><em>οόδέν</em></strong></span> <span class='ocrx_word' id='word_1_112' title='bbox 799 1553 890 1639; x_wconf 78' lang='grc' dir='ltr'><strong><em>αὐτῷ</em></strong></span> <span class='ocrx_word' id='word_1_113' title='bbox 919 1552 1045 1635; x_wconf 83' lang='grc' dir='ltr'><strong><em>ἐμελεν.</em></strong></span> <span class='ocrx_word' id='word_1_114' title='bbox 1100 1558 1145 1642; x_wconf 76' lang='grc' dir='ltr'><strong><em>με)</em></strong></span> <span class='ocrx_word' id='word_1_115' title='bbox 1178 1555 1252 1633; x_wconf 86' lang='grc' dir='ltr'><strong><em>οδν,</em></strong></span> <span class='ocrx_word' id='word_1_116' title='bbox 1289 1555 1406 1640; x_wconf 82' lang='grc' dir='ltr'><strong><em>ὥσπερ</em></strong></span> <span class='ocrx_word' id='word_1_117' title='bbox 1438 1564 1498 1642; x_wconf 77' lang='grc' dir='ltr'><strong><em>τῆς</em></strong></span> <span class='ocrx_word' id='word_1_118' title='bbox 1529 1557 1591 1638; x_wconf 89' lang='grc' dir='ltr'><strong><em>βα·</em></strong></span> 
     </span>
     <span class='ocr_line' id='line_1_13' title="bbox 330 1653 1591 1744; baseline 0.002 -25"><span class='ocrx_word' id='word_1_119' title='bbox 330 1653 461 1732; x_wconf 75' lang='grc' dir='ltr'><strong><em>σιλείος</em></strong></span> <span class='ocrx_word' id='word_1_120' title='bbox 490 1663 550 1742; x_wconf 73' lang='grc' dir='ltr'><strong><em>τῆς</em></strong></span> <span class='ocrx_word' id='word_1_121' title='bbox 578 1661 655 1720; x_wconf 90' lang='grc' dir='ltr'><strong><em>τότε</em></strong></span> <span class='ocrx_word' id='word_1_122' title='bbox 683 1664 825 1719; x_wconf 83' lang='grc' dir='ltr'><strong><em>τοιαῦτα</em></strong></span> <span class='ocrx_word' id='word_1_123' title='bbox 854 1659 981 1743; x_wconf 80' lang='grc' dir='ltr'><strong><em>ὑπῆρχε</em></strong></span> <span class='ocrx_word' id='word_1_124' title='bbox 1005 1662 1144 1742; x_wconf 88' lang='grc' dir='ltr'><strong><em>σημεῖα,</em></strong></span> <span class='ocrx_word' id='word_1_125' title='bbox 1173 1659 1230 1719; x_wconf 82' lang='grc' dir='ltr'><strong><em>καί</em></strong></span> <span class='ocrx_word' id='word_1_126' title='bbox 1254 1665 1311 1722; x_wconf 81' lang='grc' dir='ltr'><strong><em>νῖν</em></strong></span> <span class='ocrx_word' id='word_1_127' title='bbox 1338 1654 1396 1742; x_wconf 81' lang='grc' dir='ltr'><strong><em>δίη</em></strong></span> <span class='ocrx_word' id='word_1_128' title='bbox 1419 1666 1479 1744; x_wconf 83' lang='grc' dir='ltr'><strong><em>τῆς</em></strong></span> <span class='ocrx_word' id='word_1_129' title='bbox 1500 1655 1591 1721; x_wconf 76' lang='grc' dir='ltr'><strong><em>ἐλευ-</em></strong></span> 
     </span>
     <span class='ocr_line' id='line_1_14' title="bbox 325 1754 1590 1844; baseline 0.003 -24"><span class='ocrx_word' id='word_1_130' title='bbox 325 1758 449 1842; x_wconf 88' lang='grc' dir='ltr'><strong><em>θερίας</em></strong></span> <span class='ocrx_word' id='word_1_131' title='bbox 471 1765 613 1821; x_wconf 80' lang='grc' dir='ltr'><strong><em>τοιαῦτα</em></strong></span> <span class='ocrx_word' id='word_1_132' title='bbox 635 1761 799 1844; x_wconf 74' lang='grc' dir='ltr'><strong><em>ὑπάρχειν</em></strong></span> <span class='ocrx_word' id='word_1_133' title='bbox 823 1755 975 1839; x_wconf 82' lang='grc' dir='ltr'><strong><em>σύμβολα</em></strong></span> <span class='ocrx_word' id='word_1_134' title='bbox 1004 1761 1061 1822; x_wconf 85' lang='grc' dir='ltr'><strong><em>καί</em></strong></span> <span class='ocrx_word' id='word_1_135' title='bbox 1087 1754 1238 1840; x_wconf 86' lang='grc' dir='ltr'><strong><em>βαδίζειν</em></strong></span> <span class='ocrx_word' id='word_1_136' title='bbox 1262 1756 1364 1825; x_wconf 91' lang='grc' dir='ltr'><strong><em>πῖλον</em></strong></span> <span class='ocrx_word' id='word_1_137' title='bbox 1387 1762 1505 1840; x_wconf 73' lang='grc' dir='ltr'><strong><em>ἔχοντα</em></strong></span> <span class='ocrx_word' id='word_1_138' title='bbox 1528 1762 1590 1824; x_wconf 83' lang='grc' dir='ltr'><strong><em>ἐπί</em></strong></span> 
     </span>
     <span class='ocr_line' id='line_1_15' title="bbox 325 1857 1696 1950; baseline 0.002 -27"><span class='ocrx_word' id='word_1_139' title='bbox 325 1869 385 1947; x_wconf 82' lang='grc' dir='ltr'><strong><em>τῆς</em></strong></span> <span class='ocrx_word' id='word_1_140' title='bbox 412 1857 579 1947; x_wconf 78' lang='grc' dir='ltr'><strong><em>κεφαλῆς,</em></strong></span> <span class='ocrx_word' id='word_1_141' title='bbox 608 1857 720 1936; x_wconf 84' lang='grc' dir='ltr'><strong><em>άλλως</em></strong></span> <span class='ocrx_word' id='word_1_142' title='bbox 749 1857 785 1924; x_wconf 81' lang='grc' dir='ltr'><strong><em>δὲ</em></strong></span> <span class='ocrx_word' id='word_1_143' title='bbox 815 1861 854 1924; x_wconf 84' lang='grc' dir='ltr'><strong><em>οδ</em></strong></span> <span class='ocrx_word' id='word_1_144' title='bbox 884 1858 1103 1946; x_wconf 85' lang='grc' dir='ltr'><strong><em>δυνησόμεθα</em></strong></span> <span class='ocrx_word' id='word_1_145' title='bbox 1131 1869 1257 1946; x_wconf 83' lang='grc' dir='ltr'><strong><em>γνῶναι</em></strong></span> <span class='ocrx_word' id='word_1_146' title='bbox 1278 1865 1338 1926; x_wconf 89' lang='grc' dir='ltr'><strong><em>τόν</em></strong></span> <span class='ocrx_word' id='word_1_147' title='bbox 1359 1859 1542 1948; x_wconf 75' lang='grc' dir='ltr'><strong><em>ἐλεύθερον</em></strong></span> <span class='ocrx_word' id='word_1_148' title='bbox 1564 1865 1696 1950; x_wconf 58' lang='grc' dir='ltr'><strong><em>ἠως)</em></strong></span> 
     </span>
     <span class='ocr_line' id='line_1_16' title="bbox 325 1959 1647 2042; baseline 0.003 -18"><span class='ocrx_word' id='word_1_149' title='bbox 325 1965 384 2027; x_wconf 92' lang='grc' dir='ltr'><strong><em>τόν</em></strong></span> <span class='ocrx_word' id='word_1_150' title='bbox 408 1959 538 2026; x_wconf 77' lang='grc' dir='ltr'><strong><em>δοῦλον.</em></strong></span> <span class='ocrx_word' id='word_1_151' title='bbox 1612 1988 1647 2042; x_wconf 69' lang='lat'><strong><em>15</em></strong></span> 
     </span>
    </p>
   </div>
   <div class='ocr_carea' id='block_1_3' title="bbox 854 2165 1056 2175">
    <p class='ocr_par' dir='ltr' id='par_1_3' title="bbox 854 2165 1056 2175">
     <span class='ocr_line' id='line_1_17' title="bbox 854 2165 1056 2175; baseline -0.01 0"><span class='ocrx_word' id='word_1_152' title='bbox 854 2165 1056 2175; x_wconf 74' lang='lat'>—--———</span> 
     </span>
    </p>
   </div>
   <div class='ocr_carea' id='block_1_4' title="bbox 398 2398 1727 2490">
    <p class='ocr_par' dir='ltr' id='par_1_4' title="bbox 398 2398 1727 2490">
     <span class='ocr_line' id='line_1_18' title="bbox 398 2398 1727 2490; baseline 0.007 -9"><span class='ocrx_word' id='word_1_153' title='bbox 398 2405 474 2481; x_wconf 78' lang='lat'>(65)</span> <span class='ocrx_word' id='word_1_154' title='bbox 497 2399 634 2485; x_wconf 86' lang='grc' dir='ltr'>ΠΕΡΙ</span> <span class='ocrx_word' id='word_1_155' title='bbox 658 2399 936 2485; x_wconf 81' lang='grc' dir='ltr'>ΔΟΥΛΕΙΑΣ</span> <span class='ocrx_word' id='word_1_156' title='bbox 958 2398 1063 2481; x_wconf 81' lang='grc' dir='ltr'><strong><em>ΚΑΙ</em></strong></span> <span class='ocrx_word' id='word_1_157' title='bbox 1086 2398 1444 2483; x_wconf 79' lang='grc' dir='ltr'><strong>ΕΛΕΥΘΕΡΙΑΣ</strong></span> <span class='ocrx_word' id='word_1_158' title='bbox 1464 2401 1510 2483; x_wconf 89' lang='grc' dir='ltr'><strong><em>Β.</em></strong></span> <span class='ocrx_word' id='word_1_159' title='bbox 1599 2433 1727 2490; x_wconf 69' lang='lat' dir='ltr'><strong><em>&lt;mmm</em></strong></span> 
     </span>
    </p>
   </div>
   <div class='ocr_carea' id='block_1_5' title="bbox 285 2682 1640 3807">
    <p class='ocr_par' dir='ltr' id='par_1_5' title="bbox 287 2682 1640 3393">
     <span class='ocr_line' id='line_1_19' title="bbox 287 2682 1591 2779; baseline 0.004 -26"><span class='ocrx_word' id='word_1_160' title='bbox 287 2703 304 2764; x_wconf 90' lang='lat'>1</span> <span class='ocrx_word' id='word_1_161' title='bbox 410 2682 512 2755; x_wconf 74' lang='grc' dir='ltr'><strong><em>Ἀλλά</em></strong></span> <span class='ocrx_word' id='word_1_162' title='bbox 527 2694 594 2777; x_wconf 82' lang='grc' dir='ltr'><strong><em>μην</em></strong></span> <span class='ocrx_word' id='word_1_163' title='bbox 616 2692 753 2774; x_wconf 80' lang='grc' dir='ltr'><strong><em>ἔναγχος</em></strong></span> <span class='ocrx_word' id='word_1_164' title='bbox 768 2694 1001 2776; x_wconf 86' lang='grc' dir='ltr'><strong><em>παρεγενόμην</em></strong></span> <span class='ocrx_word' id='word_1_165' title='bbox 1016 2693 1089 2754; x_wconf 87' lang='grc' dir='ltr'><strong><em>τισί</em></strong></span> <span class='ocrx_word' id='word_1_166' title='bbox 1107 2688 1400 2779; x_wconf 78' lang='grc' dir='ltr'><strong><em>διαμφισβητοῦσι</em></strong></span> <span class='ocrx_word' id='word_1_167' title='bbox 1415 2697 1496 2778; x_wconf 80' lang='grc' dir='ltr'><strong><em>περὶ</em></strong></span> <span class='ocrx_word' id='word_1_168' title='bbox 1512 2692 1591 2758; x_wconf 89' lang='grc' dir='ltr'><strong><em>δου-</em></strong></span> 
     </span>
     <span class='ocr_line' id='line_1_20' title="bbox 327 2785 1591 2880; baseline 0.002 -22"><span class='ocrx_word' id='word_1_169' title='bbox 327 2791 419 2870; x_wconf 77' lang='grc' dir='ltr'><strong><em>λείας</em></strong></span> <span class='ocrx_word' id='word_1_170' title='bbox 440 2797 498 2858; x_wconf 83' lang='grc' dir='ltr'><strong><em>καὶ</em></strong></span> <span class='ocrx_word' id='word_1_171' title='bbox 518 2791 728 2878; x_wconf 70' lang='grc' dir='ltr'><strong><em>ἐλευθερίας,</em></strong></span> <span class='ocrx_word' id='word_1_172' title='bbox 752 2795 811 2857; x_wconf 84' lang='grc' dir='ltr'><strong><em>οόκ</em></strong></span> <span class='ocrx_word' id='word_1_173' title='bbox 832 2796 894 2857; x_wconf 86' lang='grc' dir='ltr'><strong><em>ἐπί</em></strong></span> <span class='ocrx_word' id='word_1_174' title='bbox 915 2790 1084 2859; x_wconf 84' lang='grc' dir='ltr'><strong><em>δικαστῶν</em></strong></span> <span class='ocrx_word' id='word_1_175' title='bbox 1106 2785 1180 2856; x_wconf 77' lang='grc' dir='ltr'><strong><em>οὐδ’</em></strong></span> <span class='ocrx_word' id='word_1_176' title='bbox 1205 2795 1241 2856; x_wconf 87' lang='grc' dir='ltr'><strong><em>ἐν</em></strong></span> <span class='ocrx_word' id='word_1_177' title='bbox 1263 2803 1305 2880; x_wconf 79' lang='grc' dir='ltr'><strong><em>τῇ</em></strong></span> <span class='ocrx_word' id='word_1_178' title='bbox 1320 2793 1437 2879; x_wconf 80' lang='grc' dir='ltr'><strong><em>όγορᾷ,</em></strong></span> <span class='ocrx_word' id='word_1_179' title='bbox 1462 2797 1591 2860; x_wconf 82' lang='grc' dir='ltr'><strong><em>οὑτωσὶ</em></strong></span> 
     </span>
     <span class='ocr_line' id='line_1_21' title="bbox 327 2888 1589 2983; baseline 0 -22"><span class='ocrx_word' id='word_1_180' title='bbox 327 2895 363 2961; x_wconf 81' lang='grc' dir='ltr'><strong><em>δέ</em></strong></span> <span class='ocrx_word' id='word_1_181' title='bbox 385 2888 462 2960; x_wconf 78' lang='grc' dir='ltr'><strong><em>κατ’</em></strong></span> <span class='ocrx_word' id='word_1_182' title='bbox 489 2898 599 2962; x_wconf 88' lang='grc' dir='ltr'><strong><em>οίκίαν</em></strong></span> <span class='ocrx_word' id='word_1_183' title='bbox 621 2899 681 2960; x_wconf 84' lang='grc' dir='ltr'><strong><em>ἐπὶ</em></strong></span> <span class='ocrx_word' id='word_1_184' title='bbox 700 2899 821 2983; x_wconf 89' lang='grc' dir='ltr'><strong><em>χρόνον</em></strong></span> <span class='ocrx_word' id='word_1_185' title='bbox 844 2893 1039 2978; x_wconf 89' lang='grc' dir='ltr'><strong><em>πάμπολυν.</em></strong></span> <span class='ocrx_word' id='word_1_186' title='bbox 1083 2899 1140 2960; x_wconf 88' lang='grc' dir='ltr'><strong><em>καλ</em></strong></span> <span class='ocrx_word' id='word_1_187' title='bbox 1162 2905 1321 2982; x_wconf 80' lang='grc' dir='ltr'><strong><em>παρῆσαν</em></strong></span> <span class='ocrx_word' id='word_1_188' title='bbox 1344 2900 1489 2982; x_wconf 81' lang='grc' dir='ltr'><strong><em>ἐκατέρῳ</em></strong></span> <span class='ocrx_word' id='word_1_189' title='bbox 1513 2903 1589 2961; x_wconf 86' lang='grc' dir='ltr'><strong><em>τοῖν</em></strong></span> 
     </span>
     <span class='ocr_line' id='line_1_22' title="bbox 327 2995 1589 3086; baseline 0.002 -26"><span class='ocrx_word' id='word_1_190' title='bbox 327 2998 465 3085; x_wconf 84' lang='grc' dir='ltr'><strong><em>ἀνδροῖν</em></strong></span> <span class='ocrx_word' id='word_1_191' title='bbox 481 3001 540 3064; x_wconf 81' lang='grc' dir='ltr'><strong><em>οὐκ</em></strong></span> <span class='ocrx_word' id='word_1_192' title='bbox 554 2997 665 3084; x_wconf 90' lang='grc' dir='ltr'><strong><em>όλίγοι</em></strong></span> <span class='ocrx_word' id='word_1_193' title='bbox 681 2995 939 3077; x_wconf 88' lang='grc' dir='ltr'><strong><em>σπουδάζοντες.</em></strong></span> <span class='ocrx_word' id='word_1_194' title='bbox 974 3002 1153 3082; x_wconf 78' lang='grc' dir='ltr'><strong><em>ἐτύγχανον</em></strong></span> <span class='ocrx_word' id='word_1_195' title='bbox 1174 3000 1238 3083; x_wconf 86' lang='grc' dir='ltr'><strong><em>γάρ</em></strong></span> <span class='ocrx_word' id='word_1_196' title='bbox 1260 3001 1348 3085; x_wconf 78' lang='grc' dir='ltr'><strong><em>ὑπὲρ</em></strong></span> <span class='ocrx_word' id='word_1_197' title='bbox 1367 2996 1479 3063; x_wconf 76' lang='grc' dir='ltr'><strong><em>ἄλλων</em></strong></span> <span class='ocrx_word' id='word_1_198' title='bbox 1502 3003 1589 3086; x_wconf 91' lang='grc' dir='ltr'><strong><em>πρό-</em></strong></span> 
     </span>
     <span class='ocr_line' id='line_1_23' title="bbox 326 3099 1640 3186; baseline -0.002 -21"><span class='ocrx_word' id='word_1_199' title='bbox 326 3121 426 3185; x_wconf 88' lang='grc' dir='ltr'><strong><em>τερον</em></strong></span> <span class='ocrx_word' id='word_1_200' title='bbox 449 3100 687 3185; x_wconf 89' lang='grc' dir='ltr'><strong><em>άντιλέγοντες,</em></strong></span> <span class='ocrx_word' id='word_1_201' title='bbox 711 3105 758 3178; x_wconf 85' lang='grc' dir='ltr'><strong><em>ὡς</em></strong></span> <span class='ocrx_word' id='word_1_202' title='bbox 780 3104 859 3184; x_wconf 87' lang='grc' dir='ltr'><strong><em>ἐμοί</em></strong></span> <span class='ocrx_word' id='word_1_203' title='bbox 879 3100 1050 3166; x_wconf 81' lang='grc' dir='ltr'><strong><em>δοκοῖσιν·</em></strong></span> <span class='ocrx_word' id='word_1_204' title='bbox 1072 3104 1263 3186; x_wconf 72' lang='grc' dir='ltr'><strong><em>ἡττώμενος</em></strong></span> <span class='ocrx_word' id='word_1_205' title='bbox 1282 3099 1318 3164; x_wconf 75' lang='grc' dir='ltr'><strong><em>δὲ</em></strong></span> <span class='ocrx_word' id='word_1_206' title='bbox 1334 3105 1370 3165; x_wconf 88' lang='grc' dir='ltr'><strong><em>ἐν</em></strong></span> <span class='ocrx_word' id='word_1_207' title='bbox 1384 3108 1459 3179; x_wconf 92' lang='grc' dir='ltr'><strong><em>τοῖς</em></strong></span> <span class='ocrx_word' id='word_1_208' title='bbox 1473 3100 1588 3185; x_wconf 92' lang='grc' dir='ltr'><strong><em>λόγοις</em></strong></span> <span class='ocrx_word' id='word_1_209' title='bbox 1609 3110 1640 3162; x_wconf 74' lang='grc' dir='ltr'><strong><em>υ]</em></strong></span> 
     </span>
     <span class='ocr_line' id='line_1_24' title="bbox 328 3200 1588 3290; baseline 0.002 -24"><span class='ocrx_word' id='word_1_210' title='bbox 328 3207 447 3290; x_wconf 83' lang='grc' dir='ltr'><strong><em>ἅτερος</em></strong></span> <span class='ocrx_word' id='word_1_211' title='bbox 468 3205 525 3266; x_wconf 85' lang='grc' dir='ltr'><strong><em>καὶ</em></strong></span> <span class='ocrx_word' id='word_1_212' title='bbox 547 3200 723 3290; x_wconf 81' lang='grc' dir='ltr'><strong><em>διαπορῶν</em></strong></span> <span class='ocrx_word' id='word_1_213' title='bbox 746 3207 797 3282; x_wconf 88' lang='grc' dir='ltr'><strong><em>είς</em></strong></span> <span class='ocrx_word' id='word_1_214' title='bbox 820 3201 994 3290; x_wconf 87' lang='grc' dir='ltr'><strong><em>λοιδορίαν</em></strong></span> <span class='ocrx_word' id='word_1_215' title='bbox 1018 3207 1195 3288; x_wconf 88' lang='grc' dir='ltr'><strong><em>ἐτράπετο,</em></strong></span> <span class='ocrx_word' id='word_1_216' title='bbox 1220 3207 1336 3289; x_wconf 84' lang='grc' dir='ltr'><strong><em>ὥσπερ</em></strong></span> <span class='ocrx_word' id='word_1_217' title='bbox 1360 3204 1466 3268; x_wconf 85' lang='grc' dir='ltr'><strong><em>εἴωθε</em></strong></span> <span class='ocrx_word' id='word_1_218' title='bbox 1488 3212 1588 3268; x_wconf 78' lang='grc' dir='ltr'><strong><em>τοῦτο</em></strong></span> 
     </span>
     <span class='ocr_line' id='line_1_25' title="bbox 329 3303 1588 3393; baseline 0 -24"><span class='ocrx_word' id='word_1_219' title='bbox 329 3307 525 3388; x_wconf 90' lang='grc' dir='ltr'><strong><em>συμβαίνειν</em></strong></span> <span class='ocrx_word' id='word_1_220' title='bbox 542 3303 716 3386; x_wconf 91' lang='grc' dir='ltr'><strong><em>πολλάκις,</em></strong></span> <span class='ocrx_word' id='word_1_221' title='bbox 738 3311 796 3372; x_wconf 84' lang='grc' dir='ltr'><strong><em>καὶ</em></strong></span> <span class='ocrx_word' id='word_1_222' title='bbox 811 3305 986 3372; x_wconf 84' lang='grc' dir='ltr'><strong><em>ὠνείδισεν</em></strong></span> <span class='ocrx_word' id='word_1_223' title='bbox 1001 3309 1048 3382; x_wconf 84' lang='grc' dir='ltr'><strong><em>ὡς</em></strong></span> <span class='ocrx_word' id='word_1_224' title='bbox 1064 3308 1122 3369; x_wconf 86' lang='grc' dir='ltr'><strong><em>οδκ</em></strong></span> <span class='ocrx_word' id='word_1_225' title='bbox 1137 3305 1320 3393; x_wconf 74' lang='grc' dir='ltr'><strong><em>ἐλεύθερον</em></strong></span> <span class='ocrx_word' id='word_1_226' title='bbox 1335 3309 1416 3370; x_wconf 88' lang='grc' dir='ltr'><strong><em>όντα</em></strong></span> <span class='ocrx_word' id='word_1_227' title='bbox 1438 3308 1497 3369; x_wconf 88' lang='grc' dir='ltr'><strong><em>τόν</em></strong></span> <span class='ocrx_word' id='word_1_228' title='bbox 1520 3309 1588 3370; x_wconf 78' lang='grc' dir='ltr'><strong><em>ἔτε-</em></strong></span> 
     </span>
    </p>

    <p class='ocr_par' dir='ltr' id='par_1_6' title="bbox 285 3406 1587 3494">
     <span class='ocr_line' id='line_1_26' title="bbox 285 3406 1587 3494; baseline -0.002 -20"><span class='ocrx_word' id='word_1_229' title='bbox 285 3413 306 3474; x_wconf 86' lang='grc'>2</span> <span class='ocrx_word' id='word_1_230' title='bbox 328 3426 397 3493; x_wconf 88' lang='grc' dir='ltr'><strong><em>ρον.</em></strong></span> <span class='ocrx_word' id='word_1_231' title='bbox 437 3411 494 3472; x_wconf 89' lang='grc' dir='ltr'><strong><em>καλ</em></strong></span> <span class='ocrx_word' id='word_1_232' title='bbox 516 3409 553 3485; x_wconf 89' lang='grc' dir='ltr'><strong><em>δς</em></strong></span> <span class='ocrx_word' id='word_1_233' title='bbox 576 3411 666 3473; x_wconf 92' lang='grc' dir='ltr'><strong><em>πάνυ</em></strong></span> <span class='ocrx_word' id='word_1_234' title='bbox 689 3408 810 3494; x_wconf 81' lang='grc' dir='ltr'><strong><em>πρᾴως</em></strong></span> <span class='ocrx_word' id='word_1_235' title='bbox 833 3407 1009 3491; x_wconf 83' lang='grc' dir='ltr'><strong><em>ἐμειδίασέ</em></strong></span> <span class='ocrx_word' id='word_1_236' title='bbox 1031 3430 1067 3472; x_wconf 95' lang='grc' dir='ltr'><strong><em>τε</em></strong></span> <span class='ocrx_word' id='word_1_237' title='bbox 1088 3412 1146 3473; x_wconf 89' lang='grc' dir='ltr'><strong><em>καλ</em></strong></span> <span class='ocrx_word' id='word_1_238' title='bbox 1168 3409 1255 3488; x_wconf 85' lang='grc' dir='ltr'><strong><em>εἶπε,</em></strong></span> <span class='ocrx_word' id='word_1_239' title='bbox 1278 3410 1400 3472; x_wconf 90' lang='grc' dir='ltr'><strong><em>Πόθεν</em></strong></span> <span class='ocrx_word' id='word_1_240' title='bbox 1423 3406 1460 3472; x_wconf 85' lang='grc' dir='ltr'><strong><em>δέ</em></strong></span> <span class='ocrx_word' id='word_1_241' title='bbox 1485 3409 1587 3485; x_wconf 81' lang='grc' dir='ltr'><strong><em>ἐστιν,</em></strong></span> 
     </span>
    </p>

    <p class='ocr_par' dir='ltr' id='par_1_7' title="bbox 325 3508 1639 3807">
     <span class='ocr_line' id='line_1_27' title="bbox 325 3508 1585 3598; baseline -0.002 -24"><span class='ocrx_word' id='word_1_242' title='bbox 325 3510 353 3574; x_wconf 84' lang='grc' dir='ltr'><strong>ὦ</strong></span> <span class='ocrx_word' id='word_1_243' title='bbox 376 3514 511 3597; x_wconf 87' lang='grc' dir='ltr'><strong><em>άριοτε,</em></strong></span> <span class='ocrx_word' id='word_1_244' title='bbox 541 3508 668 3575; x_wconf 88' lang='grc' dir='ltr'><strong><em>είδέναι</em></strong></span> <span class='ocrx_word' id='word_1_245' title='bbox 691 3515 785 3588; x_wconf 90' lang='grc' dir='ltr'><strong><em>όστις</em></strong></span> <span class='ocrx_word' id='word_1_246' title='bbox 808 3510 929 3588; x_wconf 83' lang='grc' dir='ltr'><strong><em>δοῦλος</em></strong></span> <span class='ocrx_word' id='word_1_247' title='bbox 950 3513 969 3598; x_wconf 76' lang='grc' dir='ltr'><em>ἢ</em></span> <span class='ocrx_word' id='word_1_248' title='bbox 997 3515 1092 3588; x_wconf 90' lang='grc' dir='ltr'><strong><em>όστις</em></strong></span> <span class='ocrx_word' id='word_1_249' title='bbox 1114 3509 1315 3598; x_wconf 80' lang='grc' dir='ltr'><strong><em>ἐλεόθερος,·</em></strong></span> <span class='ocrx_word' id='word_1_250' title='bbox 1343 3513 1414 3574; x_wconf 88' lang='grc' dir='ltr'><strong><em>Ναλ</em></strong></span> <span class='ocrx_word' id='word_1_251' title='bbox 1434 3511 1483 3591; x_wconf 87' lang='grc' dir='ltr'><strong><em>μά</em></strong></span> <span class='ocrx_word' id='word_1_252' title='bbox 1505 3511 1585 3588; x_wconf 90' lang='grc' dir='ltr'><strong><em>Δία,</em></strong></span> 
     </span>
     <span class='ocr_line' id='line_1_28' title="bbox 326 3611 1639 3700; baseline -0.002 -24"><span class='ocrx_word' id='word_1_253' title='bbox 326 3615 408 3700; x_wconf 77' lang='grc' dir='ltr'><strong><em>ἔφη·</em></strong></span> <span class='ocrx_word' id='word_1_254' title='bbox 444 3617 634 3694; x_wconf 85' lang='grc' dir='ltr'><strong><em>ἐπίσταμαι</em></strong></span> <span class='ocrx_word' id='word_1_255' title='bbox 666 3622 745 3700; x_wconf 81' lang='grc' dir='ltr'><strong><em>γοῦν</em></strong></span> <span class='ocrx_word' id='word_1_256' title='bbox 778 3618 923 3696; x_wconf 87' lang='grc' dir='ltr'><strong><em>ἐμαυτόν</em></strong></span> <span class='ocrx_word' id='word_1_257' title='bbox 955 3618 1017 3696; x_wconf 85' lang='grc' dir='ltr'><strong><em>μέν</em></strong></span> <span class='ocrx_word' id='word_1_258' title='bbox 1044 3611 1227 3699; x_wconf 79' lang='grc' dir='ltr'><strong><em>ἐλεύθερον</em></strong></span> <span class='ocrx_word' id='word_1_259' title='bbox 1255 3616 1335 3678; x_wconf 87' lang='grc' dir='ltr'><strong><em>όντα</em></strong></span> <span class='ocrx_word' id='word_1_260' title='bbox 1363 3616 1421 3679; x_wconf 82' lang='grc' dir='ltr'><strong><em>καί</em></strong></span> <span class='ocrx_word' id='word_1_261' title='bbox 1446 3616 1586 3688; x_wconf 78' lang='grc' dir='ltr'><strong><em>τούτους</em></strong></span> <span class='ocrx_word' id='word_1_262' title='bbox 1608 3623 1639 3675; x_wconf 71' lang='lat'><strong><em>25</em></strong></span> 
     </span>
     <span class='ocr_line' id='line_1_29' title="bbox 326 3715 1588 3807; baseline -0.002 -28"><span class='ocrx_word' id='word_1_263' title='bbox 326 3719 492 3795; x_wconf 84' lang='grc' dir='ltr'><strong><em>ἅπαντας,</em></strong></span> <span class='ocrx_word' id='word_1_264' title='bbox 518 3719 573 3780; x_wconf 87' lang='grc' dir='ltr'><strong><em>σολ</em></strong></span> <span class='ocrx_word' id='word_1_265' title='bbox 594 3715 630 3780; x_wconf 80' lang='grc' dir='ltr'><strong><em>δὲ</em></strong></span> <span class='ocrx_word' id='word_1_266' title='bbox 655 3715 751 3782; x_wconf 77' lang='grc' dir='ltr'><strong><em>οὐδὲν</em></strong></span> <span class='ocrx_word' id='word_1_267' title='bbox 773 3727 947 3807; x_wconf 80' lang='grc' dir='ltr'><strong><em>προσηκον</em></strong></span> <span class='ocrx_word' id='word_1_268' title='bbox 968 3715 1178 3802; x_wconf 85' lang='grc' dir='ltr'><strong><em>ἐλευθερίας.</em></strong></span> <span class='ocrx_word' id='word_1_269' title='bbox 1221 3720 1279 3782; x_wconf 89' lang='grc' dir='ltr'><strong><em>καί</em></strong></span> <span class='ocrx_word' id='word_1_270' title='bbox 1300 3739 1389 3794; x_wconf 92' lang='grc' dir='ltr'><strong><em>τινες</em></strong></span> <span class='ocrx_word' id='word_1_271' title='bbox 1411 3723 1479 3780; x_wconf 82' lang='grc' dir='ltr'><strong><em>τῶν</em></strong></span> <span class='ocrx_word' id='word_1_272' title='bbox 1502 3735 1588 3800; x_wconf 89' lang='grc' dir='ltr'><strong><em>παρ-</em></strong></span> 
     </span>
    </p>
   </div>
   <div class='ocr_carea' id='block_1_6' title="bbox 326 3927 1591 4609">
    <p class='ocr_par' dir='ltr' id='par_1_8' title="bbox 415 3927 1536 4010">
     <span class='ocr_line' id='line_1_30' title="bbox 415 3927 1536 4010; baseline -0.006 -15"><span class='ocrx_word' id='word_1_273' title='bbox 415 3930 621 4002; x_wconf 76' lang='grc' dir='ltr'><strong><em>ίάντίνοοςΒ</em></strong></span> <span class='ocrx_word' id='word_1_274' title='bbox 689 3934 876 4010; x_wconf 80' lang='grc' dir='ltr'><strong><em>ἐράμαχοςλλ</em></strong></span> <span class='ocrx_word' id='word_1_275' title='bbox 928 3931 1064 4008; x_wconf 85' lang='grc' dir='ltr'><strong><em>3τιάρας</em></strong></span> <span class='ocrx_word' id='word_1_276' title='bbox 1083 3927 1177 4007; x_wconf 78' lang='grc' dir='ltr'><strong><em>ὀρθὰς</em></strong></span> <span class='ocrx_word' id='word_1_277' title='bbox 1195 3934 1322 3990; x_wconf 77' lang='grc' dir='ltr'><strong><em>Βείελιίυε</em></strong></span> <span class='ocrx_word' id='word_1_278' title='bbox 1375 3933 1469 3994; x_wconf 86' lang='grc' dir='ltr'><strong><em>6ἐοτι</em></strong></span> <span class='ocrx_word' id='word_1_279' title='bbox 1487 3933 1536 3991; x_wconf 85' lang='lat' dir='ltr'><strong><em>UT</em></strong></span> 
     </span>
    </p>

    <p class='ocr_par' dir='ltr' id='par_1_9' title="bbox 326 4011 1591 4441">
     <span class='ocr_line' id='line_1_31' title="bbox 326 4011 1591 4097; baseline -0.012 -6"><span class='ocrx_word' id='word_1_280' title='bbox 326 4021 428 4097; x_wconf 61' lang='lat' dir='ltr'><strong><em>8&amp;qu</em></strong></span> <span class='ocrx_word' id='word_1_281' title='bbox 503 4020 595 4094; x_wconf 59' lang='grc' dir='ltr'><strong><em>μόνον</em></strong></span> <span class='ocrx_word' id='word_1_282' title='bbox 613 4021 636 4080; x_wconf 82' lang='lat' dir='ltr'><strong>U</strong></span> <span class='ocrx_word' id='word_1_283' title='bbox 654 4020 844 4094; x_wconf 81' lang='grc' dir='ltr'><strong><em>μόνονΒΜΤ</em></strong></span> <span class='ocrx_word' id='word_1_284' title='bbox 932 4016 1159 4094; x_wconf 80' lang='grc' dir='ltr'><strong><em>’ίέφράντιζεΰ</em></strong></span> <span class='ocrx_word' id='word_1_285' title='bbox 1245 4013 1315 4078; x_wconf 87' lang='grc' dir='ltr'><strong><em>8οά</em></strong></span> <span class='ocrx_word' id='word_1_286' title='bbox 1332 4017 1426 4080; x_wconf 77' lang='grc' dir='ltr'><strong><em>καλὸν</em></strong></span> <span class='ocrx_word' id='word_1_287' title='bbox 1442 4020 1518 4089; x_wconf 68' lang='lat' dir='ltr'>wil„</span> <span class='ocrx_word' id='word_1_288' title='bbox 1536 4011 1591 4078; x_wconf 82' lang='grc' dir='ltr'><strong><em>οάκ</em></strong></span> 
     </span>
     <span class='ocr_line' id='line_1_32' title="bbox 326 4102 1587 4180; baseline -0.006 -12"><span class='ocrx_word' id='word_1_289' title='bbox 326 4106 396 4169; x_wconf 80' lang='grc' dir='ltr'><strong><em>ἐνὸν</em></strong></span> <span class='ocrx_word' id='word_1_290' title='bbox 408 4109 469 4165; x_wconf 80' lang='lat' dir='ltr'><strong>libri</strong></span> <span class='ocrx_word' id='word_1_291' title='bbox 538 4102 667 4180; x_wconf 76' lang='grc' dir='ltr'><strong><em>θάρθάς</em></strong></span> <span class='ocrx_word' id='word_1_292' title='bbox 684 4109 746 4165; x_wconf 76' lang='lat' dir='ltr'><strong>add.</strong></span> <span class='ocrx_word' id='word_1_293' title='bbox 760 4108 860 4165; x_wconf 79' lang='grc' dir='ltr'><strong><em>Βείελιο</em></strong></span> <span class='ocrx_word' id='word_1_294' title='bbox 930 4113 961 4163; x_wconf 85' lang='grc'><strong><em>10</em></strong></span> <span class='ocrx_word' id='word_1_295' title='bbox 980 4103 1072 4179; x_wconf 74' lang='grc' dir='ltr'><strong><em>ἕξηιΰ</em></strong></span> <span class='ocrx_word' id='word_1_296' title='bbox 1145 4102 1587 4179; x_wconf 80' lang='grc' dir='ltr'><strong><em>11οοφάτεραεοτίρεί,σοφολ·</em></strong></span> 
     </span>
     <span class='ocr_line' id='line_1_33' title="bbox 326 4190 1537 4271; baseline -0.007 -18"><span class='ocrx_word' id='word_1_297' title='bbox 326 4215 415 4271; x_wconf 85' lang='grc' dir='ltr'><strong><em>τερον</em></strong></span> <span class='ocrx_word' id='word_1_298' title='bbox 431 4195 493 4252; x_wconf 85' lang='lat' dir='ltr'><strong>libri</strong></span> <span class='ocrx_word' id='word_1_299' title='bbox 561 4191 678 4266; x_wconf 77' lang='grc' dir='ltr'><strong><em>ἔμελλεν</em></strong></span> <span class='ocrx_word' id='word_1_300' title='bbox 696 4194 745 4252; x_wconf 86' lang='lat' dir='ltr'><strong><em>UT</em></strong></span> <span class='ocrx_word' id='word_1_301' title='bbox 817 4199 847 4249; x_wconf 78' lang='lat'><strong><em>12</em></strong></span> <span class='ocrx_word' id='word_1_302' title='bbox 864 4195 913 4265; x_wconf 81' lang='grc' dir='ltr'><strong><em>όέρ</em></strong></span> <span class='ocrx_word' id='word_1_303' title='bbox 931 4193 1010 4262; x_wconf 83' lang='grc' dir='ltr'><strong><em>Ειαρ.</em></strong></span> <span class='ocrx_word' id='word_1_304' title='bbox 1027 4192 1060 4264; x_wconf 77' lang='grc' dir='ltr'><em>δὴ</em></span> <span class='ocrx_word' id='word_1_305' title='bbox 1080 4191 1134 4247; x_wconf 82' lang='grc' dir='ltr'><strong><em>ΒΜ</em></strong></span> <span class='ocrx_word' id='word_1_306' title='bbox 1153 4196 1196 4249; x_wconf 85' lang='grc' dir='ltr'><strong><em>δεῖ</em></strong></span> <span class='ocrx_word' id='word_1_307' title='bbox 1212 4190 1261 4248; x_wconf 83' lang='lat' dir='ltr'><strong><em>UT</em></strong></span> <span class='ocrx_word' id='word_1_308' title='bbox 1338 4197 1370 4249; x_wconf 82' lang='lat'><strong><em>13</em></strong></span> <span class='ocrx_word' id='word_1_309' title='bbox 1389 4198 1490 4251; x_wconf 83' lang='grc' dir='ltr'><strong><em>πεῖλον</em></strong></span> <span class='ocrx_word' id='word_1_310' title='bbox 1507 4190 1537 4245; x_wconf 76' lang='grc' dir='ltr'><strong><em>λλ</em></strong></span> 
     </span>
     <span class='ocr_line' id='line_1_34' title="bbox 328 4268 1591 4355; baseline -0.004 -17"><span class='ocrx_word' id='word_1_311' title='bbox 328 4285 394 4355; x_wconf 75' lang='grc' dir='ltr'><strong><em>περὶ</em></strong></span> <span class='ocrx_word' id='word_1_312' title='bbox 417 4277 527 4340; x_wconf 84' lang='grc' dir='ltr'><strong><em>όοάλων</em></strong></span> <span class='ocrx_word' id='word_1_313' title='bbox 545 4281 667 4337; x_wconf 76' lang='lat' dir='ltr'><strong>Photius.</strong></span> <span class='ocrx_word' id='word_1_314' title='bbox 738 4285 770 4335; x_wconf 82' lang='lat'><strong><em>20</em></strong></span> <span class='ocrx_word' id='word_1_315' title='bbox 787 4275 908 4337; x_wconf 75' lang='grc' dir='ltr'><strong><em>ἐδόκουν</em></strong></span> <span class='ocrx_word' id='word_1_316' title='bbox 926 4278 1091 4334; x_wconf 76' lang='lat' dir='ltr'><strong>flemrden</strong></span> <span class='ocrx_word' id='word_1_317' title='bbox 1158 4273 1358 4349; x_wconf 79' lang='grc' dir='ltr'><strong><em>ἧττόμενοςΒ</em></strong></span> <span class='ocrx_word' id='word_1_318' title='bbox 1433 4283 1463 4334; x_wconf 83' lang='grc'><strong><em>21</em></strong></span> <span class='ocrx_word' id='word_1_319' title='bbox 1483 4268 1591 4351; x_wconf 83' lang='grc' dir='ltr'><strong><em>άτερος</em></strong></span> 
     </span>
     <span class='ocr_line' id='line_1_35' title="bbox 328 4357 1511 4441; baseline -0.006 -19"><span class='ocrx_word' id='word_1_320' title='bbox 328 4369 357 4422; x_wconf 85' lang='grc' dir='ltr'><strong>Μ</strong></span> <span class='ocrx_word' id='word_1_321' title='bbox 374 4363 474 4441; x_wconf 69' lang='grc' dir='ltr'><strong><em>ἕτερος</em></strong></span> <span class='ocrx_word' id='word_1_322' title='bbox 491 4366 540 4423; x_wconf 86' lang='lat' dir='ltr'><strong><em>UB</em></strong></span> <span class='ocrx_word' id='word_1_323' title='bbox 660 4368 815 4439; x_wconf 79' lang='grc' dir='ltr'><strong><em>λοιδορίαν</em></strong></span> <span class='ocrx_word' id='word_1_324' title='bbox 831 4365 860 4420; x_wconf 80' lang='grc' dir='ltr'><strong>Μ</strong></span> <span class='ocrx_word' id='word_1_325' title='bbox 975 4369 1007 4419; x_wconf 77' lang='lat'><strong><em>22</em></strong></span> <span class='ocrx_word' id='word_1_326' title='bbox 1026 4357 1066 4432; x_wconf 78' lang='grc' dir='ltr'><strong><em>ὣς</em></strong></span> <span class='ocrx_word' id='word_1_327' title='bbox 1084 4358 1137 4422; x_wconf 85' lang='grc' dir='ltr'><strong><em>οάκ</em></strong></span> <span class='ocrx_word' id='word_1_328' title='bbox 1154 4364 1302 4430; x_wconf 77' lang='grc' dir='ltr'><strong><em>Μοτείλίυε,</em></strong></span> <span class='ocrx_word' id='word_1_329' title='bbox 1321 4357 1374 4436; x_wconf 82' lang='grc' dir='ltr'><strong><em>οάχ</em></strong></span> <span class='ocrx_word' id='word_1_330' title='bbox 1393 4359 1433 4431; x_wconf 83' lang='grc' dir='ltr'><strong><em>άς</em></strong></span> <span class='ocrx_word' id='word_1_331' title='bbox 1448 4360 1511 4417; x_wconf 87' lang='lat' dir='ltr'><strong>libri</strong></span> 
     </span>
    </p>

    <p class='ocr_par' dir='ltr' id='par_1_10' title="bbox 326 4444 1591 4609">
     <span class='ocr_line' id='line_1_36' title="bbox 327 4444 1591 4524; baseline -0.003 -17"><span class='ocrx_word' id='word_1_332' title='bbox 327 4455 360 4508; x_wconf 80' lang='lat'><strong><em>2³</em></strong></span> <span class='ocrx_word' id='word_1_333' title='bbox 379 4450 457 4511; x_wconf 82' lang='grc' dir='ltr'><strong><em>ἔστιν</em></strong></span> <span class='ocrx_word' id='word_1_334' title='bbox 474 4470 526 4510; x_wconf 87' lang='lat' dir='ltr'><strong><em>om.</em></strong></span> <span class='ocrx_word' id='word_1_335' title='bbox 549 4453 579 4508; x_wconf 87' lang='lat' dir='ltr'><strong>M</strong></span> <span class='ocrx_word' id='word_1_336' title='bbox 647 4452 833 4508; x_wconf 75' lang='lat' dir='ltr'>scribendum:</span> <span class='ocrx_word' id='word_1_337' title='bbox 857 4447 987 4524; x_wconf 84' lang='grc' dir='ltr'><strong><em>πότερον</em></strong></span> <span class='ocrx_word' id='word_1_338' title='bbox 1010 4451 1054 4518; x_wconf 58' lang='lat' dir='ltr'><strong><em>ab,</em></strong></span> <span class='ocrx_word' id='word_1_339' title='bbox 1078 4456 1106 4506; x_wconf 81' lang='grc' dir='ltr'><strong><em>εί</em></strong></span> <span class='ocrx_word' id='word_1_340' title='bbox 1128 4455 1241 4521; x_wconf 74' lang='lat' dir='ltr'><strong>propter</strong></span> <span class='ocrx_word' id='word_1_341' title='bbox 1265 4453 1311 4507; x_wconf 81' lang='grc' dir='ltr'><strong><em>ναί</em></strong></span> <span class='ocrx_word' id='word_1_342' title='bbox 1331 4444 1373 4519; x_wconf 86' lang='grc' dir='ltr'><strong><em>μά</em></strong></span> <span class='ocrx_word' id='word_1_343' title='bbox 1392 4449 1448 4507; x_wconf 84' lang='grc' dir='ltr'><strong><em>Δία</em></strong></span> <span class='ocrx_word' id='word_1_344' title='bbox 1466 4451 1495 4504; x_wconf 79' lang='lat' dir='ltr'><strong><em>et</em></strong></span> <span class='ocrx_word' id='word_1_345' title='bbox 1513 4447 1591 4517; x_wconf 76' lang='lat' dir='ltr'>quod</span> 
     </span>
     <span class='ocr_line' id='line_1_37' title="bbox 326 4531 1160 4609; baseline 0.001 -16"><span class='ocrx_word' id='word_1_346' title='bbox 326 4553 354 4607; x_wconf 86' lang='lat' dir='ltr'><strong><em>p.</em></strong></span> <span class='ocrx_word' id='word_1_347' title='bbox 373 4541 450 4609; x_wconf 69' lang='lat'>2³³,4</span> <span class='ocrx_word' id='word_1_348' title='bbox 468 4539 574 4594; x_wconf 83' lang='lat' dir='ltr'>demum</span> <span class='ocrx_word' id='word_1_349' title='bbox 591 4539 749 4607; x_wconf 71' lang='lat' dir='ltr'>interrogat,</span> <span class='ocrx_word' id='word_1_350' title='bbox 769 4531 884 4595; x_wconf 74' lang='grc' dir='ltr'><strong><em>ὁπόθεν</em></strong></span> <span class='ocrx_word' id='word_1_351' title='bbox 901 4541 989 4595; x_wconf 85' lang='grc' dir='ltr'><strong><em>τοῦτο</em></strong></span> <span class='ocrx_word' id='word_1_352' title='bbox 1008 4534 1160 4595; x_wconf 78' lang='grc' dir='ltr'><strong><em>ἐπίσταται</em></strong></span> 
     </span>
    </p>
   </div>
   <div class='ocr_carea' id='block_1_7' title="bbox 0 0 1770 5264">
    <p class='ocr_par' dir='ltr' id='par_1_11' title="bbox 0 0 1770 5264">
     <span class='ocr_line' id='line_1_38' title="bbox 0 0 1770 5264; baseline 0 0"><span class='ocrx_word' id='word_1_353' title='bbox 0 0 1770 5264; x_wconf 95' lang='lat' dir='ltr'><strong><em> </em></strong></span> 
     </span>
    </p>
   </div>
  </div>
 </body>
</html>
