3466 5268
232 394 236 402 .
335 363 377 423 80
772 361 895 418 DIONIS
912 359 963 418 DE
981 359 1161 420 TUMULTU

336 544 411 615 τοῖς
440 536 686 624 στρατοπέδοις
714 533 870 624 ζητοῦσιν
893 535 995 614 ἀλλος
1023 535 1127 601 ἀλλου
1157 536 1413 625 ἀσφαλέστερον
1442 549 1595 626 σκηνοῦν,-

339 639 425 704 ἀλλά
457 643 545 726 πρὸς
571 643 651 716 τούς
679 638 865 721 πολεμίους
888 632 1004 716 αὐτοῖς
1032 646 1052 728 ή
1085 638 1214 728 φυλακή
1238 645 1340 706 ἐστιν.
1386 651 1428 729 τῃ
1450 643 1513 721 μὲν
1537 641 1596 704 ούν

338 746 418 827 τύχῃ
444 746 558 826 χάρις,
593 734 638 804 δι’
664 744 704 828 ήν
726 745 963 828 ἀπετράπητε,
993 743 1061 806 εἴτε
1092 752 1191 806 τοῦτο
1215 746 1397 829 νοήσαντες
1419 743 1488 808 εἴτε
1511 741 1596 806 άλλο

336 849 465 910 ὁτιοῦν·
489 837 527 907 οὐ
557 850 674 925 μέντοι
701 843 842 931 ἀληθῶς
869 842 1066 909 ὑπείδεσθε.
1120 838 1159 908 οὐ
1188 847 1251 930 γάρ
1281 848 1321 910 ἀν
1344 849 1448 931 έγωγε
1470 851 1594 932 ήμυνά-

334 969 401 1033 μῃν
422 949 516 1027 ὑμᾶς,
539 945 624 1010 ἀλλὰ
647 951 767 1012 τούτου
790 968 827 1031 γε
849 951 943 1011 ένεκα
967 945 1076 1033 πολλή
1095 951 1173 1029 ὑμῖν
1189 946 1362 1034 ἀσφάλειά
1383 951 1487 1027 ἐστιν,
1510 952 1628 1012 άτανό

337 1048 512 1136 βούλήσθε
533 1053 726 1114 κατακαίειν
748 1045 808 1136 τήν
831 1053 950 1128 οίκίαν,
974 1053 1066 1134 ήρκει
1090 1048 1128 1113 δέ
1149 1070 1209 1131 μοι
1232 1047 1292 1136 τήν
1314 1055 1453 1133 γυναῖκα
1474 1055 1532 1116 καί
1554 1058 1594 1116 τδ
1607 1067 1657 1119 (κιο
1671 1067 1722 1110 συ

342 1151 483 1218 παιδίον
506 1150 652 1234 λαβόντα
676 1155 876 1238 ἀποχωρεῖν.

290 1261 328 1322 14
425 1257 481 1319 καί
508 1253 627 1340 μηδείς
655 1257 776 1340 νομίσῃ
807 1257 853 1330 ὡς
881 1257 945 1338 ἐγὼ
974 1257 1060 1339 ὑπὲρ
1090 1258 1238 1336 ἐμαυτοῦ
1266 1257 1461 1338 ἀγανακτῶν
1490 1265 1596 1320 ταῦτα

340 1357 456 1442 εἴρηκα
478 1354 604 1438 μᾶλλον
632 1358 651 1442 ή
675 1360 760 1441 ὑπέρ
789 1359 881 1437 ὑμῶν
911 1354 1033 1433 δεδιὼς
1061 1360 1195 1444 μήποτε
1224 1359 1290 1442 ἀρα
1314 1355 1525 1445 διαβληθῆτε
1550 1363 1598 1437 ῶς

339 1460 449 1542 βίαιοι
470 1461 527 1522 καὶ
549 1462 753 1542 παράνομοι.
792 1451 831 1522 οὐ
847 1460 908 1544 γάρ
926 1456 1091 1524 λανθάνει
1105 1467 1172 1523 τῶν
1195 1463 1321 1535 ἐντοῖς
1337 1457 1479 1524 πόλεσιν
1496 1455 1593 1526 οὐδὲν
1617 1471 1645 1523 10

339 1565 418 1636 τούς
439 1565 605 1647 ήγεμύνας
634 1559 730 1643 (λέγω
759 1559 794 1624 δέ
823 1564 903 1637 τούς
924 1558 1059 1642 μείζους
1080 1567 1245 1649 ήγεμόνας
1266 1569 1334 1626 τῶν
1356 1557 1494 1636 ἐνθάδε)
1518 1555 1594 1623 ἀλλ’

342 1667 459 1748 ὥσπερ
481 1671 548 1726 τῶν
572 1661 721 1727 παιδίων
749 1671 817 1726 τῶν
846 1666 1078 1748 ἀτακτοτέρων
1108 1665 1197 1728 οἴκοι
1226 1667 1313 1750 πρὸς
1335 1667 1415 1739 τούς
1437 1661 1597 1727 διδασκά-

341 1761 419 1839 λους
439 1773 682 1850 κατηγοροῦσιν
699 1769 733 1828 οί
748 1769 985 1851 προσήκοντες,
1010 1770 1135 1830 οὑτωσὶ
1149 1770 1206 1830 καί
1220 1769 1261 1830 τά
1277 1774 1344 1830 τῶν
1360 1763 1475 1852 δήμων
1490 1769 1597 1851 ἀμαρ-

338 1869 470 1953 τήμοτα
494 1870 581 1953 πρδς
604 1870 751 1945 ἐκείνους
779 1867 1035 1951 ἀπαγγέλλεται.
1089 1878 1194 1933 ταῦτα
1222 1873 1284 1952 μὲν
1307 1871 1365 1932 ούν
1389 1871 1465 1932 ούτε
1486 1867 1598 1946 καλῶς

340 1970 415 2033 ούτε
433 1975 672 2056 συμφερόντως
688 1975 803 2048 αὑτοῖς
818 1975 1002 2057 πράττοιτε
1018 1975 1068 2035 ἀν.
1107 1975 1146 2034 τὸ
1163 1971 1199 2035 δέ
1215 1970 1331 2050 ἀξιοῦν
1346 1969 1594 2052 ἐπιμελεῖσθαι
1617 1979 1644 2032 ῶ

339 2081 399 2158 τῆς
421 2074 544 2158 ἀγορᾶς
571 2077 627 2137 καί
654 2078 734 2151 τούς
762 2072 966 2156 δυναμένους
993 2081 1199 2159 χειροτονεῖν
1227 2077 1284 2137 καί
1310 2077 1390 2150 τούς
1417 2070 1463 2160 μή
1495 2071 1598 2137 λελει-

340 2180 574 2261 τουργηκότας,
599 2178 629 2240 εί
652 2174 687 2240 δέ
702 2180 748 2263 μή
770 2197 816 2260 γε,
841 2179 898 2253 οὓς
920 2179 961 2240 ἀν
983 2175 1167 2262 βούλήσθε,
1192 2179 1459 2264 σωφρονούντων
1482 2195 1519 2238 τε
1542 2177 1598 2238 ἀν·

339 2280 494 2363 θρῶπων
516 2281 590 2342 έστί
610 2283 666 2342 καὶ
689 2283 776 2364 πρός
797 2300 834 2362 γε
856 2287 961 2343 ταῦτα
985 2271 1095 2355 οὓδείς
1116 2282 1195 2360 ὑμῖν
1220 2270 1472 2342 ἐναντιώσεται.

864 2535 1066 2546 .--.---.-.

510 2813 581 2897 (30)
613 2816 945 2900 ΔΗΜΗΓΟΡΙΑ
967 2815 1043 2899 ΕΝ
1066 2815 1168 2900 ΤΗΙ
1190 2814 1427 2900 ΠΑΤΡΙΔΙ.
1610 2800 1688 2848 (Μ
1697 2798 1722 2841 ¹¹

305 3101 316 3159 1
427 3095 571 3178 Πρῶτον
599 3099 675 3173 μέν,
705 3092 731 3154 ὦ
761 3091 895 3177 ἀνδρες,
925 3097 1005 3156 ὅταν
1033 3089 1168 3156 ἀναστῶ
1177 3141 1185 3170 ,
1215 3089 1261 3177 μή
1290 3097 1427 3169 πάντως
1456 3095 1599 3179 ήγεῖσθε

344 3195 449 3279 λόγων
472 3197 684 3258 ἀκούσεσθαι
699 3196 909 3275 θαυμαστῶν
924 3193 1009 3282 μηδὲ
1024 3198 1219 3281 ἐπισήμων
1244 3192 1327 3276 λέγω
1352 3192 1387 3258 δὲ
1412 3195 1485 3258 οῖον
1508 3198 1595 3279 πρὸς
1616 3204 1646 3254 κύ

343 3297 466 3384 ήδονήν
489 3319 564 3360 τινα
587 3299 606 3382 ἢ
629 3294 751 3372 κάλλος
772 3299 792 3382 ἢ
818 3301 944 3383 σοφίαν
968 3301 1204 3381 εἰργασμένων.
1244 3296 1327 3374 ἴσως
1349 3298 1494 3382 μὲνγὰρ
1520 3287 1596 3358 οὐδὲ

346 3397 457 3476 άλλως
479 3396 560 3485 ήμεν
584 3401 692 3463 ἱκανοί
714 3403 801 3484 πρδς
824 3403 862 3462 τδ
885 3407 1056 3471 τοιοῦτον.
1089 3398 1174 3463 ἀλλά
1208 3403 1287 3484 τύχῃ
1311 3401 1378 3463 τινί
1400 3402 1438 3461 τὸ
1462 3396 1600 3484 πλήθος

345 3505 400 3566 καί
421 3504 483 3578 τάς
505 3500 624 3578 πόλεις
647 3506 762 3579 πάσας
784 3500 1060 3588 ἐξηπατήσαμεν·
1085 3505 1115 3566 εί
1133 3493 1164 3565 δ’
1192 3502 1259 3579 οδν,
1283 3499 1368 3562 ἀλλά
1390 3509 1447 3564 νῦν
1470 3496 1599 3584 πολλήν

344 3608 493 3689 ἀπορίαν
524 3608 581 3668 καί
618 3602 726 3690 λήθην
761 3609 850 3682 είκδς
884 3611 964 3690 ήμϊν
994 3611 1165 3688 γεγονέναι
1193 3611 1260 3666 τῶν
1289 3605 1453 3666 τοιούτων
1483 3600 1598 3684 λόγων.

345 3710 450 3770 ὁποῖα
473 3708 536 3790 γάρ
560 3709 600 3769 ἀν
624 3710 754 3792 πράττῃ
778 3730 830 3784 τις
851 3710 907 3770 καί
929 3709 965 3770 ἐν
988 3709 1125 3782 ὁποίοις
1148 3708 1188 3769 ἀν
1205 3687 1227 3791 ᾗ
1244 3707 1450 3788 πράγμασιν,
1474 3706 1596 3788 ἀνάγκη
1620 3709 1722 3764 ῶῶίδί

346 3811 402 3872 καλ
424 3812 503 3885 τούς
527 3807 644 3891 λόγους
666 3807 753 3872 εἶναι
777 3807 1049 3895 παραπλησίους.
1087 3813 1185 3895 ήμεῖς
1206 3805 1240 3871 δέ
1266 3804 1372 3869 πολύν
1396 3804 1457 3892 ήδῃ
1479 3809 1600 3888 χρόνον

429 4021 554 4081 Haut:
574 4029 601 4088 (ν
618 4023 778 4091 ετεεαω)ῦ
848 4017 1017 4080 έδαίδεσύε
1034 4022 1113 4079 BMU
1132 4039 1168 4079 m.
1186 4039 1227 4092 pr.
1309 4017 1502 4094 ὃβούλεούαι
1518 4019 1549 4075 M

343 4105 430 4181 είρκει
449 4109 478 4162 M
581 4105 738 4181 θήμῶνΤ
841 4107 954 4174 δεδειαλς
971 4107 995 4161 Β
1012 4106 1154 4166 ύεάιολνΤ
1259 4111 1291 4161 14
1313 4100 1531 4179 άπαγγέλετεΒ

347 4199 377 4248 16
396 4186 495 4259 αὐτοῖς
511 4193 566 4249 UM
673 4192 816 4267 πράττετε
834 4193 904 4257 libri,
921 4207 992 4248 corr.
1012 4193 1091 4262 Emp.
1199 4197 1229 4248 16
1246 4199 1427 4265 χειροτονεῖν
1450 4199 1515 4246 unte
1531 4189 1601 4256 τούς

343 4279 515 4349 δυναμένους
531 4277 626 4334 melius
643 4278 777 4348 legeretur
882 4281 912 4331 17
931 4274 1075 4350 βούλεσθε
1094 4277 1172 4334 UMT
1265 4296 1296 4334 τε
1313 4276 1423 4341 Reium,
1441 4275 1471 4334 δὲ
1487 4274 1550 4330 libri

347 4367 378 4418 18
395 4359 593 4421 ἐναντιδσεται
611 4363 635 4419 U
652 4379 688 4419 m.
707 4379 748 4433 pr.
767 4360 997 4421 έναντιάσετεΤ
1052 4367 1083 4417 19
1100 4357 1229 4435 ἡγείσθω
1247 4361 1276 4415 M
1346 4366 1377 4416 21
1397 4359 1508 4434 βάλλσς
1524 4360 1583 4442 ΜΙ

344 4451 377 4502 23
397 4443 611 4521 λξηπατήκαμεν
628 4448 652 4503 Τ
738 4452 772 4503 24
790 4440 930 4521 εὐπορίαν
947 4447 971 4502 Τ
1072 4451 1105 4503 25
1124 4445 1221 4514 ὁτιίοις
1238 4442 1275 4505 ἀν
1293 4437 1328 4518 ἢν
1346 4445 1376 4500 M
1395 4441 1512 4512 ὁποίοις
1528 4436 1603 4517 ἀνὴρ

346 4533 394 4590 BU
412 4549 447 4589 m.
466 4548 506 4603 pr.
