3520 5270
344 343 406 401 114
773 340 899 399 morus
917 340 969 398 DE
987 341 1155 400 soomfl

343 519 398 582 καί
422 514 620 602 δημοτικός,
651 509 727 580 οόδὲ
762 514 861 593 ούτος
882 518 951 581 όπό
980 525 1039 604 τῆς
1061 519 1182 594 πενίας
1211 513 1477 601 ἀναγκαζόμενος
1500 511 1605 582 οόθέν

345 617 542 700 λαμβάνειν·
564 620 676 683 καίτοι
701 624 840 702 γυναῖκα
866 618 953 700 εἶχεν
977 611 1015 682 οὐ
1037 628 1206 701 μισοῦσαν
1229 622 1388 706 ἀργύριον
1402 623 1460 684 καλ
1475 618 1605 697 παῖδας

345 718 524 801 δεομένους
553 717 743 808 διατροφῆς
770 723 827 785 καί
854 729 922 785 τῶν
950 727 1034 786 νέων
1069 720 1201 806 λέγεται
1229 729 1303 800 τοῖς
1330 721 1606 799 πλουσιωτάτοις

346 830 506 902 συνεῖναι,
532 823 579 887 ὧν
602 840 709 911 φασιν
731 825 842 901 ἐνίους
862 823 1007 911 μηδενός
1029 823 1149 904 ἁπλῶς
1172 823 1360 914 φείδεσθαι
1382 829 1470 912 πρός
1492 827 1604 890 αύτόν.

304 927 323 990 3
345 924 386 1012 ἦν
409 924 445 990 δὲ
472 923 577 990 τάλλα
606 923 654 1010 τῷ
687 929 804 1012 τρόπῳ
833 931 947 1004 κοινός
974 931 1030 992 καί
1059 926 1328 1015 φιλάνθρωπος,
1354 931 1412 994 καί
1441 933 1639 1013 παρείχενέ

345 1031 447 1093 αὑτὸν
469 1034 543 1106 τοῖς
570 1027 791 1111 βουλομένοις
812 1036 996 1115 προσιέναι
1016 1033 1074 1094 καί
1103 1028 1342 1115 διαλέγεσθαι,
1370 1033 1453 1118 περί
1479 1052 1517 1094 τε
1544 1033 1605 1117 την

345 1132 471 1217 ἀγοράν
499 1132 542 1196 τά
570 1129 682 1195 πολλὰ
710 1131 894 1218 διατρίβων
920 1135 976 1198 καί
1005 1134 1054 1210 είς
1075 1134 1137 1210 τάς
1165 1131 1381 1219 παλαίστρας
1410 1135 1528 1198 είσιών
1548 1135 1606 1197 καί

347 1236 435 1322 πρὸς
463 1240 541 1311 ταῖς
568 1231 755 1319 τραπέζαις
782 1231 1011 1317 καθεζόμενος
1039 1238 1169 1317 (ὥσπερ
1199 1239 1234 1300 ολ
1255 1237 1297 1300 τά
1317 1239 1403 1301 ῶνια
1425 1236 1467 1298 τά
1491 1232 1604 1323 φαῦλα
1619 1245 1736 1298 (mm

347 1334 532 1412 δεικνύντες
554 1338 590 1399 ἐν
611 1345 653 1422 τῇ
675 1336 782 1422 ἀγορᾷ
796 1339 854 1401 καί
869 1343 1114 1424 περιφέροντες
1128 1340 1189 1402 ἐπί
1202 1339 1264 1415 τάς
1279 1336 1402 1424 θύρας)
1416 1336 1452 1400 εί
1462 1358 1516 1413 τις
1538 1339 1605 1418 ἀρα

346 1436 506 1525 ἐθελήσει
528 1439 711 1502 πυθέσθαι
733 1460 768 1502 τι
789 1441 846 1503 ίιαί
867 1441 1011 1504 ἀκοῦσαι
1032 1447 1099 1504 τῶν
1120 1445 1293 1526 νεωτέρων
1314 1441 1334 1526 ἢ
1363 1447 1431 1502 τῶν
1454 1440 1601 1522 πρεσβυ-
1625 1445 1653 1500 111

346 1545 462 1627 τέρων.
499 1541 535 1602 ού
555 1543 617 1620 μὲν
632 1540 690 1604 οδν
706 1538 830 1606 πολλοί
844 1549 911 1605 τῶν
928 1539 1077 1605 δυνατῶν
1091 1546 1149 1606 καί
1163 1545 1316 1628 ρητόρων
1331 1549 1605 1627 προσεποιοῦντο

346 1639 431 1728 μηδὲ
461 1643 542 1727 δρᾶν
571 1643 688 1706 αύτόν·
718 1645 737 1705 δ
767 1641 803 1706 δέ
832 1642 1039 1729 προσελθών
1045 1692 1055 1723 ,
1085 1646 1202 1731 ὥσπερ
1233 1646 1268 1707 ol
1296 1646 1607 1729 προσπταίσαντες,

310 1743 328 1804 4
351 1741 500 1830 ἀλγήσας
521 1747 603 1824 ταχύ
626 1742 872 1832 ἀπηλλάττετο.
910 1743 995 1810 ἀλλά
1012 1745 1051 1834 δη
1075 1754 1142 1810 τῶν
1156 1750 1218 1828 μέν
1232 1743 1502 1828 θαυμαζομένων
1523 1747 1606 1809 ἐκεί·

348 1867 415 1910 νων
439 1854 614 1932 σοφιστῶν
636 1844 874 1912 ἐκλελοίπασιν
897 1851 932 1912 οί
954 1847 1049 1932 λόγοι
1061 1852 1118 1913 καί
1133 1847 1263 1935 οδδένῆ
1280 1850 1322 1912 τά
1338 1851 1488 1931 όνόματα
1502 1851 1607 1930 μόνον

348 1950 456 2012 ἐστιν·
481 1950 515 2011 σί
538 1946 573 2012 δὲ
596 1957 659 2012 τοῦ
677 1952 876 2036 Σωκράτους
899 1952 958 2014 οὐκ
980 1943 1050 2015 οἶδ’
1074 1955 1169 2028 ὅπως
1193 1949 1392 2033 διαμένουσι
1412 1953 1469 2015 καί
1488 1949 1603 2031 διαμε-
1627 1959 1655 2011 15

349 2059 446 2115 νοῶσι
466 2053 525 2115 τόν
548 2054 683 2118 ἅπαντα
702 2055 834 2139 χρόνον,
856 2056 1001 2118 *τούτου
1025 2052 1061 2118 δὲ
1084 2056 1190 2118 αύτού
1207 2057 1405 2140 γράψαντος
1426 2056 1446 2140 ἢ
1468 2049 1606 2117 καταλι-

351 2158 477 2232 πόντος
499 2155 576 2218 οότε
592 2157 789 2240 σύγγραμμα
806 2157 882 2220 οότε
898 2154 1076 2243 διαθήκας.
1114 2153 1269 2220 ἐτελεύτα
1285 2157 1347 2243 γάρ
1364 2159 1383 2219 ό
1401 2158 1486 2243 ἀνὴρ
1509 2152 1606 2218 ἀδιά-

351 2258 456 2333 θετος
477 2259 537 2343 τήν
559 2278 595 2320 τε
619 2259 746 2346 σοφίαν
767 2261 824 2321 καί
844 2258 886 2321 τό
905 2261 1070 2345 χρήματα.
1109 2255 1194 2321 ἀλλά
1211 2260 1329 2322 οὐσίαν
1350 2261 1412 2339 μὲν
1436 2259 1494 2321 σάκ
1509 2256 1606 2337 εἶχεν,

352 2362 439 2422 ὥστε
462 2355 684 2446 δημευθῆναι,
706 2361 867 2447 καθάπερ
890 2360 997 2424 εἴωθε
1018 2362 1198 2444 γίγνεσθαι
1222 2355 1319 2444 <ἐπί>
1340 2368 1407 2425 τῶν
1429 2358 1671 2424 maduca-(wa
1684 2373 1716 2425 11)

353 2462 523 2524 σθίντων·
552 2463 586 2522 οί
615 2458 710 2544 λόγοι
738 2459 774 2524 δέ
796 2461 844 2545 τῷ
867 2464 938 2525 ἀντι
967 2461 1206 2549 ἐδημεύθησαν
1228 2465 1276 2545 μά
1298 2455 1358 2526 Δί’
1385 2451 1443 2545 σύγ
1464 2451 1528 2527 ὑπ’
1554 2465 1605 2544 ἐχ·
1626 2469 1656 2521 11)

352 2565 459 2647 δρῶν,
483 2559 568 2624 ἀλλὰ
593 2564 659 2625 δπδ
682 2560 891 2649 τῶνφίλων·
915 2561 1011 2627 οὐδὲν
1033 2571 1151 2646 μέντοι
1172 2567 1272 2652 ἦττον
1294 2567 1351 2630 καί
1372 2573 1429 2630 νῦν
1453 2571 1609 2653 φανερῶν

352 2685 389 2728 τε
411 2665 516 2728 όντων
537 2667 595 2728 καί
616 2670 816 2748 τιμωμένων
839 2663 949 2749 ὀλίγοι
972 2664 1106 2745 ξυνιᾶσι
1126 2670 1183 2731 καί
1204 2673 1411 2748 μετέχουσιν.

878 2852 1080 2864 .-—-—-———

482 3019 555 3103 (38)
578 3013 713 3099 ΠΕΡΙ
740 3017 979 3101 ΟΜΗΡΟΥ
1008 3017 1113 3102 ΚΑΙ
1140 3019 1479 3105 ΣΩΚΡΑΤΟΥΣ
1621 3038 1745 3090 12823111

316 3268 330 3330 1
437 3250 530 3323 Ἐπεί
552 3260 656 3346 φαίνῃ
671 3260 728 3323 καί
741 3256 848 3322 τάλλα
862 3262 1062 3348 Σωκράτους
1083 3265 1130 3326 ῶν
1144 3265 1326 3350 ἐπαινέτης
1345 3267 1403 3328 καί
1423 3267 1482 3328 τδν
1504 3259 1609 3345 ἀνδρα

353 3359 621 3446 ἐκπληττόμενος
643 3364 766 3438 ἐντοῖς
783 3359 904 3445 λόγοις,
927 3366 1015 3445 ἔχεις
1028 3386 1089 3446 μοι
1104 3367 1215 3431 εἰπεῖν
1230 3371 1308 3431 δτου
1323 3367 1483 3451 μαθητὴς
1496 3369 1610 3446 γέγονε

353 3472 420 3528 τῶν
444 3472 577 3551 σοφῶν·
608 3466 724 3549 ὥσπερ
749 3463 892 3543 Φειδίας
912 3469 973 3548 μέν
1002 3466 1320 3550 όάγαλματοποιδς
1337 3459 1466 3551 Ἡγίου,
1495 3460 1607 3526 Πολύ·
1628 3475 1661 3528 25

442 3650 561 3766 1οόταόζ
578 3699 605 3755 Η
673 3697 1109 3772 1εόνουςμεοένίουςαιες.Ρ
1179 3698 1278 3770 ἅπλῶς
1295 3717 1347 3758 om.
1369 3699 1414 3757 BU
1472 3693 1611 3759 όέαυτόν

353 3816 404 3872 ΡΗ
421 3811 511 3876 αότόν
529 3817 611 3875 ueteri
680 3829 831 3893 προτείνω
848 3819 920 3886 liba,
940 3835 1010 3876 οοιτ.
1028 3819 1126 3891 Ρίίτςίε
1195 3825 1228 3875 10
1244 3814 1404 3892 &mosali
1471 3786 1611 3882 τῶνδοτέ·

355 3922 415 3975 ρων
431 3903 453 3957 P
471 3907 584 3968 (nm.
604 3907 631 3969 2)
709 3908 741 3959 11
760 3900 794 3962 τὸ
812 3903 882 3978 μηδέ
899 3904 924 3961 U
941 3921 977 3962 m.
994 3906 1078 3975 pan
1164 3906 1443 3980 πρασπαίσαντεςΒ
1514 3910 1545 3963 13
1561 3910 1611 3965 καί

353 3991 418 4044 ante
435 3981 561 4062 άλγὴσας
577 3987 640 4046 εδδ.
659 3989 683 4043 Β
700 3988 778 4047 Um.
796 4006 839 4062 pr.
857 3995 940 4054 (nunc
957 3995 1075 4056 omum)
1146 3995 1176 4047 11
1193 3993 1242 4048 καί
1258 3991 1422 4062 διαμένουσι
1439 3997 1501 4062 (pro
1518 3997 1612 4062 διαμε-

354 4075 445 4141 νοῦσι)
462 4073 500 4140 Μ,
517 4074 613 4130 om.B
683 4078 715 4130 16
732 4071 838 4133 τούτου
855 4075 886 4133 δέ
902 4075 957 4130 ΒΜ
974 4071 1080 4133 τούτου
1095 4074 1149 4145 μὲν
1165 4075 1214 4131 ΗΡ
1231 4075 1308 4142 (inu
1324 4095 1346 4146 μ
1363 4079 1391 4132 εί
1408 4096 1425 4132 ν
1441 4091 1460 4132 ι
1476 4081 1560 4144 oure.)

353 4159 439 4232 μηδὲν
455 4155 625 4233 γράψαντος
636 4158 685 4214 ΗΡ
751 4157 870 4232 χρόνον,
887 4163 942 4218 τοῦ
952 4158 988 4217 δι’
1008 4155 1099 4218 αὐτοῦ
1108 4155 1278 4236 γράψαντος
1289 4159 1410 4232 (ieelim,
1425 4160 1509 4231 (καί)
1525 4153 1611 4218 ταῦτ’

355 4236 781 4320 οόδδαότοῦγρόψαντοςοςο
887 4239 1093 4302 namna
1181 4251 1213 4303 18
1229 4239 1345 4304 ἀλλ’ίδ
1432 4242 1610 4303 19ἐπίιδδ.

353 4329 481 4387 Βείιλιὶυι
549 4334 582 4386 22
599 4331 707 4397 ξυνίασι
725 4328 806 4386 Pau
883 4329 1079 4402 μετέχσυσιΗ
1164 4335 1197 4388 13
1214 4326 1268 4405 ἔπη
1285 4330 1315 4385 Μ
1401 4326 1444 4388 τόν
1460 4346 1512 4388 om.
1531 4328 1611 4386 UBM

354 4429 450 4484 ωερε.
519 4418 553 4471 21
570 4409 647 4488 ἔχοις
663 4413 713 4471 UB
782 4419 814 4470 25
832 4415 928 4487 φιάίας
944 4415 975 4472 Μ
1039 4410 1135 4489 Ἡγίου
1151 4417 1183 4476 0.
1195 4417 1310 4474 Mueller
1330 4413 1407 4489 ἦπου
1423 4415 1505 4473 Uim
1518 4409 1613 4472 ἵππου

355 4495 412 4565 ΡΗ,
430 4512 496 4566 τιτς.
514 4498 540 4555 U
608 4493 812 4572 πολόγνωστος
828 4499 854 4556 U
872 4516 906 4555 m.
924 4517 966 4571 pr.
