3466 5268
320 299 362 360 40
686 299 811 357 ⁰10le
828 301 879 356 ΑΙ)
897 298 1199 357 ΝΙΟΟΜΕΒΙΕΝθΕθ

319 474 468 557 μάλιστα
493 473 529 539 δὲ
552 476 646 560 παρὰ
669 481 741 552 τοῖς
760 467 938 557 Ῥωμαίοις
958 473 1088 559 γέλωτα
1110 480 1201 539 κινεῖ
1218 477 1274 538 καί
1288 471 1441 540 καλεῖται
1462 480 1501 540 τὸ
1524 480 1578 543 ἔτι

320 579 600 663 ὑβριστικώτερον
619 571 788 663 Ἑλληνικά
805 579 1038 664 ἁμαρτήματα.
1082 579 1139 641 καί
1153 579 1215 662 γάρ
1232 579 1325 640 ἔστιν
1340 578 1576 665 ἁμαρτήματα,

321 677 439 764 ἄνδρες
462 676 679 765 Νικομηδεῖς,
702 677 859 765 άληθῶς,
883 672 959 742 ἀλλ’
985 679 1043 759 οδχ
1061 671 1247 765 Ἑλληνικά,
1270 681 1302 741 εί
1322 682 1367 765 μή
1391 673 1466 743 κατ’
1493 684 1575 745 αότδ

320 791 419 845 τοῦτο
444 775 613 867 Ἑλληνικά
643 783 747 869 φήσει
775 803 828 858 τις
857 783 941 844 αὐτά
972 780 1076 859 εἶναι,
1104 775 1189 845 καθ’
1220 785 1301 845 δσον
1328 783 1451 846 έκεῖνοι
1474 781 1576 870 δόξης

320 887 589 972 ἀντεποιήσαντό
626 904 711 948 ποτε
745 886 803 947 καί
825 877 1007 970 Ἀθηναῖοι
1035 887 1092 948 καί
1120 882 1402 965 Λακεδαιμόνιοι.
1463 886 1505 947 τὰ
1535 884 1614 949 δὲῡ

320 989 454 1052 ἐκείνων
483 987 582 1052 εἶπον
610 984 673 1073 ήδη
705 1007 772 1051 που
800 989 857 1050 καί
885 990 1051 1072 πρότερον
1080 989 1133 1050 ότι
1159 990 1204 1074 μή
1228 984 1389 1065 κενόδοξα
1412 983 1468 1072 ἡν,
1496 980 1574 1050 ἀλλ’

319 1091 406 1174 ὑπὲρ
429 1090 531 1176 ἀρχῆς
553 1088 705 1176 ἀληθοῦς
727 1073 834 1173 ἀγών·
857 1092 889 1152 εί
909 1091 954 1176 μή
978 1111 1012 1153 τι
1034 1097 1091 1153 νῦν
1114 1088 1242 1154 δοκεῖτε
1265 1091 1386 1166 αὐτοὺς
1408 1093 1494 1174 ὑπὲρ
1517 1099 1577 1176 τῆς

322 1193 568 1277 προπομπείας
589 1190 700 1268 καλῶς
723 1188 964 1276 ἀγωνίζεσθαι,
986 1193 1147 1278 καθάπερ
1163 1194 1199 1255 έν
1213 1194 1388 1278 μυστηρίῳ
1406 1194 1474 1256 τινί
1495 1195 1577 1255 παί-

269 1297 310 1361 39
323 1290 440 1370 ζοντας
462 1296 548 1377 ὑπὲρ
572 1291 751 1380 ἀλλοτρίου
774 1297 982 1379 πράγματος.
1020 1296 1061 1357 άν
1078 1291 1113 1357 δὲ
1130 1297 1168 1357 τό
1182 1296 1244 1374 μὲν
1258 1302 1318 1380 τὴς
1332 1293 1578 1380 μητροπόλεως

319 1397 397 1476 ὑμῖν
427 1399 533 1477 όνομα
557 1393 728 1482 ἐξαίρετον
749 1378 789 1481 ᾗ,
818 1399 857 1459 τό
881 1394 916 1460 δέ
940 1403 1007 1459 τῶν
1029 1399 1208 1481 πρωτείων
1229 1398 1342 1459 κοινόν
1363 1378 1404 1481 ᾖ,
1432 1399 1468 1459 τί
1487 1399 1573 1460 κατά
1598 1408 1628 1460 1⁰

320 1507 419 1560 τοῦτο
448 1495 674 1576 ἐλαττοῦσθε·
709 1501 774 1582 ἐγὼ
803 1500 865 1581 μὲν
893 1500 956 1583 γάρ
983 1495 1193 1584 τολμήσαιμι
1221 1501 1262 1561 άν
1290 1501 1402 1561 εἰπεῖν
1430 1500 1484 1561 δτι
1514 1501 1577 1563 κάν
1593 1513 1707 1564 ‹nonu›

321 1603 459 1663 πάντων
482 1595 618 1687 ίκστὴτε
638 1607 706 1664 τῶν
729 1603 915 1682 ὀνομάτων,
938 1597 1075 1677 οόδενός
1096 1597 1282 1678 ἐξίστασθε
1305 1603 1513 1686 πράγματος.
1557 1603 1577 1686 ἡ

319 1703 354 1764 τί
377 1699 505 1766 δοκεῖτε
534 1704 627 1788 παρά
656 1710 775 1780 τοῦτο,·
802 1705 862 1788 τήν
884 1699 1062 1767 θάλατταν
1091 1705 1320 1788 ἀναχωρήσειν
1349 1694 1415 1788 ἀφ’
1441 1703 1533 1783 ὑμῶν
1556 1705 1575 1790 ἡ

320 1807 379 1891 τὴν
401 1813 461 1892 γῆν
482 1807 561 1885 ὑμῖν
583 1806 730 1868 ἔσεσθαι
750 1811 951 1890 μικροτέραν
969 1808 988 1893 ἡ
1005 1807 1067 1881 τάς
1083 1801 1276 1890 προσόδους
1290 1802 1491 1882 έλάττονας,·
1512 1802 1575 1892 ἡδη

321 1908 405 1969 ποτὲ
429 1908 517 1982 θέας
537 1905 754 1989 μετελάβετε,
776 1904 903 1989 μᾶλλον
919 1904 955 1971 δὲ
970 1911 1074 1988 μόνον
1090 1908 1163 1987 οὐχί
1183 1898 1267 1969 καθ’
1292 1910 1435 1992 έκάστην
1449 1912 1578 1993 ἡμέραν
1602 1915 1632 1968 1⁰

321 2010 455 2073 θεοῖσθε
482 2011 540 2072 καὶ
567 2011 645 2086 τούς
674 2006 867 2094 τραγῳδούς
895 2011 952 2072 καί
973 2011 1052 2086 τούς
1080 2005 1218 2087 ἄλλους,
1247 2011 1324 2072 όσοι
1353 2006 1492 2073 δοκοῦσι
1513 2013 1575 2091 μέν
1590 2023 1683 2074 1181111)

320 2108 443 2198 ἡδονής
457 2116 565 2176 ἕνεκεν
579 2114 636 2175 καί
650 2117 804 2197 τέρψεως
820 2113 870 2187 είς
884 2112 946 2187 τάς
962 2113 1085 2198 σκηνάς
1100 2117 1272 2196 παριέναι,
1295 2113 1374 2186 τούς
1390 2109 1426 2174 δέ
1447 2112 1574 2174 αἰσθα-

321 2219 480 2295 νομένους
501 2221 569 2277 τῶν
591 2219 794 2297 γιγνομένων
810 2211 1018 2300 ὠφελοῦσιν·
1041 2206 1097 2298 ἆρ’
1117 2214 1174 2277 οδν
1189 2215 1263 2278 ἐκεῖ
1272 2234 1325 2289 τις
1340 2216 1418 2294 ὑμῖν
1434 2210 1576 2300 ἀληθῶς

270 2319 311 2381 4⁰
324 2316 413 2380 εἶναι
435 2314 531 2381 δοκεῖ
547 2314 707 2398 βασιλεδς
728 2318 748 2402 ἢ
772 2319 934 2401 τύραννος
954 2318 974 2403 ἡ
998 2318 1101 2394 θεός,·
1121 2317 1234 2379 καίτοι
1255 2323 1361 2378 ταῦτα
1384 2317 1496 2378 πάντα
1518 2337 1576 2378 κα-

322 2417 458 2482 λοῦνται
479 2421 535 2482 καί
556 2416 731 2482 Μενέλαοι
752 2421 809 2482 καὶ
826 2410 1086 2500 Ἀγαμέμνονες,
1115 2419 1172 2482 καί
1201 2419 1259 2480 οάκ
1292 2421 1442 2498 δνόματα
1469 2421 1573 2498 μόνον
1596 2429 1626 2480 2⁰

320 2523 435 2601 έχουσι
446 2521 539 2584 θεῶν
550 2522 607 2583 καί
620 2523 749 2606 ἡρώων,
766 2517 851 2583 ἀλλὰ
865 2523 923 2584 καί
937 2524 1109 2604 πρόσωπα
1121 2523 1178 2584 καί
1189 2517 1322 2600 στολάς,
1337 2522 1393 2583 καὶ
1403 2519 1578 2584 κελεύουσι

321 2618 448 2700 πολλά,
478 2624 524 2699 ὡς
546 2625 685 2686 ἐκεῖνοι·
715 2630 777 2684 τοῦ
798 2619 834 2685 δέ
862 2625 1055 2708 ποιήματος
1078 2621 1360 2700 συντελεσθέντος
1389 2626 1515 2688 ἀπίασι
1537 2626 1575 2686 τό

321 2720 426 2808 μηδὲν
442 2727 545 2799 όντες.
584 2719 819 2804 ὀνομάζεσθαί
832 2746 886 2800 τις
900 2721 999 2788 θέλει
1015 2731 1164 2810 πρῶτος·
1187 2727 1285 2788 ἔστω.
1324 2729 1493 2810 πρωτεύει
1507 2738 1575 2800 τις·

320 2828 381 2889 κάν
403 2823 506 2902 ἄλλος
528 2822 742 2912 ὀνομάζηται,
765 2830 902 2912 πρῶτός
923 2829 1026 2891 ἐστιν.
1065 2829 1103 2890 οδ
1125 2829 1187 2913 γάρ
1210 2829 1252 2891 τά
1275 2830 1425 2909 όνόματα
1441 2829 1578 2902 πίστεις

269 2934 307 2996 41
324 2936 390 2991 τῶν
412 2931 620 3012 πραγμάτων
642 2931 727 3005 είσί,
757 2931 798 2992 τά
828 2926 864 2992 δὲ
895 2933 1078 3014 πράγματα
1106 2931 1163 2994 καί
1191 2936 1258 2994 τῶν
1288 2932 1472 3011 ὀνομάτων.
1527 2930 1580 2993 έτι
1602 2941 1632 2992 ⁰5

320 3031 432 3093 τοίνυν
454 3031 587 3093 κάκεῖνο
617 3028 805 3113 λογίσασθε
836 3033 874 3094 τδ
904 3034 939 3093 έκ
967 3040 1027 3118 τῆς
1055 3033 1218 3112 ὁμονοίας
1243 3036 1474 3118 γενησόμενον.
1519 3041 1576 3095 νῦν

319 3135 380 3212 μὲν
402 3135 539 3195 ἕκαστοι
566 3135 645 3208 τούς
667 3137 795 3197 ἑαυτῶν
818 3130 944 3217 ἄνδρας
966 3135 1072 3214 έχετε·
1101 3136 1142 3196 ἂν
1165 3131 1201 3198 δὲ
1223 3131 1468 3221 καταλλαγῆτε,
1497 3136 1577 3210 τοδς

321 3231 474 3320 ἀλλήλων
502 3231 606 3312 ἕξετε·
636 3237 693 3298 καὶ
721 3236 782 3311 τὰς
811 3231 1011 3322 φιλοτιμίας
1040 3233 1110 3314 (δεῖ
1132 3237 1194 3320 γάρ
1226 3238 1283 3298 καί
1311 3239 1440 3299 τούτων
1464 3234 1576 3314 πόλει)

322 3333 508 3412 διπλασίας
523 3337 671 3400 τίθεσθε
686 3339 743 3401 καί
757 3338 819 3413 τάς
834 3339 1031 3423 ὑπηρεσίας.
1073 3335 1179 3422 λέγειν
1195 3360 1248 3415 τις
1271 3335 1381 3415 δεινός
1396 3340 1470 3401 ἐστι
1486 3328 1573 3421 παρ’

320 3441 417 3518 ὑμῖν,
438 3439 611 3514 κάκείνους
626 3437 806 3525 ὠφελήσει.
844 3437 1011 3516 πλούσιός
1025 3461 1078 3516 τις
1093 3433 1178 3526 παρ’
1204 3442 1345 3516 ἐκείνοις
1359 3441 1454 3516 έστί,·
1473 3460 1574 3525 χορη-
1596 3452 1626 3504 111

272 3607 282 3618 ,
320 3541 416 3626 γήσει
437 3543 494 3604 καί
516 3532 601 3626 παρ’
626 3543 714 3623 ὑμῖν.
765 3539 917 3605 καθόλου
948 3539 984 3606 δέ
1015 3539 1124 3618 οόδείς
1155 3543 1231 3606 οδτε
1260 3545 1301 3605 άν
1329 3539 1425 3620 άξιος
1447 3545 1494 3605 ὢν
1516 3549 1579 3604 τοῦ

410 3795 556 3850 1καλε1τε
574 3790 605 3846 Μ
672 3788 1168 3861 3καθάὓτδ111)τ1,εοττ.1λεῑείιε
1236 3791 1360 3847 malim
1376 3790 1508 3850 κάκεῖνοι

322 3881 354 3932 10
372 3878 510 3947 προτίων
527 3877 557 3931 111
611 3881 639 3932 11
659 3874 852 3936 ἐλαττοῦσθαι
870 3877 899 3932 Μ
959 3882 988 3934 13
1006 3879 1036 3934 τί
1053 3878 1124 3933 delet
1142 3876 1270 3945 cobetun,
1286 3877 1396 3932 sublata
1412 3881 1575 3948 ροελταῡτο

320 3962 539 4031 interpunctione
610 3967 641 4018 14
660 3963 893 4037 σμικροτέρανΒ
969 3962 1154 4018 scribendum:
1173 3962 1201 4020 εἰ
1216 3956 1248 4034 δή
1266 3979 1348 4028 ποτε,
1366 3962 1474 4018 sublato
1491 3961 1576 4018 inter·

321 4047 470 4113 nomionis
488 4047 566 4117 signo
583 4053 648 4118 post
665 4039 839 4122 μετελάβετε
926 4051 957 4103 1⁰
974 4046 1153 4120 μεταλάβετε
1170 4048 1199 4102 Μ
1306 4050 1336 4102 17
1355 4043 1443 4120 κηνάς
1460 4048 1490 4103 Μ

322 4136 352 4187 18
370 4131 577 4204 γινομένωνδί
662 4123 721 4205 δρα
738 4133 811 4189 ⁰13⁰
910 4129 978 4205 1⁰⁰
994 4131 1066 4199 θεὸς
1082 4131 1178 4190 onn'l'
1282 4135 1313 4188 ⁰1
1333 4136 1382 4191 ιιαί
1400 4127 1575 4207 δηριόωνται.

321 4217 395 4273 ⁰⁰⁰
498 4222 531 4273 24
547 4221 664 4289 καίρια
681 4214 738 4276 κδν
754 4217 785 4272 M
889 4209 1063 4289 ὀνομάζεται
1081 4219 1152 4285 libri,
1171 4233 1242 4274 corr.
1260 4217 1340 4289 Emp.
1445 4222 1576 4299 πρώτης

321 4298 441 4360 ἔστινῦ
543 4304 638 4370 πίστις
660 4303 735 4359 UBT
836 4307 870 4358 2⁵
889 4303 1007 4360 mulsei:
1030 4299 1067 4361 τά
1091 4302 1122 4362 δὲ
1146 4297 1297 4376 πράγματ’
1319 4298 1407 4379 α’ρχαί
1430 4308 1490 4362 τῶν
1507 4297 1576 4362 δνο·

320 4385 421 4458 μάτων
499 4392 532 4444 2⁰
550 4389 668 4446 τίθεσθε
686 4388 766 4458 Emp.
784 4389 920 4446 τίθεσθαι
937 4388 1010 4446 UBT
1027 4390 1125 4448 τίθετε
1143 4390 1173 4445 Μ
1265 4394 1295 4446 31
1316 4385 1354 4448 δν
1370 4387 1451 4458 ἄξιος
1467 4391 1576 4460 ιεείρτί,

321 4469 438 4542 άνάξιος
454 4473 516 4530 libri
533 4471 613 4540 άξιος
630 4474 709 4544 Ετορ.
