3476 5264
311 399 374 458 244
746 396 868 454 Diouis
883 395 936 452 DE
954 395 1136 454 AVARITIA

315 573 373 638 οδν
396 571 452 637 δεῖ
469 573 665 659 κτήσασθαι
687 574 746 658 τὴν
770 569 911 652 δύναμιν
934 570 1029 655 παρά
1050 579 1111 657 τῆς
1133 567 1307 657 Μηδεέας,
1334 577 1491 635 τουτέστι
1512 581 1578 658 τῆς

317 679 523 763 φρονήσεως,
547 673 708 757 λαβόντα,
730 675 787 737 καὶ
808 676 847 736 τδ
872 670 994 736 λοιπόν
1017 674 1178 735 ἁπάντων
1199 679 1435 757 καταφρονεῖν.
1481 675 1512 737 εἰ
1536 671 1575 737 δέ

314 781 371 862 μή,
395 781 507 840 πάντα
532 785 599 860 πῦρ
621 781 701 862 ημῖν
722 779 780 839 καὶ
801 778 914 838 πάντα
937 777 1064 839 ἄϋπνοι
1086 773 1273 860 δράκοντες.

262 885 297 947 1¹
398 881 511 942 καίτοι
532 886 599 942 τῶν
623 877 841 960 λυπουμένων
869 881 1010 953 ἕκαστος
1040 876 1131 960 αύτῷ
1158 879 1197 940 τδ
1228 879 1435 962 συμβεβηκός
1465 897 1575 965 φησιν

312 981 400 1045 εἶναι
423 978 616 1044 δεινότατον
643 983 700 1044 καλ
721 977 870 1062 μάλιστα
899 977 995 1057 άξιον
1025 975 1147 1064 λύπης·
1176 981 1233 1042 καὶ
1260 980 1322 1063 γάρ
1352 987 1418 1043 τῶν
1448 984 1613 1067 φανόν-ι

312 1105 379 1147 των
402 1086 552 1160 ἕκαστος,
576 1083 595 1144 δ
618 1087 725 1169 φόρει,
748 1073 841 1144 τοῦτ’
867 1080 955 1144 εἶναι
971 1078 1068 1144 δοκεῖ
1077 1082 1276 1165 βαρύτατον.
1314 1083 1389 1145 έστι
1412 1079 1448 1145 δὲ
1464 1083 1573 1146 δοθε-

314 1193 391 1260 νοῦς
414 1187 592 1248 τοῦτοκαὶ
615 1182 746 1269 φαύλου
778 1186 952 1264 σώματος·
981 1186 1020 1245 τδ
1050 1183 1113 1267 γάρ
1143 1183 1223 1246 αδτδ
1253 1187 1367 1270 ἔτερος
1396 1182 1508 1267 λαβὼν
1531 1187 1574 1248 δν

314 1289 529 1372 ἰσχυρότερος
550 1284 679 1372 ῥᾳδίως
702 1285 800 1350 οἴσει.

844 1456 1041 1466 -.--,

581 1673 654 1755 (67)
682 1671 837 1760 ΠΕΡΙ
864 1669 1297 1755 ΠΛΕΟΝΕΞΙΑΣ.
1590 1702 1685 1754 rrum

893 1847 992 1856 ——-

276 1983 292 2043 1
407 1965 451 2030 Οἱ
471 1968 532 2048 μὲν
556 1963 680 2030 πολλοὶ
707 1973 774 2028 τῶν
804 1967 1001 2052 ἀνθρώπων
1031 1967 1115 2049 ὑπὲρ
1144 1967 1273 2029 τούτων
1304 1964 1436 2030 οἴονται
1466 1963 1574 2049 λέγειν

317 2065 384 2152 (τῷ
409 2065 590 2155 φιλοσόφῳ
615 2064 819 2154 προσήκειν)
845 2070 932 2152 ὑπὲρ
962 2066 1008 2130 ὥν
1037 2071 1178 2143 ἕκαστος
1208 2068 1266 2130 ούκ
1287 2069 1357 2149 ἔχει
1378 2071 1438 2154 τὴν
1461 2066 1575 2156 ἀληθῆ
1602 2075 1633 2127 1ο

320 2169 431 2250 δόξαν,
454 2173 550 2247 δπως
572 2171 775 2246 ἀκούσαντες
797 2173 883 2256 ὑπὲρ
907 2169 954 2233 ὥν
976 2171 1137 2252 ἀγνοοῦσι
1157 2171 1318 2250 μάθωσι·
1347 2172 1429 2255 περὶ
1449 2168 1486 2234 δὲ
1508 2179 1577 2235 τῶν

316 2277 494 2362 γνωρίμων
515 2276 572 2338 καλ
594 2281 699 2338 πᾶσιν
722 2276 849 2356 δμοίως
872 2278 1086 2360 φαινομένων
1110 2276 1269 2358 περιττόν
1288 2273 1377 2340 εἶναι
1392 2271 1574 2338 διδάσκειν.

319 2379 384 2461 ἐγὼ
409 2374 445 2439 δὲ
468 2379 499 2440 εἰ
520 2379 581 2458 μέν
604 2380 719 2462 ἐώρων
740 2382 829 2463 ημᾶς
853 2377 905 2452 οῖς
928 2371 1106 2456 νομίζομεν
1129 2377 1246 2460 ὀρθῶς
1261 2377 1348 2456 ἔχειν
1371 2378 1577 2457 ἐμμένοντας

316 2483 374 2543 καὶ
394 2478 498 2564 μηδὲν
521 2476 652 2556 ἔξωθεν
675 2483 889 2560 πράττοντας
911 2487 970 2564 τῆς
998 2481 1216 2564 ὑπαρχούσης
1243 2475 1467 2565 ὑπολήψεως,
1498 2471 1574 2542 ούδ’

317 2583 358 2646 ἂν
381 2583 483 2656 αύτδς
505 2573 599 2666 η’)’μην
622 2583 803 2663 ἀναγκαῖον
826 2581 916 2645 εἶναι
937 2577 1180 2644 διατείνασθαι
1202 2583 1282 2666 περὶ
1303 2589 1371 2644 τῶν
1386 2576 1577 2666 προδήλων.
1603 2590 1634 2640 15

278 2697 298 2757 2
320 2685 398 2746 όπελ
420 2679 456 2745 δὲ
480 2684 553 2762 ούχλ
566 2685 626 2769 τὴν
642 2684 781 2765 άγνοιαν
796 2688 883 2768 ημᾶς
898 2690 965 2746 τῶν
980 2684 1122 2764 ἀγαθῶν
1136 2686 1193 2747 καὶ
1207 2690 1275 2746 τῶν
1289 2691 1398 2746 κακῶν
1413 2691 1578 2746 τοσοῦτον

322 2787 389 2870 δρῶ
414 2781 586 2848 λυποῦσαν
614 2789 696 2849 δσον
724 2788 762 2848 τδ
790 2788 835 2871 μη
860 2786 1057 2849 πείθεσθαι
1084 2791 1158 2862 τοῖς
1186 2788 1271 2871 ύπδρ
1303 2789 1432 2850 τούτων
1461 2782 1576 2850 διαλο·
1590 2797 1672 2848 (mn
1681 2796 1715 2848 11)

319 2893 456 2970 γισμυῖς
482 2884 567 2973 μηδὲ
590 2885 793 2952 ἀκολουθεῖν
817 2887 872 2964 αἷς
894 2890 1012 2969 ἔχομεν
1036 2889 1133 2952 αύτολ
1161 2885 1295 2968 δόξαις,
1317 2886 1463 2974 μεγάλην
1487 2889 1577 2974 ὠφέ-

320 2987 413 3053 λειαν
435 2995 581 3076 ἡγοῦμαι
595 2993 634 3053 τδ
659 2998 803 3072 συνεχῶς
825 2992 1089 3076 ἀναμιμνήσκειν
1111 2993 1168 3055 καὶ
1190 2989 1247 3056 διά
1269 2999 1332 3054 τοῦ
1352 2989 1451 3074 λόγου
1467 3010 1578 3076 παρα-

319 3091 433 3156 καλεῖν
450 3095 536 3177 πρδς
551 3095 590 3156 τδ
607 3094 803 3158 πείθεσθαι
817 3096 874 3158 καλ
890 3091 1072 3180 φυλάττειν
1087 3096 1172 3180 έργῳ
1189 3097 1227 3157 τδ
1244 3103 1425 3181 προσηκον.
1462 3095 1579 3179 ὥσπερ
1602 3101 1636 3152 2⁰

320 3197 383 3279 γάρ
408 3194 582 3276 οἶμαικαὶ
603 3198 682 3271 τούς
705 3197 843 3280 ἰατρούς
864 3199 921 3260 καλ
941 3199 1021 3272 τούς
1043 3197 1245 3282 κυβερνήτας
1268 3199 1398 3283 δρῶμεν
1414 3193 1580 3270 πολλάκις

320 3298 363 3360 τά
386 3297 471 3362 αὐτά
493 3301 789 3382 προστάττοντας,
817 3301 932 3362 καίτοι
953 3303 991 3362 τδ
1015 3307 1153 3387 πρῶτον
1174 3301 1367 3385 ἀκηκοότων
1390 3298 1442 3374 οἷς
1465 3299 1506 3362 δν
1527 3318 1579 3360 κε·

323 3395 480 3476 λκύωσιν,
504 3392 606 3484 [ἀλλ’]
629 3399 771 3464 ἐπειδάν
802 3397 1009 3483 ἀμελοῦντας
1037 3403 1159 3478 αὐτούς
1187 3404 1244 3465 καὶ
1271 3404 1317 3488 με)
1348 3405 1579 3485 προσέχοντας

321 3498 505 3584 βλέπωσιν,
530 3503 637 3578 ούτως
658 3507 715 3567 καὶ
736 3506 820 3567 κατά
843 3507 902 3567 τδν
923 3505 999 3585 βῖον
1018 3507 1184 3589 χρήσιμόν
1206 3506 1281 3567 ἐστι
1300 3504 1481 3586 γίγνεσθαι
1496 3498 1579 3564 πολ-

323 3601 417 3680 λάκις
439 3607 519 3690 περὶ
540 3612 608 3667 τῶν
631 3607 740 3669 αὐτῶν
762 3610 841 3682 τούς
865 3605 992 3689 λόγους,
1015 3609 1095 3670 όταν
1118 3604 1238 3670 εἰδῶσι
1251 3609 1313 3687 μὲν
1336 3608 1371 3669 οὶ
1392 3603 1516 3668 πολλοὶ
1537 3605 1576 3666 τδ
1599 3613 1631 3665 5

410 3827 420 3876 i
441 3819 473 3895 δὴ
491 3837 542 3892 pro
560 3827 602 3880 δεῖ
619 3823 642 3877 Β
711 3827 726 3878 3
745 3819 864 3882 πάντων
881 3823 912 3879 Μ
991 3825 1123 3881 imitor
1140 3853 1172 3862 —
1191 3827 1206 3877 8
1226 3821 1300 3881 οἴσει
1316 3837 1405 3892 uuquu
1422 3837 1483 3876 curu
1501 3825 1581 3877 rutu-

325 3905 482 3962 urduutibuu
504 3908 572 3966 satir
594 3909 755 3976 cohaerent,
783 3925 871 3981 uequu
892 3909 1054 3965 senteutiam
1077 3909 1185 3981 plenam
1208 3913 1236 3963 ut
1258 3907 1412 3963 absolutum
1430 3907 1580 3962 continent

322 3992 419 4047 ultima
435 3992 499 4048 indu
515 3994 551 4049 ub
570 3989 629 4052 ἔστι
647 3994 677 4053 δὲ
694 4000 743 4050 aut
758 3996 835 4052 τάδε
854 3999 984 4065 corrupta
1001 3997 1066 4049 suut
1083 3999 1133 4050 rut
1149 3992 1266 4048 uDiuuu
1276 3991 1374 4048 ulieuu
1403 4005 1491 4060 uuquu
1508 3989 1582 4045 euim

322 4077 446 4148 corporis
463 4079 529 4135 uitio
546 4080 586 4146 fit,
603 4086 635 4136 ut
651 4081 772 4137 homiues
791 4095 861 4151 quau
877 4081 932 4150 ipsi
948 4080 1067 4135 tulerunt
1083 4078 1206 4149 pondera
1222 4077 1382 4147 gravissimu
1403 4079 1510 4147 putent

322 4155 411 4221 αύταῑι
428 4163 454 4221 U
522 4170 539 4221 9
557 4170 615 4223 δεῖν
631 4165 693 4222 αδδ
711 4167 828 4223 casaub.
846 4172 911 4222 unte
927 4165 1028 4238 λέγειν,
1046 4163 1093 4220 sud
1110 4161 1266 4219 necessario
1284 4161 1432 4232 requiritur
1448 4173 1584 4232 perronae

323 4250 434 4320 mentio,
452 4251 497 4306 eui
515 4251 610 4306 orandi
628 4251 747 4307 officium
764 4252 927 4323 imponitur;
951 4256 1042 4322 potunt
1064 4250 1144 4306 utiam
1161 4244 1229 4322 ἡμῖν
1246 4243 1404 4323 προσήκειν
1421 4245 1512 4304 scribi.

324 4337 357 4388 13
374 4326 402 4392 δ’
420 4337 448 4392 ελ
464 4335 490 4393 U
506 4340 550 4394 δεῖ
566 4335 597 4390 Μ
671 4331 746 4410 ἡμᾶς
763 4337 861 4406 scripsi
878 4353 939 4391 cum
958 4336 982 4391 T
999 4339 1027 4391 ut
1043 4335 1153 4403 vulgatu
1170 4339 1234 4390 unte
1252 4333 1341 4404 Eup„
1358 4326 1432 4402 δμᾶς
1450 4329 1530 4387 UBM

325 4421 356 4472 ιε
375 4413 449 4490 ἦμες
466 4420 489 4475 Τ
507 4426 536 4476 α
553 4422 662 4494 πόρια
679 4427 743 4478 ante
760 4421 851 4492 Eup..
868 4415 942 4492 ὑμᾶς
954 4421 1032 4477 σοκ
1086 4425 1116 4474 ιτ
1129 4423 1271 4477 uisurum
1283 4419 1313 4473 α
1368 4422 1398 4473 ιε
1416 4413 1543 4485 aierem

324 4506 356 4558 κδ
374 4497 444 4561 άλλ’
461 4507 572 4576 εεεωιίς
590 4511 684 4579 potest
699 4507 811 4563 retineri
823 4507 846 4562 εἰ
862 4507 881 4563 l.
896 4510 928 4562 ²2
946 4506 1095 4562 scribatur:
1113 4508 1211 4563 καίτοι
1223 4501 1258 4563 τὸ
1271 4509 1390 4580 πρῶτον
1401 4500 1455 4575 (μὴ
1468 4501 1580 4576 ααρ>α·

323 4585 477 4663 κηκοότων
546 4597 578 4648 25
596 4593 691 4653 εἰδῶσι
710 4593 836 4660 Cebetas,
854 4593 934 4653 λ’δωσι
950 4592 1014 4648 libri
