3520 5270
651 348 789 408 ORATIO
806 348 903 405 LXVI.
1348 349 1409 410 165

147 523 388 610 χαλεπωτέρας
412 520 544 609 πληγάς
564 531 633 586 τῶν
656 526 705 599 είς
735 527 773 587 τδ
805 533 901 605 σῶμα
930 527 1043 588 καίτοι
1072 527 1152 601 τούς
1179 528 1240 606 μὲν
1269 526 1411 606 ἀτίμους

153 629 210 691 ούκ
232 629 274 691 ἀν
296 629 389 712 εύροι
411 647 464 702 τις
486 623 615 711 ῥαδίως
636 628 706 688 ύπό
727 645 820 703 τινος
835 635 936 690 τοῦτο
952 629 1162 707 πάσχοντας·
1185 631 1223 690 τδ
1240 630 1302 711 γάρ
1319 649 1411 709 νεμε·

154 733 256 816 σητδν
279 731 313 792 οί
335 726 459 792 πολλοί
479 731 536 792 καί
557 730 616 791 τδν
632 728 766 814 φθόνον
782 725 1002 803 εὐλαβοῦνται
1022 731 1079 792 καί
1100 732 1139 792 τδ
1162 726 1354 794 τελεοταῖον
1376 733 1412 793 ἐκ

154 840 221 894 τῶν
244 833 502 915 ἀσθενεστέρων
525 831 641 906 αύτοῖς
664 826 776 905 ούδείς
798 832 872 893 ἐστι
893 828 1055 907 κίνδυνος.
1106 840 1168 895 τοῦ
1189 829 1225 895 δέ
1258 830 1411 919 βλασφη-

120 949 133 998 ι
154 940 230 1016 μεῖν
251 931 400 1016 μάλιστα
422 935 502 1008 τούς
525 930 706 1008 δοκοῦντας
727 929 884 1010 ἐνδόξους
908 930 1018 1009 οὐδείς
1047 932 1203 1020 φείδεται
1233 932 1309 997 ούδέ
1333 932 1411 997 ἀδύ-

153 1056 254 1113 νατος
272 1028 383 1112 οἰδελς
395 1028 548 1117 (οὕτως),
571 1037 666 1109 ὅστις
681 1025 741 1096 ούκ
755 1036 796 1098 ἀν
813 1035 950 1114 ίσχύσαι
965 1039 1055 1122 ῥῆμα
1071 1038 1191 1101 εἰπεῖν.
1230 1044 1409 1122 τοιγαροῦν
1423 1037 1463 1101 16

153 1143 291 1224 μέτριός
312 1159 364 1214 τις
386 1146 453 1201 τῶν
475 1139 623 1222 ἀρχαίων
646 1143 790 1217 συνεχῶς
812 1157 904 1214 τινος
920 1129 1010 1221 αὐτῷ
1027 1145 1285 1226 προσφέροντος
1300 1141 1411 1201 τοιού·

20 1254 140 1307 {sunm
154 1262 234 1318 τοος
257 1240 385 1325 λόγους,
408 1241 449 1302 Ei
469 1242 513 1325 μὴ
539 1242 654 1324 παύση
677 1247 786 1315 κακῶς
809 1241 940 1303 ἀκούων
955 1243 1041 1326 ὑπέρ
1058 1245 1149 1323 ἐμοῦ,
1170 1245 1272 1324 κάγώ,
1297 1259 1411 1328 φησιν,

155 1346 241 1427 ύπέρ
265 1350 329 1406 σοῦ
340 1350 449 1418 κακῶς
464 1343 662 1422 ἀκούσομαι.
710 1337 845 1422 βέλτιον
868 1339 905 1404 δέ
929 1341 1013 1418 ἴσως
1034 1339 1074 1427 ἦν
1094 1343 1180 1430 μηδέ
1203 1346 1235 1408 εί
1251 1342 1339 1427 λέγει
1353 1347 1413 1431 την

109 1455 137 1507 1⁰
159 1447 262 1531 ἀρχὴν
284 1445 570 1529 προσποιεῖσθαι.
658 1447 717 1506 τδν
733 1445 864 1528 οἰκέτην
880 1440 1045 1522 πολλάκις
1065 1449 1240 1528 ἀνειμένον
1254 1450 1311 1511 καί
1333 1449 1413 1510 παί-

155 1543 253 1625 ζοντα
278 1549 296 1610 ό
319 1545 488 1633 δεσπότης
512 1546 709 1631 περιπεσὼν
736 1544 866 1609 κλαίειν
887 1549 1048 1633 έποίησε·
1077 1550 1137 1611 τδν
1167 1546 1203 1611 δέ
1231 1558 1291 1636 τη’ς
1314 1546 1414 1634 δόξης

153 1651 277 1734 ἠττονα
301 1651 319 1711 δ
339 1646 544 1731 βουλόμενος
568 1650 617 1712 ένί
638 1650 764 1734 (λήματι
787 1647 1007 1713 συνέστειλεν.
1046 1649 1081 1713 εἴ
1098 1671 1152 1726 τις
1173 1649 1311 1733 έπηιδδς
1334 1652 1413 1736 ηπί-

157 1770 258 1815 στατο
281 1755 443 1828 τοιαύτας
465 1752 560 1836 παρὰ
583 1760 642 1838 τῆς
658 1748 816 1836 Μηδείας
837 1752 963 1832 μαθὼν
984 1754 1004 1839 ἢ
1029 1754 1123 1836 παρά
1139 1759 1207 1816 τῶν
1224 1751 1413 1830 Θετταλῶν,

156 1857 243 1917 ὥστε
267 1855 501 1941 φθεγγόμενος
522 1861 589 1916 τῶν
617 1854 815 1937 ἀνθρώπων
846 1855 903 1930 ούς
932 1852 1037 1940 ἤθελε
1068 1862 1182 1918 ποιεῖν
1209 1854 1338 1919 κλαίειν
1358 1856 1415 1917 καί

108 1964 137 2015 li
158 1954 350 2020 ὀδυνᾶσθαι
369 1953 513 2040 μηδενὸς
533 1963 638 2032 κακοῦ
659 1958 845 2037 παρόντος,
876 1948 934 2018 ούκ
956 1958 998 2020 ἀν
1019 1954 1130 2020 έδόκει
1151 1960 1305 2042 τυραννίς
1326 1956 1416 2020 εἶναι

156 2063 175 2144 η
199 2061 320 2121 τούτου
345 2055 504 2138 δύναμις;
526 2059 614 2141 πρὸς
637 2057 695 2120 σύν
718 2060 776 2120 τόν
799 2059 858 2120 έπί
882 2055 961 2144 δόξῃ
984 2064 1233 2140 κεχαυνωμένον
1248 2052 1307 2121 οὐκ
1322 2060 1415 2121 ἐστιν

159 2153 269 2235 οὐδείς
292 2160 329 2235 ὃς
352 2151 411 2222 ούκ
433 2161 501 2238 ἔχει
515 2161 640 2245 ταύτην
655 2161 715 2244 τήν
731 2160 835 2238 ίσχύν.
875 2157 934 2223 δύο
950 2162 1012 2245 γάρ
1027 2163 1047 2247 ἢ
1063 2163 1141 2247 τρία
1156 2165 1289 2248 (λήματα
1305 2162 1413 2224 εἰπὼν
1427 2163 1464 2224 17

159 2263 209 2337 είς
232 2263 410 2348 συμφορὰν
431 2264 488 2324 καί
511 2258 620 2347 λύπην
641 2258 806 2342 ένέβαλεν.
898 2265 955 2325 καί
975 2266 1042 2350 μὴν
1064 2264 1099 2327 εἴ
1116 2269 1154 2348 γέ
1175 2285 1228 2340 τις
1251 2266 1358 2339 ούτως
1380 2267 1416 2327 ἐκ

161 2361 338 2442 δαιμονίου
360 2365 452 2438 τινδς
475 2365 546 2442 έχοι
568 2364 606 2424 τδ
637 2369 751 2442 σῶμα,
781 2364 869 2426 ὥστε
899 2365 941 2427 άν
970 2386 1023 2440 τις
1052 2357 1145 2448 αὐτῷ
1172 2371 1415 2452 καταράσηται,

108 2474 140 2526 20
162 2473 366 2551 παραχρῆμα
389 2470 566 2549 πυρέττειν
587 2467 607 2550 ἡ
636 2467 697 2551 τὴν
725 2463 874 2552 κεφαλήν
903 2463 1032 2549 ἀλγεῖν,
1062 2466 1161 2544 οδτος
1181 2463 1258 2551 (ἀν)
1286 2465 1416 2531 άθλιώ.

159 2588 255 2653 τερος
278 2569 405 2655 ὑπῆρχε
428 2575 495 2630 τῶν
516 2564 744 2652 τρισαθλίων·
768 2570 799 2631 εί
822 2566 860 2631 δέ
881 2590 934 2645 τις
957 2571 1065 2646 ούτως
1083 2571 1242 2648 ἀσθενῶς
1265 2573 1334 2651 ἔχει
1356 2572 1416 2657 τήν
1461 2589 1465 2596 ·

161 2669 332 2749 διάνοιαν,
356 2672 443 2733 ὥστε
466 2669 572 2746 εἴτις
594 2666 811 2755 ἐλοιδόρησεν
834 2663 951 2749 αὐτόν,
981 2670 1189 2750 ἐξίστασθαι
1212 2681 1415 2759 παραχρῆμα

159 2776 219 2860 τήν
241 2777 366 2860 ψυχήν,
395 2780 471 2849 πῶς
494 2767 566 2853 οὐχί
588 2771 635 2855 τῷ
658 2775 801 2855 τοιούτῳ
827 2777 969 2860 φευκτάς
1000 2777 1135 2857 δβίος,·
1251 2778 1282 2839 εἰ
1306 2774 1343 2839 δέ
1364 2797 1418 2850 τις

159 2879 307 2961 κρίνοιτο
329 2865 414 2938 καθ’
439 2878 581 2960 έκάστην
603 2879 731 2961 ημέραν
754 2878 833 2960 περὶ
854 2880 933 2939 ότου
957 2874 1101 2961 δήποτε,
1133 2880 1153 2964 ἢ
1178 2881 1258 2962 περί
1278 2887 1341 2940 τοῦ
1361 2873 1418 2964 ζῆν

14 2991 18 3012 ¹
111 2985 141 3036 ii
162 2981 181 3063 ἦ
206 2980 372 3062 περὶτῶν
392 2981 581 3063 χρημάτων,
605 2969 661 3061 ἄρ’
688 2969 759 3057 οὐχί
781 2976 828 3060 τῷ
852 2981 955 3041 παντί
968 2975 1102 3060 βέλτιον
1118 2975 1218 3043 ἐᾶσαι
1240 2988 1339 3043 τοῦτο
1361 2981 1418 3041 καί

161 3085 280 3166 μηκέτι
301 3082 339 3142 τδ
357 3078 478 3143 λοιπδν
499 3077 712 3157 κινδυνεύειν,
738 3073 817 3164 [καί]
840 3082 871 3143 εί
895 3084 956 3161 μέν
973 3084 1052 3166 περί
1071 3086 1262 3168 χρημάτων,
1285 3084 1326 3144 τὰ
1339 3084 1417 3168 χρη·

162 3205 270 3263 ματα,
301 3184 331 3246 εἰ
360 3179 395 3245 δὲ
425 3184 505 3267 περί
531 3191 593 3245 τοῦ
620 3178 692 3269 ζῆν,
721 3185 779 3246 τδν
801 3184 897 3264 βίον,·
925 3187 960 3246 τί
988 3186 1063 3262 ούν;
1093 3187 1111 3248 ό
1134 3189 1213 3271 περί
1234 3195 1294 3273 της
1317 3182 1417 3270 δόξης
1431 3182 1469 3247 18

163 3287 253 3368 ἀγὼν
277 3275 334 3348 οὐκ
358 3287 411 3349 ἀεὶ
425 3278 509 3369 [τοῖς
531 3279 747 3369 ἀνθρώποις]
771 3291 844 3362 τοῖς
867 3288 1024 3372 ἀνοήτοις
1045 3290 1229 3374 ένέστηκεν,
1254 3279 1292 3351 ού
1313 3291 1419 3368 μόνον
1462 3303 1466 3311 ·

164 3385 258 3466 ἅπαξ
278 3397 338 3474 τῆς
358 3391 494 3473 ἡμέρας,
520 3385 604 3450 ἀλλὰ
629 3385 802 3465 πολλάκις,
827 3381 904 3450 οὐδὲ
927 3381 988 3474 έφ’
1013 3391 1216 3474 ὡρισμένοις
1232 3388 1418 3470 δικασταῖς,

14 3448 143 3604 λδῐοῖᾅέλο
165 3487 250 3553 ἀλλὰ
279 3497 385 3553 πᾶσιν
413 3487 549 3568 ἁπλῶς,
577 3492 634 3552 καί
662 3491 797 3563 τούτοις
826 3491 1017 3570 ἀνωμότοις
1044 3494 1101 3555 καί
1129 3494 1213 3577 μήτε
1241 3495 1419 3576 μαρτύρων

1051 3626 1414 3636 -ῌ-υ--ὴ

249 3678 265 3729 2
282 3672 434 3744 νεμεσιτὸν
450 3673 472 3727 Ρ
558 3677 575 3728 4
594 3665 657 3729 οὔδ’
675 3667 735 3728 ἐστι
753 3671 801 3725 ΡΗ
888 3673 917 3730 oi
935 3688 987 3727 om.
1007 3672 1056 3727 ΡΗ
1143 3681 1158 3728 5
1177 3677 1305 3745 φείδεται
1322 3679 1375 3741 (τιό
1390 3675 1419 3730 in

163 3765 270 3826 mura)
288 3758 313 3812 Η
404 3762 420 3812 6
439 3748 530 3824 οδτως
548 3757 609 3814 εδδ.
629 3757 725 3821 Diui,
749 3759 860 3812 secutus
877 3757 1035 3827 Emporium
1120 3764 1277 3833 τοιγαροῦν
1300 3764 1319 3826 (ι
1337 3764 1366 3815 et
1383 3781 1420 3832 αρ

163 3847 192 3900 in
209 3845 317 3915 rasura)
335 3844 361 3898 Η
465 3845 624 3916 λμετρίως
640 3842 696 3897 ΜΗ
714 3858 749 3896 m.
767 3857 808 3910 pr.
891 3843 942 3896 si.
958 3857 982 3897 α.
1001 3843 1026 3898 εἰ
1043 3844 1179 3899 hominum
1197 3845 1340 3900 maledicta
1355 3844 1421 3899 mihi

163 3930 264 3986 referre
281 3929 380 4000 pergin,
397 3945 447 3998 εςο
467 3943 574 3998 quoque
590 3929 641 3982 tibi
657 3928 792 3995 narrabo,
815 3941 885 3997 quae
902 3928 935 3985 δε
952 3931 980 3983 te
998 3928 1119 3984 homines
1137 3929 1208 3985 male
1226 3931 1353 3985 locuntur

166 4020 197 4070 12
215 4010 352 4081 ἐπαοιδδς
368 4013 519 4072 ἐπίσταιτο
539 4013 593 4069 UM
611 4008 747 4079 ἐπαοιδὰς
763 4010 912 4070 ἐπίσταιτο
932 4014 955 4068 Β
1049 4011 1185 4071 ἐπέπατο
1206 4015 1226 4068 P
1315 4019 1346 4070 ii
1364 4033 1421 4070 τοι·

165 4104 238 4157 αύτα
256 4101 284 4154 Μ
355 4095 471 4172 ἢπαρδι
489 4099 537 4153 ΡΗ
590 4101 768 4156 θετταλίόων
785 4096 906 4153 cebetas
977 4102 1009 4154 14
1026 4097 1261 4171 φθεγκύμενοςΡ
1338 4103 1422 4171 16τῇ

164 4182 232 4255 όόξη
251 4185 327 4240 UBM
400 4190 430 4240 18
448 4183 610 4259 ἐνέβαλεΗ
680 4175 756 4240 οὕτω
774 4182 808 4250 Η,
826 4198 879 4239 om.
900 4182 921 4238 U
939 4200 974 4240 m.
992 4201 1033 4254 pr.
1106 4188 1136 4238 19
1155 4179 1253 4256 ἐχειΡ
1334 4188 1366 4238 20
1385 4180 1422 4242 ἀν

164 4270 227 4330 εδδ.
245 4269 342 4341 Ρδιιςίτ
395 4274 424 4325 2¹
446 4263 613 4343 δπῆρχενΡ
666 4263 723 4339 ἔχει
741 4269 849 4339 scripsi,
867 4264 929 4341 ἔχοι
945 4269 1008 4324 libri
1065 4275 1097 4322 λλ
1115 4265 1299 4343 ἐλοιδόρησεν
1315 4269 1421 4338 scripsi,

165 4351 358 4429 λοιδορήσειεν
374 4355 438 4411 libri
488 4359 537 4412 καί
554 4357 730 4426 παραχρῆμα
749 4353 827 4408 UBM
879 4358 911 4408 λέ
930 4353 961 4412 όέ
978 4354 1091 4413 πατεΡ
1160 4358 1193 4408 26
1210 4359 1259 4412 καί
1276 4353 1375 4410 seclusi

166 4444 199 4495 28
218 4450 279 4507 τοῖς
297 4433 465 4513 ἀνθρώποις
483 4440 534 4497 ἀεί.
553 4439 617 4494 wil.
688 4437 716 4494 οἳ
735 4433 769 4496 ού
785 4433 880 4509 μόνον
898 4430 977 4508 ἅπαξ
989 4440 1036 4494 ΡΗ
1052 4437 1147 4510 μόνον
1165 4436 1215 4509 σύγ
1227 4430 1306 4508 ἅπαξ
1317 4438 1369 4493 ΗΜ
1387 4427 1422 4494 οδ

165 4521 260 4595 μόνον
278 4518 329 4596 ούχ
347 4516 467 4592 δι’παξῦ
536 4529 569 4580 29
588 4518 725 4590 πολλάκις
743 4517 912 4582 εύθύνονται
931 4524 978 4580 ΡΗ
996 4527 1031 4582 ci.
1050 4529 1107 4582 not.
1125 4526 1251 4596 praeced.
