3452 5264
627 346 846 404 PRAEFATIO.
1330 347 1371 402 lx

106 524 207 591 dente
236 522 384 589 humanis
407 520 556 604 Coryllns
585 540 644 587 rex
667 521 846 587 Gothorum
875 522 907 586 in
928 541 1028 605 regno
1051 521 1238 589 conscendit
1259 527 1292 589 et
1312 541 1372 607 per

106 623 325 708 quadraginta
353 643 454 691 annos
476 625 508 689 in
531 623 635 691 Dacia
656 625 723 691 suis
745 624 894 706 gentibus
916 621 1120 708 imperarit“

193 727 351 810 Fragm.
368 725 406 792 V.
446 725 615 808 „Longum
629 745 767 810 namque
786 730 859 808 post
881 725 1085 792 interuallum
1102 725 1288 793 Domitiano
1310 728 1369 792 im·

107 837 261 914 peratore
277 834 432 912 regnante
449 829 582 913 eiusque
604 828 776 894 avaritiam
790 833 969 894 metuentes
991 823 1115 910 foedus,
1140 828 1226 912 qnod
1248 827 1370 895 dudum

108 951 182 998 cum
205 932 280 998 aliis
302 930 501 1015 principibus
530 931 738 1014 pepigerant,
767 928 866 995 Gothi
895 931 1072 1012 solventes,
1100 930 1205 1013 ripam
1227 929 1371 998 Danubii

107 1035 174 1099 iam
203 1034 298 1116 longe
327 1051 508 1116 possessam
540 1031 582 1097 ab
619 1032 754 1115 imperio
782 1032 926 1098 Romano
955 1030 1073 1098 deletis
1111 1031 1267 1099 militibus
1298 1053 1370 1099 cnm

109 1154 220 1200 eorum
255 1135 391 1202 ducibus
417 1139 634 1200 vastaverunt.
686 1134 737 1200 eni
769 1134 956 1219 prouinciae
985 1139 1059 1201 tunc
1087 1142 1163 1218 post
1191 1135 1371 1220 Agrippam

108 1235 235 1321 Oppius
268 1243 418 1320 praeerat
449 1233 604 1316 savinus,
641 1234 756 1303 Gothis
790 1241 895 1302 antem
931 1235 1122 1321 Dorpaneus
1155 1236 1371 1320 principatum

107 1340 243 1424 agebat,
272 1339 402 1424 quando
433 1338 520 1405 bello
548 1339 719 1405 commisso
743 1336 859 1420 Gothi,
888 1338 1051 1405 Romanos
1080 1336 1242 1417 deriotos,
1272 1337 1372 1422 Oppii

108 1441 223 1506 Savini
251 1447 347 1524 capnt
376 1441 554 1524 abscisum,
582 1439 684 1506 multa
713 1440 847 1506 castella
876 1445 909 1506 et
937 1441 1086 1506 civitates
1115 1439 1306 1506 invadentes
1328 1439 1370 1506 de

106 1548 200 1626 parte
226 1542 430 1626 imperatoris
457 1542 587 1626 publice
616 1541 863 1625 depraedarunt.
921 1561 986 1625 qua
1017 1541 1209 1608 necessitate
1239 1561 1368 1610 suorum

107 1645 312 1712 Domitianus
335 1666 405 1712 cnm
429 1645 515 1711 omni
532 1646 650 1711 virtute
666 1664 725 1711 sna
740 1645 907 1728 illyricum
923 1644 1111 1728 properavit
1127 1650 1160 1710 et
1174 1645 1272 1712 totius
1286 1665 1371 1730 pene

107 1747 328 1831 reipublicae
350 1746 505 1814 militibus
528 1746 660 1813 ductore
682 1745 786 1813 Fusco
815 1747 961 1831 praelato
990 1765 1062 1811 cum
1083 1745 1268 1814 lectissimis
1291 1748 1370 1817 viris

106 1868 235 1916 amnem
251 1849 392 1914 Danubii
414 1847 568 1916 consertis
590 1848 729 1914 navibus
745 1847 787 1913 ad
803 1849 903 1913 instar
918 1847 1026 1931 pontis
1041 1853 1239 1916 transmeare
1262 1851 1373 1934 coegit

108 1971 207 2036 snper
234 1951 410 2018 exercitum
432 1950 608 2034 Dorpanei.
658 1956 725 2015 tum
752 1948 851 2014 Gothi
881 1947 960 2014 hant
988 1967 1104 2031 segnes
1131 1952 1251 2034 reperti
1280 1973 1372 2018 arma

109 2059 281 2138 capessunt
314 2053 482 2136 primoque
517 2049 666 2117 condictu
694 2057 771 2117 mox
803 2051 964 2117 Romanos
995 2049 1170 2117 devincunt
1197 2051 1367 2136 Fuseoqne

110 2156 194 2223 duce
217 2156 375 2222 exstincto
398 2153 530 2219 divitias
553 2152 595 2217 de
618 2154 730 2219 castris
752 2152 889 2218 militum
913 2152 1053 2236 spoliant
1075 2173 1254 2236 magnaque
1276 2155 1370 2238 potiti

109 2277 169 2343 per
191 2258 264 2324 loca
280 2255 416 2322 uictoria
431 2256 495 2320 iam
511 2271 660 2337 proceres
676 2272 761 2335 suos,
784 2272 918 2337 quorum
935 2255 1028 2338 qnasi
1043 2254 1170 2320 fortuna
1184 2255 1369 2339 vincebant,

110 2380 176 2425 non
197 2378 296 2442 puros
319 2357 474 2438 homines,
497 2355 555 2422 sed
579 2354 739 2423 semideos
762 2355 805 2435 [id
828 2363 877 2422 est
898 2351 1008 2440 Ansis]
1032 2357 1262 2424 vocaverunt“

198 2461 350 2542 Sequitur
371 2459 502 2525 aliunde
523 2460 625 2542 petita
646 2457 834 2525 Amalorum
857 2460 1058 2542 genealogia.

199 2562 288 2628 Haec
300 2580 382 2645 quae
394 2560 437 2627 ad
449 2560 662 2627 deliniendam
676 2561 790 2630 Dionis
801 2563 834 2626 in
846 2561 1029 2629 narratione
1040 2562 1235 2630 Iordaniana
1244 2570 1369 2646 partem

114 2664 295 2730 necessaria
317 2669 415 2745 erant,
440 2662 491 2730 hic
513 2662 707 2747 proferenda
728 2662 817 2748 duxi,
839 2664 905 2731 alio
928 2665 1001 2731 loco
1020 2664 1061 2731 de
1078 2665 1262 2732 Getioorum
1285 2665 1369 2750 lrag·

113 2767 228 2833 mentis
250 2765 351 2832 insius
373 2765 601 2848 dispntaturns.

196 2867 291 2934 addo
314 2866 389 2934 hnic
411 2867 603 2953 praelationi
619 2867 804 2933 librorum
823 2867 1116 2952 deperditarum
1136 2870 1370 2954 catalogum.

113 2968 1370 3054 FragmentaeertolibrotribuendanonbabemnsnisiGeticorumquaemodo

112 3074 264 3158 proposui
280 3080 313 3138 et
327 3071 534 3138 Oeconomioi
553 3091 636 3155 quae
659 3092 690 3156 p.
708 3074 769 3137 309
793 3071 888 3138 huius
911 3073 1082 3139 voluminis
1106 3071 1249 3138 exhibui.
1286 3073 1369 3139 Nam

112 3180 238 3261 Χρεῖαι
250 3196 313 3241 non
326 3174 454 3241 fuerunt
466 3175 566 3258 ipsius
580 3174 694 3240 Dionis
705 3193 786 3259 opus
799 3171 838 3240 of.
849 3194 881 3257 p.
894 3175 956 3240 309
970 3174 1044 3240 adn.
1057 3173 1101 3241 ad
1111 3175 1149 3240 ir.
1157 3174 1182 3240 1.
1199 3175 1372 3242 Praeterea

112 3298 153 3344 ex
175 3276 380 3350 Philostrato,
402 3275 549 3358 synesio,
573 3275 675 3342 Snida
698 3276 795 3343 hosce
817 3277 928 3344 titulos
949 3278 1098 3344 novimus
1121 3277 1276 3345 librorum
1294 3278 1371 3346 Dio-

111 3399 255 3462 neorum,
279 3398 414 3461 quorum
436 3398 501 3444 non
523 3385 651 3444 exstant
671 3379 867 3462 fragmenta:

200 3485 229 3557 1)
255 3484 425 3544 Ψιτνακοῦ
446 3483 589 3556 ἔπαινος
611 3501 642 3564 p.
659 3483 731 3558 311,
751 3485 789 3545 15
813 3481 986 3559 (Philostr.)
1009 3482 1049 3550 of.
1073 3486 1146 3567 316,
1160 3485 1212 3549 25.

196 3585 228 3663 2)
251 3587 429 3660 Κώνωπος
451 3586 593 3659 ἔπαινος
613 3603 646 3666 p.
665 3585 736 3662 319,
753 3585 794 3647 22
818 3582 957 3667 (Syrtes.)

199 3687 230 3762 3)
253 3689 403 3767 Μέμνων
425 3705 457 3768 p.
474 3686 546 3768 318,
565 3689 593 3749 1.
613 3689 651 3750 13
675 3683 815 3767 (Syues.)

197 3791 229 3866 4)
251 3794 271 3875 ν)
295 3797 361 3852 τῶν
387 3793 533 3870 Τεμπῶν
558 3792 684 3874 φράσις
707 3808 738 3871 p.
754 3791 827 3869 317,
841 3792 892 3855 33.
916 3790 1043 3872 318,13
1066 3787 1208 3871 (Synes.)

198 3891 229 3966 5)
253 3893 272 3953 d
285 3892 369 3953 κατὰ
385 3897 452 3953 τῶν
469 3887 673 3977 φιλοσόφων
688 3910 719 3974 p.
731 3892 863 3974 315,28.
876 3892 948 3974 316,
961 3895 1010 3957 19.
1030 3893 1102 3974 318,
1115 3895 1163 3956 13.
1177 3895 1217 3958 30
1231 3890 1372 3976 (Syrtes.)

199 3996 231 4071 6)
254 3996 272 4056 ὁ
295 3996 382 4077 πρὸς
405 3995 613 4056 Μονσώνιον
636 4013 667 4077 p.
684 3996 819 4077 315,30.

198 4099 228 4168 7)
252 4095 338 4162 Laus
361 4094 555 4162 Esseuornm
577 4116 609 4179 p.
626 4098 699 4180 317,
716 4099 757 4160 tt
780 4095 920 4180 (Synes.)

198 4197 228 4272 8)
253 4195 382 4279 Dialogi
406 4195 563 4264 Socratici
585 4199 677 4274 (τούς
692 4202 727 4262 ἐν
750 4207 824 4275 τοῖς
849 4205 984 4280 συχνοῖς
1009 4198 1122 4283 λόγοις
1137 4203 1303 4280 Διογένας
1316 4203 1373 4263 καὶ

313 4299 506 4381 Σωκράτας)
528 4319 560 4385 p.
583 4303 713 4384 317,17
737 4299 876 4384 (Syrtes.)

197 4403 229 4478 9)
253 4399 363 4468 Oratio
386 4401 429 4468 ad
455 4403 573 4470 milites
602 4401 715 4468 habita
743 4406 778 4479 ἐς
800 4407 947 4488 νεώτερα
977 4407 1152 4488 ὁρμῶντας
1181 4404 1241 4465 ἐπὶ
1262 4405 1371 4484 Δομε·

318 4505 424 4590 νιανρῖ
448 4508 701 4594 ἀπεσφαγμένῳ
725 4525 756 4591 p.
781 4507 912 4591 312,12
935 4505 1112 4580 (philostr.)
