3452 5264
337 352 379 414 30
711 349 838 409 morus
854 351 904 408 An
922 349 1225 408 mcounnmnssss

335 534 403 590 τῶν
424 534 521 612 κοινή
550 531 791 613 συμφερόντων
822 525 907 602 ἴσως
933 523 1062 608 μᾶλλον
1089 530 1213 610 έτέρων
1239 525 1298 588 καί
1325 522 1517 607 βούλεσθαι
1536 529 1595 590 καί

295 633 314 694 2
338 628 519 694 δύνασθαι.
565 636 664 692 τοῦτο
688 627 724 693 δὲ
747 632 779 694 εί
799 631 861 710 μὲν
885 629 943 692 οὑκ
965 629 1039 691 έστι
1060 636 1232 705 τοιοῦτον,
1254 629 1351 708 ὑμεῖς
1371 648 1410 691 τε
1431 636 1492 715 τής
1513 632 1595 714 περὶ

334 734 392 812 έμλ
417 728 569 818 σπουδῆς
592 729 792 816 διημάρτετε
814 733 879 814 ἐγώ
901 751 939 794 τε
960 731 1055 794 έοικα
1076 733 1186 814 μάτην
1207 731 1406 806 ὑπακούσας
1427 731 1506 811 ὑμῖν
1530 721 1591 794 ἐπ’

334 831 451 897 έλπίδι
479 841 541 896 τού
567 834 776 920 γενήσεσθαι
803 841 845 919 τῇ
873 829 975 896 πόλει
999 834 1182 919 χρήσιμος,
1212 823 1250 895 αι’
1282 837 1498 914 ποιουμένων
1525 854 1591 916 μου
1608 853 1714 904 (mur

330 937 447 1021 χρείαν
469 939 577 1017 ὑμῶν,
606 937 656 1012 εἰς
685 937 725 1021 ήν
752 938 856 1016 μόνον
884 933 1080 1022 ἐπιτήδειός
1109 936 1189 1016 εἰμι.
1241 936 1272 998 εί
1300 932 1337 998 δὲ
1369 938 1499 1012 πάσαις
1526 939 1630 1017 μένε

333 1045 410 1115 ταῖς
432 1034 566 1117 πόλεσι,
587 1035 713 1118 μᾶλλον
737 1035 773 1101 δέ
795 1043 872 1114 ταῖς
892 1035 1065 1120 μεγάλαις,
1089 1034 1146 1102 δεῖ
1162 1040 1224 1118 μὲν
1237 1039 1295 1100 καί
1316 1045 1383 1100 τῶν
1406 1034 1592 1119 πλουσίων,

336 1143 390 1205 ἱνα
412 1142 470 1204 καί
488 1147 661 1226 χορηγῶσι
682 1141 739 1203 καί
763 1137 1013 1226 φιλοτιμῶνται
1026 1142 1123 1203 ταυτὶ
1138 1141 1179 1203 τά
1200 1143 1424 1220 νενομισμένα
1440 1138 1592 1223 δαπανή-

333 1265 435 1324 ματα,
459 1240 516 1306 δεῖ
523 1240 576 1323 δέ,
591 1245 649 1306 καί
669 1240 820 1305 κολάκων
843 1239 984 1327 ἀνδρῶν,
1010 1244 1064 1306 ἱνα
1082 1238 1338 1328 δημαγωγοῦσιν
1354 1243 1471 1318 αὑταῖς
1485 1241 1592 1329 ήδων·

334 1361 406 1409 ται·
431 1343 488 1410 δεῖ
513 1343 627 1410 δὲκαὶ
650 1343 864 1427 συμβούλων,
888 1347 942 1408 ίνα
966 1341 1141 1428 σῴζωνται
1163 1351 1241 1421 ταῖς
1263 1342 1471 1424 πολιτείαις,
1500 1347 1591 1429 κάγώ

333 1440 419 1512 καθ’
451 1451 532 1511 όσσν
559 1468 621 1529 μοι
649 1445 790 1512 δυνατόν
821 1449 879 1511 οὑκ
908 1450 1038 1534 ὀκνήσω
1062 1449 1143 1532 περὶ
1163 1454 1231 1510 τῶν
1252 1449 1420 1531 μεγίστων
1444 1449 1589 1531 συμβου·
1613 1461 1645 1513 1⁰

293 1555 312 1616 3
335 1549 440 1615 λεύων
462 1547 607 1636 ἀφελεῖν
629 1553 689 1637 τήν
712 1546 823 1614 πόλιν.
862 1551 937 1614 έστι
957 1553 1019 1630 μέν
1042 1550 1100 1613 ούν
1121 1552 1178 1613 καί
1199 1547 1286 1613 ἀλλα
1300 1551 1377 1614 τινά
1401 1539 1486 1636 παρ’
1511 1552 1592 1632 ὑμῖν

334 1653 614 1736 ἐπαναρθώσεως
637 1649 717 1730 ἀξια
738 1655 796 1715 καί
815 1653 901 1714 κατά
923 1657 1026 1734 μέρος
1056 1653 1166 1715 αύτῶν
1189 1654 1382 1739 ποιήσομαι
1403 1656 1463 1739 τήν
1484 1654 1591 1738 θερα-

334 1757 449 1833 πείαν,
480 1757 520 1817 ἀν
549 1752 683 1841 τάληθη·
715 1752 818 1838 λέγων
846 1756 1026 1818 πιστευθῶ
1059 1757 1138 1840 περὶ
1166 1762 1233 1818 τῶν
1261 1751 1434 1836 μειζόνων.
1489 1757 1525 1818 τί
1553 1753 1590 1818 δὲ

334 1859 461 1920 παθὼν
490 1859 509 1944 ή
538 1859 574 1920 τί
600 1855 806 1941 βουλόμενος
835 1859 893 1938 οὑχ
920 1860 1007 1942 ὑπὲρ
1036 1865 1103 1920 τῶν
1135 1863 1342 1942 μικροτέρων
1374 1854 1589 1940 συμβουλεύω

333 1964 510 2046 πρότερον,
535 1958 611 2024 οὑδὲ
633 1963 670 2024 έν
684 1962 826 2037 έκείνοις
841 1963 1087 2046 ἀποπειρῶμαι
1103 1968 1164 2023 τοὺ
1178 1957 1285 2047 δήμου
1300 1969 1360 2048 τῆς
1375 1960 1586 2038 εὐπειθείας,
1613 1975 1642 2026 ιι
1655 1979 1714 2031 ιιεει

334 2055 411 2126 ἀλλ’
437 2055 543 2140 εὐθύς
565 2061 650 2142 ἀξιῶ
665 2061 868 2128 κινδυνεύειν
884 2067 964 2144 περί
978 2071 1040 2128 τού
1052 2064 1211 2147 μεγίστου
1230 2061 1466 2147 συμβουλεύων
1481 2065 1587 2148 πράγ-

334 2186 442 2247 ματος
449 2189 461 2244 ,·
483 2169 537 2230 ότι
559 2163 677 2250 πολλῷ
698 2187 760 2248 μοι
776 2165 872 2230 δοκεῖ
889 2165 974 2252 ῥᾷον
997 2166 1086 2231 εἶναι
1102 2172 1222 2231 πεῖσαι
1245 2169 1406 2251 περὶτῶν
1421 2167 1589 2248 μεγίστων

333 2271 352 2354 ή
376 2276 443 2332 τῶν
464 2273 671 2354 μικροτέρων
692 2272 748 2332 καὶ
772 2266 920 2356 φαύλων.
958 2277 1025 2332 τῶν
1046 2272 1108 2350 μέν
1129 2270 1192 2353 γάρ
1208 2266 1319 2346 έξεστι
1339 2270 1397 2332 καί
1417 2287 1589 2354 καταφρο-

334 2379 435 2458 νήσαι
457 2379 515 2457 τής
537 2363 603 2433 ἀπ’
629 2360 739 2434 αὑτῶν
753 2376 949 2456 γιγνομένης
963 2368 1101 2458 βλάβης,
1124 2372 1144 2433 ό
1166 2368 1202 2433 δέ
1222 2373 1326 2455 χωρίς
1349 2370 1395 2434 ὧν
1417 2373 1588 2458 ἀμήχανόν
1603 2391 1714 2444 (mum

333 2475 427 2536 ἐστιν
450 2463 541 2556 αὐτῷ
566 2467 751 2555 σφ’ζεσθαι,
775 2475 997 2558 περὶτούτων
1014 2462 1257 2559 οὑκέθελήσας
1279 2474 1470 2560 πεισθῆναι
1486 2471 1587 2560 δήλός
1608 2491 1638 2543 2]

208 2653 213 2660 δ
294 2577 313 2636 4
335 2577 429 2638 έστιν
450 2577 537 2658 ὑπὲρ
559 2582 627 2638 τῶν
648 2580 856 2659 μικροτέρων
879 2564 956 2638 οὐδὲ
986 2576 1221 2656 ἀκουσόμενος.
1266 2578 1321 2638 δτι
1341 2578 1403 2657 μέν
1426 2575 1501 2652 οόν,
1528 2577 1589 2640 έδν

333 2677 539 2760 ὑπομείνητε
566 2679 626 2762 τήν
656 2673 879 2757 συμβουλίαν,
908 2677 1152 2762 πεισθήσεσθέ
1177 2696 1238 2758 μοι
1266 2679 1347 2761 περὶ
1374 2676 1421 2742 ὧν
1443 2678 1588 2760 συμβου-

335 2775 440 2842 λεύων
467 2780 627 2861 πάρειμι,
655 2780 712 2840 καί
740 2774 779 2864 δή
812 2775 947 2864 σφόδρα
974 2779 1108 2862 θαρρῶ.
1163 2781 1202 2842 τό
1233 2776 1269 2842 δέ
1300 2776 1463 2842 δύσκολον
1491 2770 1585 2842 τοῦτ’

334 2881 425 2958 έστι,
454 2882 493 2942 τό
520 2881 604 2966 μήτε
634 2883 797 2967 φορτικήν
824 2882 911 2960 ὑμᾶς
939 2881 1138 2966 ήγήσασθαι
1159 2883 1219 2966 τήν
1241 2883 1405 2966 ἀκρόασιν
1426 2883 1487 2968 τήν
1510 2883 1590 2967 περλ

333 2989 396 3046 τοῦ
417 2985 616 3068 πράγματος
629 2984 713 3069 μήτε
728 2985 889 3070 περιττήν
903 2984 988 3069 μήτε
1001 2983 1151 3068 ἀκαιρον.
1191 2984 1246 3046 ίνα
1261 2983 1320 3047 οὑν
1334 3004 1396 3065 μοι
1409 2989 1453 3072 μή
1478 2993 1582 3048 ταῦτα
1604 3003 1636 3054 25

335 3087 584 3170 προαπαντήσῃ
608 3077 695 3169 παρ’
725 3087 835 3165 ὑμῶν,
870 3087 914 3148 Τί
936 3081 971 3148 δὲ
996 3082 1235 3167 συμβουλεύεις
1259 3089 1299 3150 σὺ
1322 3089 1403 3174 περὶ
1425 3086 1472 3151 ὧν
1492 3092 1590 3174 ήμεῖς

334 3189 394 3274 τήν
416 3189 520 3273 ἀρχήν
542 3177 620 3250 οὐδὲ
641 3184 877 3270 βουλευόμεθα
884 3210 896 3264 ;
926 3190 969 3251 Τί
991 3185 1027 3251 δέ
1051 3186 1181 3272 σεαυτῷ
1205 3186 1304 3273 λόγου
1326 3186 1526 3273 μεταδίδως,
1550 3186 1593 3252 οὑ

336 3290 391 3351 σοί
411 3291 455 3374 μή
479 3284 663 3370 μετέδομεν
677 3292 790 3371 ήμεῖς;
812 3289 881 3352 Διά
898 3291 933 3352 τί
948 3286 984 3353 δὲ
999 3293 1172 3354 τοσούτων
1187 3289 1485 3373 πεπολιτευμένων
1500 3281 1585 3376 παρ’

333 3395 412 3474 ήμΐν
434 3387 565 3476 ἀνδρῶν
587 3392 790 3474 ἐπιχωρίων,
813 3394 1032 3477 εἰσποιητῶν,
1054 3395 1217 3479 ῥητόρων,
1241 3391 1454 3482 φιλοσόφων,
1476 3395 1588 3478 γερόν-

333 3515 417 3571 των,
440 3497 540 3571 νέων,
564 3486 729 3556 οὐδέποτε
752 3485 863 3570 αι’δείς
884 3493 1068 3582 έτόλμησεν
1089 3501 1169 3582 ήμῖν
1193 3493 1440 3577 συμβουλεῦσαι
1461 3496 1585 3581 ταύτην
1607 3515 1637 3567 ω

293 3597 312 3657 5
334 3599 394 3682 τήν
418 3593 623 3678 συμβουλίαν
629 3618 642 3671 ‚·
664 3594 790 3680 αἴτημα
805 3594 900 3660 θέλω
921 3600 1142 3684 ποιήσασθαι
1156 3605 1255 3660 τούτο
1272 3588 1354 3660 αὑτό
1371 3589 1458 3682 παρ’
1483 3599 1587 3678 ὑμῶν,

211 3768 213 3774 ,
334 3696 453 3785 ἀνδρες
475 3695 698 3784 Νικομηδεῖς,
727 3700 784 3762 καλ
802 3702 1000 3784 χαρίσασθέ
1019 3720 1079 3781 μοι
1107 3702 1163 3762 καί
1190 3700 1412 3779 ὑπομείνατε,
1444 3699 1589 3762 ἀκούσαι

335 3798 433 3885 λόγου
462 3807 626 3885 περιττοῦ
650 3802 707 3862 καί
735 3801 875 3887 ἀκαίρου
903 3804 960 3865 καί
986 3804 1030 3887 μή
1061 3801 1242 3875 πείσοντος
1274 3801 1367 3880 ὑμεῖς.
1422 3802 1478 3863 καὶ
1508 3791 1587 3866 οὐδὲ

420 4013 532 4089 ὑὺμεῖς
548 4041 582 4094 γε
599 4021 630 4076 Μ
697 4026 788 4091 ίμου
804 4035 858 4075 om.
877 4017 926 4075 U'l'
1010 4015 1085 4084 ὑεῖς
1102 4013 1154 4090 τὴν
1171 4016 1201 4071 Μ
1287 4014 1380 4090 μόνην
1397 4015 1519 4073 Hertlein

335 4099 677 4179 ίίέπανορὺῶσαιιὺςλδ
725 4111 756 4162 13
770 4107 799 4163 τί
809 4100 1207 4172 δαίΒίίοΙλλίαδὲιεοπ.)
1266 4102 1542 4178 14σμικροτέρωνΒ

336 4194 365 4244 17
384 4193 454 4262 όοκῆ
471 4191 502 4246 Μ
573 4196 603 4247 18
620 4191 860 4264 σμικροτέρωνΒ
923 4186 1054 4244 fortune:
1074 4183 1182 4256 ἔξεστιν
1197 4184 1348 4261 (ἀμελεῖν)
1411 4193 1440 4246 19
1456 4194 1506 4248 καί
1523 4193 1588 4247 ουλε

333 4278 383 4347 τῆς
400 4275 462 4332 αδδ.
481 4277 563 4347 Emp.
620 4276 770 4349 γινομένης
787 4277 816 4330 Μ
886 4279 919 4330 22
936 4269 1147 4347 πεισθήσεσθαι
1164 4277 1188 4331 Β
1205 4270 1400 4349 πεισθήσεσθε
1417 4281 1444 4343 (ε
1460 4275 1541 4330 finnio
1558 4275 1589 4332 in

333 4360 439 4426 ηελλ]
509 4366 542 4417 23
560 4356 596 4418 τὸ
615 4361 645 4419 δὲ
662 4362 769 4432 scripsi,
786 4363 816 4418 τί
832 4363 895 4434 dal,-
911 4359 984 4417 UBT
1002 4363 1031 4417 τί
1048 4361 1140 4431 δὲςΜ
1208 4354 1342 4418 mv’n
1428 4365 1461 4417 26
1479 4363 1509 4419 τί
1525 4363 1587 4418 δαί·

333 4444 382 4502 ΠΤ
399 4440 443 4504 διὰ
463 4447 492 4503 τί
509 4445 539 4504 ot
557 4447 580 4500 Β
653 4451 684 4500 27
704 4447 733 4502 τί
750 4449 811 4503 δαί·
830 4445 879 4503 UT
949 4449 982 4501 28
999 4440 1066 4516 ἡμῖν
1083 4446 1333 4516 πεπολιτευμένων
1350 4439 1464 4517 ἀνδρῶν
1482 4445 1530 4502 UT

335 4534 367 4585 2⁹
386 4530 427 4597 εἰς
443 4535 571 4603 ποιητῶν
589 4530 618 4585 Μ
635 4535 763 4602 ποιητῶν
781 4529 868 4599 UBT;
887 4547 956 4588 corr.
976 4528 1086 4586 (δειλίαι
