3454 5272
353 359 416 418 324
853 361 1044 420 APPENDIX
1061 363 1112 421 111.

352 539 390 598 τά
420 533 538 598 δοκοῦν
561 531 846 613 άπαυθαδιάζειν.
896 541 953 602 καί
975 529 1003 621 ᾧ
1027 537 1063 602 δέ
1086 541 1228 624 Νέστωρ
1251 545 1271 623 η
1293 543 1486 628 ἐπιγραφή,
1517 545 1618 618 ὅπως

352 639 540 723 κεχρῆσθαι
568 647 718 725 προσῆκε
745 647 787 724 τῇ
815 641 902 724 πρὸς
924 644 1003 716 τούς
1025 638 1180 722 βασιλεῖς
1210 648 1413 727 παραινέσει
1444 641 1615 726 περιλαμ-

352 742 499 822 βάνεται.
538 737 763 827 δδέέφεξης,
783 733 953 821 Ἀχιλλεύς
975 744 1014 804 ού
1036 743 1248 823 πειθόμενος
1269 743 1318 827 τῷ
1340 747 1503 829 Χείρωνι,
1529 767 1617 830 προ·
1705 801 1706 810 ,

353 845 429 928 νοίρ
456 845 513 906 καί
534 848 647 928 τέχνη,
677 840 762 905 ἀλλά
784 847 828 930 μη
852 844 981 929 θράσει
1002 847 1060 909 καί
1078 853 1202 930 χειρῶν
1225 849 1320 926 ίσχύῖ
1348 845 1616 929 συμβουλεύοντι

316 941 650 1030 έμεταχειρίζεσθαι
674 943 840 1027 πόλεμον,
870 948 1010 1030 ὕστερον
1042 950 1100 1011 ούιι
1133 950 1297 1012 ἀπώνατο
1325 959 1386 1037 τῆς
1415 951 1615 1028 ἀπειθείας.

352 1050 408 1110 καί
437 1050 455 1109 6
486 1046 695 1134 Φιλοκτήτης
725 1046 760 1111 δὲ
790 1051 1014 1134 παράφρασίς
1048 1052 1123 1114 έστι
1157 1059 1220 1114 τοῦ
1245 1045 1323 1114 κατ’
1355 1053 1457 1115 αύτδν
1494 1056 1616 1139 ἀτυχη-

352 1172 468 1232 ματος.
506 1142 567 1236 έφ’
593 1151 645 1227 οίς
668 1153 836 1227 δΝέσσος
858 1153 1082 1237 ἢΔηιάνειρα
1098 1159 1165 1216 τῶν
1185 1154 1371 1230 ἀπιθάνως
1388 1157 1468 1239 περί
1489 1157 1616 1232 αύτούς

354 1251 603 1334 πεπλασμένων
626 1252 683 1317 διά
706 1273 798 1329 τινος
814 1254 1006 1336 θεραπείας
1022 1257 1071 1331 είς
1094 1257 1210 1340 είρμόν
1232 1277 1308 1318 τινα
1329 1257 1387 1318 καί
1401 1253 1497 1334 τάξιν
1521 1255 1620 1321 δοκεῖ

353 1359 392 1418 τό
415 1357 592 1420 ἀπίθανον
614 1352 909 1440 μεταρρυθμίζειν.
961 1359 1018 1421 καί
1041 1359 1061 1419 6
1082 1359 1236 1442 Χρυσηίς
1258 1359 1402 1433 ἔπαινός
1423 1361 1499 1422 έστι
1519 1362 1615 1443 Χρυ-

305 1471 334 1523 lo
356 1456 483 1543 σηίδος.
535 1459 554 1520 δ
576 1456 612 1522 δέ
636 1461 716 1544 περί
737 1456 914 1540 βασιλείας
935 1461 992 1522 καί
1021 1457 1219 1544 τυραννίδος
1247 1461 1329 1544 περί
1351 1460 1461 1523 αὐτῶν
1482 1463 1615 1523 τούτων

355 1557 586 1641 διαλαμβάνει.
623 1561 680 1622 καί
704 1561 737 1622 ol
759 1557 882 1646 έφεξῆς
905 1558 941 1624 δέ
962 1559 997 1644 γ’
1022 1563 1102 1642 περί
1123 1563 1223 1646 τύχης
1246 1558 1341 1643 λόγοι
1353 1561 1513 1644 χαρίεντά
1536 1583 1615 1624 τινα

353 1665 410 1726 καί
432 1659 645 1747 φιλοσοφίας
667 1663 737 1742 ἅμα
759 1665 900 1743 ἐχόμενα
922 1663 1132 1748 θεωρήματα
1163 1660 1396 1726 διατυπούσιν.
1449 1664 1616 1739 ὡσαύτως

354 1765 411 1826 καί
433 1766 467 1825 οἱ
487 1763 572 1844 μετά
595 1767 735 1840 τούτους
753 1766 832 1848 περὶ
848 1761 947 1850 δόξης
961 1758 999 1847 γ’
1022 1762 1115 1847 λόγοι
1133 1763 1399 1846 συμβουλεύουσι
1413 1767 1470 1828 καί
1487 1784 1616 1850 παραι-

355 1873 452 1930 νούσι
473 1862 600 1951 μηδένα
631 1863 729 1949 λόγον
757 1875 816 1952 τῆς
842 1873 910 1929 τῶν
939 1862 1076 1929 πολλῶν
1108 1864 1208 1952 δόξης
1237 1868 1437 1930 ποιεῖσθαι·
1466 1865 1553 1930 καλά
1577 1866 1615 1930 δέ

306 1983 334 2035 16
354 1970 412 2031 καί
433 1965 590 2052 ὠφέλιμα
613 1976 655 2053 τῇ
678 1973 880 2051 παραινέσει
896 1966 1176 2032 συνδιαπλέκεται
1192 1969 1411 2053 θεωρήματα.
1455 1971 1474 2030 6
1497 1967 1533 2032 δέ
1559 1969 1614 2050 νβ’

356 2073 436 2156 περὶ
458 2073 577 2157 ἀρετῆς
598 2072 655 2133 καί
670 2073 899 2158 έπιγράφεται
912 2072 969 2134 καί
984 2068 1098 2134 δίεισι.
1137 2072 1218 2155 περί
1234 2067 1446 2156 φιλοσοφίας
1461 2067 1499 2133 δέ
1520 2073 1617 2134 έστιν

357 2166 432 2256 όγ’
454 2175 510 2236 καί
533 2171 576 2236 ν’.
627 2176 645 2235 6
675 2170 711 2236 δέ
734 2170 788 2235 νδ’
814 2175 894 2257 περὶ
916 2181 977 2235 τού
999 2170 1212 2259 φιλοσόφου·
1243 2170 1320 2235 δδέ
1345 2170 1375 2235 ε’
1399 2173 1456 2235 καὶ
1477 2167 1510 2234 ν’
1536 2176 1619 2258 περί

356 2284 419 2339 τού
440 2278 609 2361 σχήματος
631 2278 919 2358 ἐπιγεγραμμένος
942 2273 1109 2338 δείκνυσιν
1132 2277 1179 2351 ὡς
1203 2276 1241 2337 ού
1259 2281 1381 2355 χιτῶνι
1409 2275 1466 2336 καί
1486 2272 1619 2359 ὑποδη-

355 2401 439 2460 ματι
463 2375 665 2464 φιλοσόφων
689 2379 708 2439 6
728 2383 1080 2462 κατεσχηματισμένος
1095 2375 1158 2463 ἤδη
1174 2379 1232 2441 καί
1253 2380 1311 2440 τὸν
1326 2377 1402 2459 βίον
1421 2372 1620 2460 φιλόσοφός

306 2495 335 2547 20
357 2487 459 2545 έστιν.
496 2483 515 2541 6
531 2478 567 2543 δέ
585 2478 617 2558 ς’
641 2481 698 2542 καί
719 2473 752 2541 ν’
776 2481 855 2562 περί
870 2481 1022 2555 πίστεως
1036 2483 1231 2566 έπιγραφῆς
1246 2482 1363 2559 τυχών,
1386 2479 1444 2541 καί
1459 2479 1478 2540 δ
1492 2475 1620 2564 ἐφεξῆς

359 2585 438 2668 περὶ
460 2582 643 2658 ἀπιστίας,
667 2585 921 2665 προτρέπονται
945 2578 1189 2667 φυλάσσεσθαι
1211 2584 1249 2645 τό
1273 2582 1417 2666 θαρρεῖν
1438 2582 1495 2642 καί
1516 2601 1621 2642 κατα-

359 2686 533 2748 πιστεύειν
554 2684 611 2745 καί
632 2687 706 2757 τοῖς
727 2678 877 2761 μάλιστα
903 2679 1015 2768 φιλεῖν
1040 2679 1193 2747 δοκοῦσι·
1224 2679 1368 2758 πολλοῖς
1389 2682 1452 2765 γάρ
1477 2685 1619 2744 πιστεύ-

361 2803 442 2849 σασι
469 2789 531 2865 μέν
559 2781 685 2868 μεγάλη
709 2784 882 2869 ἀπήντησε
913 2787 1090 2870 συμφορά,
1125 2786 1272 2869 ἀπιστίᾳ
1308 2782 1343 2847 δέ
1383 2781 1618 2870 φραξαμένοις

362 2887 500 2974 λαμπρά
524 2891 718 2972 περιγέγονε
743 2887 902 2971 σωτηρία.
954 2883 1039 2949 ἀλλὰ
1068 2894 1173 2949 ταῦτα
1201 2889 1264 2967 μέν
1294 2889 1313 2949 6
1343 2888 1423 2970 περί
1450 2887 1620 2960 ἀπιστίας

309 3006 338 3058 96
362 2991 475 3076 λόγος·
499 2994 518 3053 6
540 2987 576 3054 δὲ
601 2991 669 3072 πρὸ
692 2990 797 3050 αύτού
810 2986 970 3066 διέξεισιν
986 2991 1033 3065 ὡς
1047 2990 1103 3052 καί
1120 2992 1159 3052 τὸ
1176 2989 1407 3053 πιστεύεσθαι
1422 2991 1470 3064 ὡς
1485 2989 1619 3050 έπίπαν
1635 3005 1691 3058 (εει

358 3093 486 3179 μεγάλα
515 3095 594 3168 τούς
624 3096 888 3172 πιστευομένους
917 3087 1111 3176 ἐζημίωσεν.
1163 3096 1183 3178 η
1215 3084 1247 3154 δ’
1283 3093 1456 3167 ὑπόθεσις
1477 3097 1539 3151 τού
1562 3081 1621 3174 νη’

362 3197 470 3280 λόγου,
495 3197 611 3279 ὥσπερ
633 3196 690 3257 καί
711 3198 731 3280 η
755 3196 940 3280 ἐπιγραφή,
963 3196 1043 3278 περί
1058 3197 1161 3274 νόμου
1177 3193 1286 3256 έστίν·
1310 3195 1357 3269 ὡς
1370 3194 1461 3278 καίη
1478 3199 1541 3253 τού
1555 3191 1619 3254 νθ’

286 3357 288 3360 .
363 3302 443 3383 περί
465 3300 580 3375 έθοος,
604 3297 623 3358 6
646 3299 809 3380 πράττειν
823 3299 884 3376 μέν
900 3299 963 3358 δσα
980 3298 999 3357 6
1014 3300 1117 3376 νόμος
1132 3293 1364 3372 ἀποδείκνυσι,
1386 3285 1470 3375 μεθ’
1495 3291 1622 3379 ἡδονῆς

362 3399 397 3463 δέ
425 3403 482 3463 καί
511 3399 659 3474 πειθοῦς
686 3394 813 3479 μᾶλλον
841 3400 860 3483 ἢ
890 3398 985 3480 βίας,
1013 3400 1069 3461 καί
1098 3394 1363 3482 ἀσφαλέστερον.
1425 3394 1484 3460 δύο
1516 3393 1553 3458 δέ
1585 3399 1621 3457 οἱ

309 3516 338 3568 30
360 3501 482 3591 ἐφεξῆς
505 3504 585 3587 περί
607 3503 742 3588 φθόνου
766 3497 1045 3581 διαλαμβάνουσι.
1082 3502 1140 3562 καί
1154 3501 1174 3562 6
1187 3497 1223 3580 β’
1240 3501 1296 3562 καί
1312 3493 1345 3577 ξ’
1363 3501 1443 3584 περί
1457 3495 1621 3574 πλούτου,

360 3611 398 3670 τὸ
423 3603 563 3692 ὀχληρὸν
587 3606 691 3666 αὐτού
716 3604 773 3665 καί
801 3599 984 3682 έπίβουλον
1016 3599 1234 3687 στηλιτεύων,
1263 3604 1319 3664 καί
1342 3597 1458 3683 πολλῷ
1488 3596 1621 3662 λυσιτε-

362 3708 520 3794 λεστέραν
544 3708 649 3770 αὐτοῦ
670 3711 846 3790 παριστῶν
869 3707 928 3789 τὴν
950 3705 1035 3784 μετά
1060 3701 1276 3788 δικαιοσύνης
1298 3704 1430 3766 πενίαν.
1475 3703 1494 3763 6
1517 3699 1552 3763 δέ
1583 3698 1618 3782 γ’

360 3814 417 3874 καί
439 3809 472 3888 ξ’
497 3812 727 3894 έπιγράφεται
748 3815 815 3869 τῶν
843 3808 879 3868 έν
902 3803 1042 3889 Κιλικίᾳ
1072 3806 1151 3888 περί
1180 3802 1395 3888 ἐλευθερίας,
1426 3805 1552 3865 ἐκεῖνον
1583 3799 1621 3864 δέ

361 3913 543 3997 ἐλεύθερον
559 3909 722 3994 παριστᾷ,
746 3910 783 3985 ὃς
798 3916 865 3972 τῶν
881 3911 916 3972 έν
932 3907 1024 3991 αύτῷ
1045 3911 1160 3991 κύριος
1182 3905 1233 3992 είη
1259 3908 1396 3983 παθῶν,
1419 3905 1480 3968 κᾶν
1501 3906 1623 3987 μυρίοι

311 4029 341 4080 ³⁵
363 4015 493 4094 έξωθεν
517 4015 621 4078 αύτού
641 4020 702 4074 τοῦ
725 4014 882 4091 σώματος
905 4010 971 4074 ὦσι
995 4009 1178 4089 δεσπόται,
1200 4011 1257 4072 καί
1280 4005 1400 4072 δοῦλον
1422 4009 1559 4084 ένιῖνον,
1584 4007 1626 4082 δς

363 4115 579 4204 ἀνδράποδόν
600 4119 675 4178 έστι
697 4116 841 4192 παθῶν,
871 4116 901 4177 εί
921 4115 979 4180 καί
1003 4115 1184 4196 συμπάσης
1205 4114 1319 4194 ἄρχειν
1342 4119 1401 4197 τῆς
1424 4111 1627 4192 οίκουμένης

365 4221 464 4284 δοκεῖ.
510 4222 560 4295 είς
581 4221 641 4305 την
664 4219 766 4304 αύτην
790 4209 822 4280 δ’
848 4219 1055 4304 ἀναφέρεται
1078 4212 1233 4278 διάνοιαν
1254 4216 1311 4277 καί
1333 4215 1352 4275 6
1373 4209 1511 4299 ἐφεξῆς,
1541 4214 1627 4294 περί

365 4321 519 4398 δουλείας
540 4323 597 4384 καί
618 4318 818 4404 έλευθερίας
839 4321 1032 4404 έπιγραφην
1047 4319 1141 4395 έχων,
1165 4317 1281 4399 ὥσπερ
1296 4318 1354 4379 καί
1367 4317 1387 4378 6
1401 4311 1523 4402 ἐφεξῆς
1547 4311 1627 4376 δεύ-

451 4543 465 4592 ’ί
483 4533 502 4610 ἢ
520 4537 674 4610 Δηϊάνειρα
692 4539 716 4592 Α
734 4537 783 4591 ναί
800 4528 817 4605 ἡ
836 4503 990 4605 Δηϊάνειρα
1009 4532 1091 4588 ceteri
