3454 5272
546 394 768 452 THEODOBUS
788 393 1015 452 ΜΕΤΟΟΗΙΤΔ.
1354 391 1414 452 831

156 577 268 639 ένίοτε
290 575 346 636 καλ
375 572 417 633 τά
446 572 580 656 ῥήματα
610 571 694 633 αότά
722 573 778 633 καλ
806 574 866 658 τήν
897 571 1059 633 σύνθεσιν
1088 561 1199 633 ἔπειτ’
1226 572 1329 656 αότήν
1358 578 1419 632 τοῦ

156 662 267 760 λόγου,
289 677 334 761 μή
361 670 601 755 συγκαλύπτων
624 674 762 756 ὁπῃοῦν,
786 675 833 749 ὡς
849 675 915 757 ἀρα
932 670 1125 756 ἀλλοτρίοις
1142 674 1323 756 χρώμενος.
1361 673 1417 734 καί

159 781 238 863 όράν
260 780 353 840 ἔστιν
383 777 509 839 οὑτωσί
537 772 682 838 πλεῖστα
704 773 853 854 μάλιστα
875 777 932 838 καλ
960 767 1036 838 κατ’
1062 772 1148 837 ἀλλα
1177 781 1244 836 τῶν
1272 771 1414 856 βιβλίων

157 882 303 966 ἀμφοῖν,
333 881 352 940 ό
382 870 415 940 δ’
442 877 499 940 οδν
524 874 701 958 βασιλικός
722 879 900 955 Συνεσίου,
932 876 1043 957 οἶμαι,
1072 879 1129 940 καλ
1156 869 1258 961 ῥᾷστ’
1284 874 1414 954 ἔξεστιν

157 985 255 1067 δράν,
284 975 373 1062 (δτι)
401 981 459 1043 οόκ
489 976 584 1062 ὀλίγα
613 987 680 1041 τῶν
702 981 837 1056 Δίωνος
858 978 1045 1061 βασιλικῶν
1074 979 1288 1064 ἀποφέρεται
1314 990 1452 1041 κατα-ό

157 1079 324 1160 σκευάζων
347 1086 406 1168 τήν
429 1082 601 1166 πρόθεσιν
624 1083 740 1158 αὐτοῖς
761 1084 901 1168 (λήμασι,
923 1086 980 1146 καί
1001 1083 1143 1168 τίθησιν
1167 1083 1213 1156 ὡς
1230 1073 1330 1144 οἰκεῖ’
1357 1083 1414 1143 αό-

154 1194 218 1248 τοῦ
237 1187 415 1262 Συνεσίου,
445 1176 520 1246 ἀλλ’
547 1185 586 1247 οό
608 1187 673 1270 μήν
697 1185 744 1260 ὡς
766 1181 870 1247 ἀλλου
892 1186 977 1247 κατά
1005 1185 1121 1268 χρείαν
1150 1180 1190 1269 δή
1219 1205 1295 1246 τινα
1327 1185 1415 1267 πρός

157 1289 328 1350 πίστωσιν
350 1294 417 1350 τῶν
440 1281 740 1367 σπουδαζομένων,
771 1289 818 1363 ὡς
845 1288 901 1350 καί
928 1279 1021 1350 τοῦτ’
1048 1286 1217 1349 είώθασιν
1239 1275 1353 1349 ένίοθ’
1381 1288 1415 1348 οὶ

158 1387 317 1472 λέγοντες.
362 1381 439 1451 ἀλλ’
465 1391 484 1451 ὀ
512 1409 548 1471 γε
571 1385 610 1474 δή
633 1391 812 1465 Συνέσιος,
841 1380 931 1474 Ιήπερ
954 1389 1104 1474 εἴρηται,
1126 1384 1231 1473 μηδὲν
1255 1385 1414 1469 εὐλαβού-

156 1511 267 1571 μενος,
291 1490 397 1566 εἴτις
418 1492 459 1553 ἀν
483 1488 643 1576 ξυνορηίη,
667 1493 866 1578 συνυφαίνει
888 1495 947 1554 τόν
970 1489 1085 1574 λόγον,
1110 1493 1157 1566 ὡς
1180 1488 1319 1553 οίκοθεν
1341 1494 1413 1574 τρέ·
1439 1499 1468 1551 10

153 1615 233 1674 χων,
256 1595 325 1674 άμα
350 1596 470 1677 πρόσω
496 1595 583 1678 φασί
603 1594 661 1655 καλ
682 1594 796 1655 ὀπίσω
820 1595 877 1656 καί
900 1601 1017 1679 συνεχῆ
1033 1593 1118 1673 μετά
1140 1599 1208 1655 τῶν
1231 1593 1332 1667 αὐτὸς
1356 1594 1413 1654 αὑ·

155 1703 217 1758 του”
236 1697 293 1758 καί
314 1696 460 1780 γνησίων
482 1696 544 1770 τὰς
567 1695 686 1780 φωράς
705 1698 919 1776 ποιούμενος.
956 1697 1013 1757 καί
1028 1702 1128 1757 τοῦτο
1143 1696 1205 1774 μέν
1221 1695 1318 1756 οότω.
1356 1696 1414 1756 καί

154 1800 250 1861 κοινά
273 1817 309 1880 γε
333 1800 464 1884 ἀμφοῖν
486 1806 546 1883 τῆς
569 1805 685 1882 φωνῆς
707 1799 766 1860 οόκ
788 1795 894 1881 ὀλίγα,
918 1800 956 1860 τὸ
981 1794 1018 1860 δέ
1032 1816 1070 1879 γε
1086 1793 1248 1858 πλεῖστον
1262 1793 1412 1875 μάλιστα

154 1901 210 1963 καί
226 1904 299 1974 τοῖς
315 1896 494 1975 πλείστοις
516 1895 632 1984 δῆλον·
656 1899 726 1960 ἀπό
750 1906 817 1961 τῶν
839 1900 1000 1961 ἐναντίων
1018 1895 1118 1960 ίδεῶν
1140 1899 1197 1960 καί
1219 1894 1412 1961 διαθέσεων

155 2005 234 2077 τούς
258 1998 376 2083 λόγους
399 2002 508 2064 αὐτῶν
528 1995 788 2083 χρωματίζουσι.
827 2003 882 2063 καί
897 2002 1058 2064 Συνεσίου
1081 2002 1142 2079 μέν
1166 1999 1299 2084 εἴρηται
1321 2005 1412 2081 πέρι,
1436 2009 1465 2062 ίί

155 2107 277 2186 μέτρια
299 2107 376 2183 μέν,
407 2095 483 2164 ἀλλ’
510 2101 594 2178 ἴσως
615 2106 652 2183 γε
674 2104 734 2187 τήν
757 2103 910 2164 εὐτονίαν
938 2103 1168 2184 ἀποχρώντως
1191 2109 1411 2184 παριστῶντα

157 2207 216 2290 τής
239 2206 417 2289 ἑρμηνείας
439 2211 506 2266 τῶν
530 2200 647 2285 λόγων,
669 2203 725 2265 καί
747 2207 810 2280 ότι,
833 2205 865 2266 εί
888 2201 927 2289 δή
950 2224 1003 2279 τις
1024 2204 1082 2265 καλ
1103 2199 1215 2280 ἀλλος,
1240 2206 1357 2288 φεόγει
1373 2207 1411 2266 τό

157 2302 291 2391 ἀφελές,
309 2307 340 2367 εί
350 2308 406 2368 καί
417 2308 461 2392 μή
477 2303 586 2380 δεινός
598 2306 673 2367 ἔστι
683 2306 767 2390 μήτε
778 2305 863 2366 κατά
877 2307 981 2390 φόσιν
990 2306 1074 2390 μήτε
1092 2297 1168 2366 κατ’
1182 2302 1410 2390 ἐπιτήδευσιν.

158 2410 275 2494 φεόγει
298 2400 330 2470 δ’
357 2407 424 2484 οὖν,
448 2410 494 2483 ὡς
517 2409 613 2493 ἔφην,
638 2409 741 2470 παντί
763 2410 879 2490 τρόπῳ
904 2409 942 2468 τό
965 2403 1100 2491 ἀφελές,
1122 2409 1179 2468 καί
1194 2403 1335 2469 δόναται
1356 2410 1413 2470 καὶ

156 2511 304 2594 αἱρεῖται
332 2501 408 2571 κατ’
433 2510 519 2585 ἔθος
546 2506 706 2594 ἐπίτηδες
733 2511 789 2570 καί
822 2509 863 2570 τά
896 2505 1064 2586 καθάπαξ
1095 2505 1311 2592 εὐτελέστερα
1343 2516 1410 2571 τῶν
1434 2522 1462 2573 ²⁰

155 2615 365 2697 πραγμάτων
387 2632 423 2674 τε
445 2614 502 2674 καλ
523 2613 737 2697 ἐννοημάτων
759 2607 939 2694 ὀπιμελείφ
968 2612 1036 2672 τινὶ
1061 2619 1121 2697 τής
1150 2607 1300 2696 γλώττης
1322 2607 1411 2688 ἔξοί-

153 2735 226 2799 ρειν
249 2716 377 2799 ὁπῃοῦν
399 2716 457 2778 καί
480 2711 661 2797 λογοειόῶς
683 2710 916 2796 ἀπαγγέλλειν.
961 2715 1072 2778 Δίωνι
1095 2711 1130 2777 δέ
1155 2711 1298 2799 πλείστη
1323 2717 1411 2776 πάνυ

153 2835 208 2879 τοι
229 2825 288 2903 τῆς
311 2815 475 2903 ἀφελείας
496 2813 675 2897 ἐπιμέλεια
697 2810 771 2897 <ίν>
792 2814 839 2898 τῷ
864 2813 987 2899 λέγειν,
1015 2818 1072 2879 καί
1100 2817 1185 2878 κατά
1217 2819 1320 2902 φύσιν
1350 2817 1411 2896 μέν

154 2919 242 2980 οὕτω
265 2925 342 2994 ταῖς
364 2916 547 3005 ἀληθείαις
567 2921 689 3002 χαίρει,
713 2914 799 2979 ἀλλά
820 2920 878 2980 καλ
900 2915 988 2980 πολό
1009 2908 1104 2980 τοῦτ’
1123 2919 1219 3002 ἔργον
1242 2916 1332 3000 αὐτῷ
1355 2920 1412 2980 καλ

156 3018 307 3106 σπουδῆς
329 3024 444 3106 πάσης
472 3023 519 3097 ὡς
547 3023 658 3083 εἰπεῖν
689 3017 904 3100 ἀξιούμενον,
933 3018 1094 3106 ἐπίτηδες
1124 3016 1343 3082 πλάττεσθαι
1371 3021 1409 3081 τό
1433 3031 1462 3083 25

154 3118 280 3207 ἀφελές
301 3143 337 3184 τε
360 3124 416 3185 καί
438 3124 561 3185 ὕπτιον
583 3125 639 3184 καί
661 3123 845 3207 ἀποίητον·
872 3123 929 3184 καλ
952 3124 1068 3203 ὥσπερ
1093 3119 1132 3208 δή
1154 3144 1189 3185 τι
1211 3118 1294 3183 ἀλλο
1317 3117 1407 3204 ἀλλην

153 3245 212 3300 τω,
235 3225 291 3286 καί
314 3222 405 3306 αὐτῷ
421 3223 592 3308 πρόθεσίς
615 3220 689 3285 ἐστι
711 3215 942 3306 τὸάνωμψον,
964 3227 1021 3287 καί
1043 3228 1081 3287 τό
1104 3227 1317 3305 θαυμάσιον
1342 3221 1409 3286 δει-

153 3328 253 3409 νότης
269 3327 360 3388 έστίν
376 3323 467 3406 αὐτῷ
488 3327 573 3388 κατά
589 3323 742 3406 μέθοδον
756 3331 775 3411 ή
793 3323 948 3412 ἀφέλεια,
971 3328 1027 3388 καλ
1041 3328 1126 3389 κατά
1143 3330 1246 3412 φύσιν
1263 3323 1408 3388 δοκοῦσα

154 3423 242 3488 πολό
258 3424 385 3506 μᾶλλόν
402 3429 495 3490 έστιν
510 3428 723 3509 ὑποκρίσεως
739 3429 845 3510 ἔργον,
868 3430 924 3490 καί
938 3431 977 3490 τό
994 3432 1169 3491 πειστικὸν
1186 3430 1267 3492 αότό
1281 3426 1408 3508 μᾶλλον

154 3534 298 3613 πράττει
319 3538 362 3615 τῇ
385 3527 528 3614 δοκούσῃ
551 3551 587 3612 γε
610 3526 784 3613 ἀπλαστίρι
805 3533 862 3592 καί
885 3528 933 3612 τῷ
956 3536 1148 3616 φαινομένῳ
1173 3528 1280 3614 ῥᾳδίῳ
1304 3551 1340 3594 τε
1355 3533 1411 3593 καί
1431 3543 1461 3594 30

154 3627 369 3716 ἀτημελήτῳ,
397 3633 454 3694 καλ
481 3633 543 3707 τάς
572 3633 743 3717 έννοήσεις
771 3627 891 3706 άπλῶς
918 3632 965 3706 ὡς
993 3633 1104 3694 εἰπεῖν
1137 3636 1322 3717 προφέρων
1350 3633 1408 3694 καλ

153 3733 319 3815 ἀκόμψως
333 3736 516 3817 χρώμενος,
534 3735 580 3809 ὡς
595 3735 661 3818 ἀρα
676 3725 758 3818 μηδ’
776 3736 822 3795 ὢν
838 3735 873 3794 έν
890 3730 1049 3818 φροντίδι
1066 3735 1132 3796 τινί
1146 3730 1299 3813 μεθόδου
1315 3735 1407 3808 τινός

152 3836 209 3897 καλ
237 3832 452 3920 διοικήσεως,
487 3834 526 3897 εδ
555 3826 638 3916 μάλ’
669 3829 914 3920 έπηλυγάζεται
946 3837 1003 3898 καλ
1032 3832 1215 3898 λανθάνειν
1244 3843 1407 3919 πειράται

154 3933 318 3998 συνέλκων
342 3937 510 4012 ἀσείστως
530 3958 567 3999 τε
588 3940 644 4001 καί
667 3938 875 4013 ἀνυπόπτως
896 3940 954 4000 τόν
977 3938 1144 4026 ἀκροατήν
1166 3927 1262 4023 <έφ’>
1285 3939 1306 3999 ἀ
1327 3940 1406 4020 βοό-

154 4035 257 4116 λεται,
280 4041 325 4124 μή
350 4043 648 4124 προσποιούμενος
664 4035 902 4123 ἀγωνίζεσθαι.
940 4042 997 4102 καὶ
1020 4037 1120 4126 δῆλός
1134 4043 1209 4103 ἔστι
1223 4043 1284 4120 μὲν
1301 4043 1408 4117 οὕτως
1428 4053 1458 4102 35

153 4133 210 4224 ἀρ’
236 4143 330 4221 ἔχων,
354 4140 389 4204 εἴ
406 4164 460 4217 τις
483 4142 541 4222 οὐχ
563 4140 737 4218 ἁπλοϊκῶς
759 4143 941 4222 ἐμπίπτων
963 4142 1003 4205 εδ
1014 4135 1097 4223 μάλ’
1116 4139 1214 4220 ἀξιοῖ
1227 4147 1406 4224 προσέχειν

238 4381 318 4449 δόσι
334 4392 436 4448 inserui
505 4397 536 4447 1⁰
554 4394 717 4465 συνυφαίνει
734 4391 841 4464 εεάρεί,
859 4393 1131 4464 συνυφαίνωντολςο
1185 4397 1217 4448 12
1235 4389 1287 4460 τάς
1304 4389 1407 4467 φωράς

152 4475 439 4634 ηηάφὲί,1τῃήςθτηγίοράς
455 4479 534 4548 vulgo
617 4483 650 4534 23
667 4477 700 4536 έν
716 4479 819 4534 innomi
905 4482 938 4533 32
955 4471 1023 4551 μηδ’
1041 4473 1084 4534 ἀν
1101 4477 1207 4548 scripsi,
1224 4478 1310 4552 μηδὲν
1327 4480 1405 4548 vulgo
