3452 5264
569 354 818 413 comN‘rfflAcA
834 353 972 412 xxxva
1360 353 1401 414 23

149 531 403 608 κατοικούντων,
425 531 472 605 ὡς
495 529 533 592 εδ
553 531 612 592 τδν
633 528 740 616 ἀνδρα
761 532 818 594 καί
841 527 1034 617 φιλοκάλως
1061 531 1293 613 ἀμειψάμενοι
1314 532 1401 616 δττέρ

149 638 211 694 τοῦ
230 637 346 715 γένους
367 639 429 696 τοῦ
447 635 620 718 Δωρικοῦ,
650 630 693 696 οδ
718 636 777 720 τῆν
807 637 923 719 φωνῆν
949 635 1133 719 ἐπησκήκει
1159 635 1238 717 άχρι
1265 642 1328 697 τοῦ
1346 636 1404 698 καί

153 729 259 815 λέγειν
282 731 423 810 δυνατδς
445 734 542 798 εἶναι.
586 737 618 798 εί
641 733 679 799 δέ
699 757 753 812 τις
776 737 814 798 οὐ
835 738 1012 812 Λευκανὸς
1035 737 1097 812 ῶν,
1124 733 1209 798 ἀλλὰ
1228 728 1401 818 Ῥωμαῖος,
1414 738 1455 800 25

152 831 229 898 οδδδ
251 843 314 898 τοῦ
333 833 499 922 πλῆθους,
521 833 606 900 ἀλλά
628 845 696 902 τῶν
718 840 957 924 ίπποτρόφων,
982 835 1058 900 οδδέ
1080 839 1140 924 τῆν
1164 841 1279 925 φωνην
1299 842 1404 919 μόνον

115 945 132 998 ί
154 933 239 1000 άλλά
260 940 317 1001 καί
338 941 398 1026 τῆν
417 941 550 1025 γνώμην
571 943 628 1004 καί
648 943 709 1027 τῆν
731 937 866 1004 δίαιταν
886 942 943 1004 καί
964 942 1003 1004 τδ
1028 947 1137 1026 σχῆμα
1158 947 1226 1005 τῶν
1244 930 1405 1028 Ἑλλήνων

149 1035 332 1126 ἐζηλωκώς,
354 1043 411 1104 καὶ
431 1034 536 1104 ταῦθ’
562 1044 669 1119 οὕτως
683 1045 850 1129 ἐγκρατῶς
864 1045 921 1107 καί
936 1049 1146 1129 περιφανῶς,
1169 1044 1217 1120 ὡς
1239 1045 1316 1107 οδτε
1337 1051 1404 1107 τῶν

149 1144 218 1228 πρδ
250 1145 355 1206 αὑτοῦ
378 1133 550 1225 Ῥωμαίων
581 1146 657 1209 οὔτε
685 1154 754 1210 τῶν
782 1137 867 1209 καθ’
900 1148 1001 1210 αὑτὸν
1024 1137 1187 1230 Ἑλλήνων
1222 1147 1406 1231 (είρῆσεται

148 1243 224 1326 γάρ)
247 1241 324 1308 οδδέ
353 1246 419 1322 είς·
447 1253 515 1310 τῶν
542 1250 605 1328 μδν
632 1249 695 1332 γάρ
714 1243 876 1334 Ἑλλῆνων
901 1250 981 1324 τοδς
1009 1249 1170 1332 ἀρίστους
1199 1249 1291 1311 ἐστιν
1321 1243 1406 1312 ίδεῖν

150 1349 258 1410 ἐκεῖσε
287 1349 375 1432 πρδς
402 1349 444 1411 τά
472 1356 540 1413 τῶν
563 1338 735 1432 Ῥωμαίων
766 1354 948 1436 πράγματα
984 1348 1246 1427 ἀποκλίνοντας,
1282 1351 1341 1412 τδν
1369 1345 1405 1412 δέ

103 1455 133 1510 1⁰
155 1441 373 1536 [προστάτην]
396 1453 483 1536 πρδς
505 1453 547 1515 τά
562 1460 630 1516 τῶν
641 1444 802 1538 Ἑλλήνων
816 1455 873 1517 καί
887 1455 1016 1516 τοδτων
1032 1456 1126 1516 ἐνεκα
1140 1454 1197 1515 καί
1212 1454 1271 1539 τῆν
1288 1451 1407 1514 οὐσίαν

150 1554 208 1615 καί
228 1554 267 1615 εδ
291 1550 469 1618 πολιτικὸν
490 1551 624 1636 ἀξίωμα
646 1549 837 1620 καὶπάνθ’
863 1553 983 1633 άπλῶς
1006 1560 1219 1640 προϊέμενον,
1243 1543 1288 1618 ἐν’
1315 1551 1406 1636 αὐτῷ

10 1664 137 1718 (111311)
153 1663 255 1741 περιῇ
277 1657 313 1719 ἐν
335 1659 411 1720 ἀντί
432 1661 570 1722 πάντων
585 1651 720 1745 Ἕλληνι
748 1656 859 1723 δοκεῖν
881 1680 919 1724 τε
938 1661 995 1724 καί
1017 1658 1106 1723 εἶναι
1127 1691 1169 1704 -
1191 1653 1266 1721 εἶτα
1288 1661 1407 1717 τοῦτον

154 1757 212 1820 αδκ
240 1760 338 1846 ἐχρῆν
366 1752 453 1843 παρ’
476 1762 555 1841 ὑμῖν
578 1765 719 1825 δστάναι
736 1759 880 1843 χαλκοῦν
888 1784 900 1840 ,·
926 1764 983 1826 καί
1008 1767 1094 1824 κατὰ
1118 1757 1219 1824 πόλιν
1241 1773 1294 1843 γε·
1317 1747 1402 1840 παρ’
1418 1758 1459 1820 26

153 1861 232 1941 ὑμῖν
253 1865 325 1941 μέν,
347 1865 402 1924 δτι
419 1853 583 1944 Ῥωμαῖος
605 1866 652 1926 ῶν
675 1861 936 1950 ἀφηλληνίσθη,
959 1865 1076 1947 ῶσπερ
1098 1867 1118 1950 ῆ
1143 1864 1267 1946 πατρίς
1288 1865 1308 1948 ῆ
1330 1861 1408 1940 δμε·

107 1969 136 2022 u
151 1967 242 2044 τέρα,
265 1965 359 2047 παρά
377 1954 579 2050 Ἀθηναίοις
595 1962 641 2044 δέ,
664 1970 718 2030 δτι
740 1962 901 2044 ἀττικίζει
922 1975 964 2052 τῆ
988 1975 1095 2053 φωνῆ,
1118 1966 1213 2048 παρά
1235 1958 1408 2028 Λακεδαι-

154 2065 288 2144 μονίοις
311 2063 365 2141 δέ,
393 2069 447 2130 δτι
470 2064 744 2153 φιλογυμναστεῖ,
767 2069 861 2152 παρά
886 2075 972 2132 πάσι
993 2066 1046 2146 δέ,
1068 2069 1123 2131 δτι
1145 2065 1338 2154 φιλοσοφεῖ
1353 2065 1409 2126 καί

156 2162 305 2242 πολλοὺς
325 2167 388 2248 μεν
409 2166 473 2253 ῆδη
495 2174 563 2231 τῶν
582 2160 743 2254 Ἑλλήνων
765 2172 870 2256 ἐπῆρε
894 2166 1201 2256 συμφιλοσοφῆσαι
1223 2163 1329 2250 αὐτῷ,
1352 2165 1410 2227 οδκ

156 2263 289 2350 ὀλίγους
312 2264 348 2331 δέ
370 2271 426 2332 καί
448 2275 515 2333 τῶν
535 2270 717 2355 βαρβάρων
738 2273 972 2335 ἐπεσπάσατο.
1023 2261 1083 2334 ἐπ’
1115 2271 1197 2333 αδτδ
1219 2270 1282 2354 γάρ
1304 2274 1404 2330 τοῦτο
1418 2268 1458 2330 27

155 2371 212 2432 καί
233 2366 343 2432 ἐδόκει
364 2372 433 2434 δπδ
455 2377 523 2434 τῶν
544 2372 639 2435 θεῶν
662 2372 735 2435 οίον
757 2369 954 2459 ἐξεπίτηδες
974 2373 1256 2445 κατεσκευάσθαι,
1273 2361 1411 2454 Ἕλλησι
1536 2385 1541 2392 ’

107 2479 138 2534 2)
157 2475 235 2551 μίν,
265 2473 320 2535 ίνα
343 2474 466 2554 ἔχωσιν
489 2476 523 2537 οί
544 2477 725 2559 ἐπιχώριοι
745 2485 805 2563 τῆς
823 2467 979 2552 Ἑλλάδος
1001 2472 1217 2559 παράδειγμα
1246 2474 1293 2550 ὡς
1316 2463 1412 2536 οὐδὲν

154 2574 193 2636 τδ
216 2571 451 2662 παιδευθῆναι
472 2584 534 2639 τοῦ
555 2584 660 2663 φῶναι
682 2579 770 2661 πρδς
791 2580 830 2641 τδ
847 2576 958 2642 δοκεῖν
973 2575 1150 2664 διαφέρει·
1168 2570 1348 2657 Ῥωμαίοις
1363 2571 1410 2652 δέ,

155 2677 210 2740 ἱνα
231 2669 315 2762 μηδ’
341 2680 375 2741 οἱ
396 2681 436 2742 τδ
459 2676 549 2742 ἴδιον
563 2675 698 2762 ἀξίωμα
714 2678 998 2767 περιβεβλημένοι
1012 2683 1051 2743 τδ
1068 2675 1302 2744 παιδεύεσθαι
1323 2680 1411 2762 πρδς

45 2789 142 2844 (m)
155 2779 193 2841 τδ
217 2775 351 2862 ἀξίωμα
374 2788 570 2865 παρορῶσι·
593 2779 738 2859 Κελτοῖς
760 2779 807 2860 δέ,
831 2783 886 2846 ίνα
907 2779 992 2869 μηδὲ
1015 2789 1083 2846 τῶν
1098 2782 1278 2866 βαρβάρων
1292 2777 1411 2867 μηδείς

154 2881 391 2968 ἀπογιγνώσκῃ
414 2892 473 2970 τῆς
491 2871 680 2972 Ἑλληνικῆς
702 2881 873 2963 παιδείας,
895 2883 1033 2967 βλέπων
1055 2887 1105 2961 είς
1126 2891 1255 2947 τοῦτον.

105 2991 136 3044 25
242 2985 373 3071 ἐστάθη
396 2989 458 3066 μέν
481 2987 539 3050 οδν
555 2984 611 3050 διδ
626 2989 787 3064 τοιαύτας
801 2988 898 3064 τινάς
912 2991 1108 3075 προφάσεις
1123 2983 1193 3070 (ἵνα
1207 2987 1253 3071 μῆ
1270 2981 1412 3060 πλείους

156 3079 260 3165 λέγων
283 3079 370 3146 δοκῶ
393 3086 556 3167 προάγειν
577 3086 722 3166 ἐμαυτδν
744 3087 794 3160 είς
815 3083 1028 3165 ἀπέχθειαν),
1053 3086 1127 3148 ἐστι
1149 3077 1183 3149 δ’
1209 3078 1269 3167 οάχ
1290 3090 1408 3169 δμοιον
1421 3083 1462 3148 28

18 3197 143 3254 (σοαπ)
156 3185 243 3269 δπέρ
265 3187 484 3260 ἀναστάσεως
506 3187 635 3262 είκδνος
656 3183 884 3268 βουλεύεσθαι
906 3189 962 3250 καί
982 3187 1228 3272 καθαιρέσεως.
1278 3187 1335 3252 διά
1358 3191 1412 3273 τί,·

155 3289 210 3350 δτι
236 3290 377 3362 ἕκαστος
403 3290 532 3350 τούτων
558 3295 625 3351 τῶν
658 3280 743 3373 παρ’
774 3290 852 3369 ὑμῖν
880 3291 1123 3370 ἀνακειμένων,
1154 3289 1223 3354 εἴτε
1251 3285 1412 3374 (βελτίων

243 3582 316 3655 δάς
332 3601 386 3644 σευ.
403 3584 434 3640 Μ
503 3577 627 3644 ’ίαάτοῦ
643 3583 667 3641 U
685 3579 774 3646 αὑτοῦ
791 3587 845 3644 ΒΜ
921 3589 1034 3659 evulgo
1051 3589 1121 3645 δεεσ
1136 3589 1177 3646 it·
1195 3589 1326 3647 eduntur:
1344 3587 1413 3659 τοὺς

156 3667 294 3748 ἀρίστους
310 3667 407 3730 ἔπεισε
424 3670 501 3746 πρὸς
516 3674 579 3738 (σοι.
597 3665 675 3730 ἔστιν
691 3671 786 3742 Imm
807 3673 933 3744 ιρεαίοιι
957 3689 1025 3730 une
1047 3675 1142 3742 Ιοαιῐο,
1166 3689 1236 3745 qm
1255 3681 1346 3731 ειωεα
1363 3690 1414 3732 σεο

157 3759 288 3816 librorum
303 3758 468 3815 ιααίοτίιαεε
483 3756 598 3814 fulcitur
615 3771 666 3813 σεε
684 3757 801 3814 conexu!
818 3763 884 3829 τρία
902 3763 945 3816 εει
1018 3764 1035 3815 9
1053 3753 1282 3826 ἀποκλείνοντσς
1298 3758 1329 3814 Μ

161 3849 192 3901 1⁰
210 3843 377 3917 προστάτην
393 3843 500 3910 muni,
517 3841 727 3914 dittognphim
743 3857 805 3901 ετεε
822 3849 900 3901 ntus
988 3849 1019 3900 11
1038 3845 1213 3917 προϊέμενον
1229 3844 1301 3912 libri,
1318 3844 1414 3918 προϊδ-

157 3949 246 4000 μενος
262 3928 391 3986 Reiskiu·
498 3931 529 3984 12
546 3923 578 3984 ἓν
595 3926 660 3985 ἀντὶ
677 3923 795 3987 πάντων
813 3929 953 3997 Valesius.
974 3927 1109 3988 ἐναντίον
1131 3926 1251 3988 πάντων
1266 3929 1330 3987 llbrl

161 4021 192 4071 17
210 4013 472 4088 συμφιλοσοφῆσαι
482 4013 553 4081 libri,
566 4027 636 4070 corr.
649 4013 758 4070 ΘεάΙατ
815 4021 845 4071 18
862 4007 914 4072 ἐπ’
927 4009 998 4075 αὐτὸ
1012 4015 1128 4082 Βελδεα,
1145 4013 1364 4074 ἐπέπαυτολίδελ

158 4103 248 4160 τοῦτο
270 4115 323 4157 σω.
340 4098 367 4155 U
454 4103 487 4154 19
510 4094 602 4172 ἐλληνι
619 4097 669 4156 UB
755 4103 789 4156 20
812 4095 926 4172 ἔχουσιν
943 4100 974 4156 Μ
1059 4097 1100 4169 αἱς
1120 4115 1173 4156 om.
1191 4099 1222 4155 M
1307 4104 1338 4156 21
1358 4104 1415 4158 δια·

158 4187 258 4260 φέρειν
275 4185 323 4242 UB
392 4189 425 4241 22
442 4178 648 4244 malim-msto!
666 4185 708 4241 vel
726 4175 808 4244 οὗτοι
824 4203 875 4256 σεο
893 4185 922 4244 οί
990 4190 1024 4243 2⁴
1041 4180 1227 4260 άντογινιδσκη
1244 4185 1269 4242 U
1338 4181 1414 4258 mr}

159 4291 219 4330 ναν
236 4271 260 4328 U
275 4275 358 4339 (οοπ.
375 4271 416 4340 Μ)
521 4275 554 4327 2ο
570 4267 681 4345 ἐστάθη
698 4272 803 4342 scripsi,
821 4263 948 4346 ἐστάθην
965 4271 1041 4342 δοιάς
1058 4273 1147 4342 prim
1163 4285 1283 4343 ρετιοαε
1299 4285 1369 4341 quae
1386 4271 1414 4326 in

158 4357 318 4427 parenthesi
333 4351 479 4428 (ἐμαυτὸν)
496 4355 563 4412 ferri
579 4361 678 4428 potent,
696 4355 741 4413 λάε
757 4357 946 4426 intolerabilis,
964 4357 1028 4430 qula
1044 4357 1087 4413 hl·
1104 4359 1193 4416 vorbis
1210 4355 1364 4426 tuimur
1380 4355 1416 4412 ιδ

159 4458 188 4512 p.
207 4447 288 4510 2219
306 4433 352 4501 δτι
367 4442 421 4514 μὲν
433 4433 485 4501 σάν
501 4446 641 4508 καλῶς-
653 4439 764 4516 ἐστάθη
819 4447 853 4498 26
865 4439 1006 4518 προάγειν
1022 4443 1113 4514 Εαιρ,
1130 4439 1290 4518 προσάγειν
1301 4439 1365 4498 libri

161 4532 193 4582 27
211 4525 385 4602 καθάρσεως
401 4528 425 4585 U
496 4531 528 4583 28
545 4529 668 4598 βελτίων
686 4524 742 4587 εἴτε
759 4527 821 4584 εδδ.
839 4527 922 4585 Dind.
940 4526 1050 4586 εεαοίίιτ
1068 4530 1259 4587 Cambonum
