3452 5264
337 313 376 372 16
734 310 858 369 Diouis
875 311 1200 370 BOBYSTHENITIGA

333 493 459 569 κόσμον
482 482 592 572 εύειόη
615 486 671 549 καί
691 483 793 550 καλόν
816 489 1010 573 ἀμηχάνως,
1035 485 1123 551 πολύ
1147 485 1186 575 ύη
1217 469 1451 574 λαμπρότερον
1473 493 1492 578 ἢ
1519 492 1592 568 οἷος

334 593 456 676 όράται
471 597 537 653 νύν.
576 591 688 652 πάντα
710 591 773 674 χάρ
797 609 864 651 που
886 592 943 652 καί
957 586 1063 652 τύλλα
1080 592 1159 675 έρχα
1182 598 1250 654 τῶν
1265 589 1477 678 δημιουργῶν
1491 597 1591 658 καινά

334 695 405 757 ἀπό
424 700 484 779 τῆς
499 696 615 776 τέχνης
635 692 693 754 καί
707 698 774 753 τῶν
787 698 909 777 χειρῶν
926 701 1131 778 παραχρῆμα
1147 701 1210 755 τού
1224 695 1434 779 ποιήσαντος
1450 697 1591 780 κρείττω

331 797 389 860 καί
418 791 652 878 στιλπνότερα.
703 795 853 856 καὶτῶν
884 801 999 880 φυτῶν
1027 796 1068 857 τά
1098 797 1244 880 νεώτερα
1267 787 1498 882 εὐθαλέστερα
1524 807 1592 863 τῶν

332 893 491 960 παλαιῶν
512 893 573 959 όλα
595 916 632 958 τε
654 892 817 977 βλαστοῖς
844 897 989 960 ἐοικότα.
1038 898 1182 984 καὶμὴν
1209 900 1252 960 τά
1273 918 1310 980 χε
1334 893 1402 981 ζῷα
1431 889 1589 987 εὐχάριτα
1612 914 1628 964 ύ

332 1002 390 1064 καί
411 1007 565 1086 προσηνῆ
589 996 675 1062 ίύεῖν
697 999 783 1079 μετά
805 1001 865 1085 την
888 1004 1029 1082 χένεσιν,
1054 991 1092 1062 ού
1114 1003 1218 1080 μόνον
1232 1001 1275 1062 τά
1290 997 1454 1065 κάλλιστα
1470 994 1593 1072 αὐτῶν,

333 1099 446 1165 πῶλοί
467 1122 503 1165 τε
525 1104 582 1166 καί
601 1099 727 1182 μόσχοι
748 1103 805 1166 καί
828 1098 996 1180 σκύλακες,
1020 1099 1178 1166 ἀλλὰκαὶ
1200 1102 1333 1189 θηρίων
1359 1109 1498 1186 σκύμνοι
1520 1113 1588 1169 τῶν
1603 1123 1652 1174 (ιω
1665 1121 1710 1168 ιιι]

281 1200 561 1291 δθάχριωτάτων.
598 1208 617 1288 'i
645 1207 707 1285 μὲν
729 1205 792 1290 χάρ
815 1205 1005 1290 ἀνθρώπου
1029 1209 1134 1291 φύσις
1156 1208 1262 1291 νηπία
1285 1211 1364 1270 τότε
1385 1210 1442 1272 καὶ
1463 1207 1589 1296 ύύαρης

333 1307 434 1388 όμοία
456 1308 637 1393 Δήμητρος
659 1304 776 1370 ἀτελεῖ
791 1303 892 1392 χλόῃ,
915 1303 1136 1389 προελθοῦσα
1161 1306 1197 1372 di
1221 1310 1271 1384 είς
1292 1313 1332 1372 τό
1354 1313 1476 1396 μέτρον
1500 1313 1591 1396 ὥρας

331 1411 389 1473 καί
410 1406 568 1494 νεότητος
590 1411 719 1484 παντὸς
741 1411 887 1489 ἀτεχνῶς
916 1417 1025 1495 φυτοῦ
1051 1415 1203 1494 κρεῖττον
1231 1413 1288 1475 καί
1318 1415 1589 1499 ἐπιφανέστερον
1613 1419 1643 1480 10
1656 1429 1710 1482 ιωιι

332 1509 520 1596 βλάστημα.
563 1512 584 1572 ό
606 1506 642 1572 ύὲ
666 1506 800 1590 ξύμπας
823 1503 967 1596 οὐρανός
987 1533 1023 1575 τε
1039 1513 1095 1575 καί
1109 1509 1246 1594 κόσμος,
1269 1516 1324 1578 ότε
1340 1522 1477 1600 πρῶτον
1501 1531 1593 1578 συνε-

331 1610 490 1698 τελέσθη,
505 1611 693 1696 κοσμηθεὶς
707 1613 776 1674 ύπό
791 1620 851 1698 τῆς
867 1616 1072 1700 σοφωτάτης
1087 1635 1123 1678 τε
1139 1616 1196 1678 καί
1210 1616 1352 1701 ἀρίστης
1365 1622 1491 1702 τέχνης,
1513 1617 1594 1700 ἀρτι

335 1723 402 1778 τῶν
431 1722 494 1776 τοῦ
514 1711 719 1798 όημιουργού
737 1721 861 1798 χειρῶν
883 1712 1162 1800 ἀπηλλαγμένος,
1192 1713 1349 1802 λαμπρός
1376 1721 1433 1783 καί
1454 1716 1593 1806 όιαυχης

333 1819 390 1881 καί
413 1824 501 1880 πᾶσι
521 1820 596 1890 τοῖς
616 1819 736 1898 μέρεσι
759 1818 986 1904 παμφαίνων,
1009 1819 1133 1904 νήπιος
1155 1821 1217 1899 μέν
1240 1818 1361 1884 ούύένα
1381 1819 1501 1906 χρόνον
1523 1823 1593 1904 ἐχέ-

334 1939 409 1984 νετο
433 1911 510 1982 ouidi
527 1918 678 2004 ἀσθενής
691 1919 776 1982 κατά
791 1922 851 2005 την
867 1921 1090 2007 ἀνθρωπίνην
1106 1943 1142 1985 τε
1156 1924 1213 1986 καί
1227 1923 1357 2010 θνητηυ
1371 1931 1431 2009 τῆς
1455 1925 1590 2009 φύσεως
1615 1939 1644 1990 15

284 2035 324 2099 60
337 2024 537 2099 ἀσθένειαν,
567 2024 642 2104 νέος
670 2017 706 2083 ἀί
729 2024 786 2086 καί
807 2018 963 2104 ἀκμάζων
985 2011 1091 2101 εὐθύς
1121 2026 1191 2088 ἀπό
1220 2033 1281 2111 τῆς
1310 2027 1420 2111 ἀρχῆς.
1467 2029 1523 2090 ότε
1552 2025 1590 2113 dv)

334 2126 391 2189 καί
413 2126 431 2187 ό
455 2122 658 2212 δημιουργός
681 2115 786 2188 αύτού
804 2127 862 2189 καί
885 2129 996 2213 πατὴρ
1026 2124 1109 2190 ίάὼν
1131 2129 1225 2213 ῆσθη
1248 2131 1309 2209 μὲν
1333 2117 1506 2209 ούάαμῶς·
1535 2150 1593 2191 τα·

336 2229 454 2290 πεινύν
481 2227 543 2312 γάρ
573 2228 608 2289 έν
636 2233 814 2303 ταπεινοῖς
843 2236 943 2291 τούτο
980 2230 1115 2306 πάθος·
1151 2232 1251 2315 ἐχάρη
1289 2228 1325 2294 di
1354 2232 1411 2294 καί
1439 2232 1591 2316 ἐτέρφθη

336 2327 570 2416 διαφερόντως

488 2435 610 2518 ἥμενος
636 2425 821 2514 Οὐλύμπῳ,
843 2428 1004 2514 ἐχάλασσε
1026 2430 1064 2494 όέ
1087 2434 1121 2495 οί
1145 2429 1245 2518 φίλον
1267 2431 1349 2520 ἦτορ
1614 2450 1645 2500 νο

488 2536 674 2619 γηθοσύνη,
698 2526 758 2598 ὅθ’
785 2535 888 2617 όρᾶτο
911 2533 1017 2608 θεούς

336 2639 415 2714 τούς
438 2639 592 2714 ἅπαντας
614 2635 677 2723 ῆύη
700 2639 880 2720 γεγονότας
900 2637 957 2699 καί
980 2628 1163 2720 παρόντας.
1215 2640 1275 2723 την
1299 2634 1336 2700 ἀὲ
1358 2637 1436 2702 τότε
1457 2646 1595 2730 μυρφην

335 2748 397 2803 τού
415 2737 561 2820 κόσμου,
591 2737 675 2822 λέγω
699 2737 735 2803 di
758 2739 818 2824 την
840 2759 877 2801 τε
901 2739 991 2823 ὥραν
1012 2739 1069 2801 καί
1090 2740 1129 2800 τό
1151 2734 1274 2814 κάλλος
1296 2740 1349 2803 άεί
1370 2737 1476 2804 καλοῖ
1498 2747 1595 2822 όντος

335 2844 530 2929 ἀμηχάνως,
560 2835 671 2918 ούόείς
694 2832 826 2905 ύύναιτ’
858 2842 900 2903 ἀν
922 2840 1119 2925 ἀνθρώπων
1142 2837 1370 2927 όιανοηθηναι
1398 2844 1455 2905 καί
1482 2847 1596 2911 εἰπεῖν

335 2942 439 3024 ἀξίως
471 2946 547 3008 ούτε
581 2952 648 3008 τῶν
676 2953 733 3008 νύν
762 2943 838 3006 ούτε
866 2949 934 3006 τῶν
964 2945 1146 3027 πρότερον,
1173 2943 1204 3006 εί
1232 2945 1277 3028 μη
1302 2943 1445 3007 Μοῦσαί
1473 2967 1510 3008 τε
1536 2951 1593 3011 καὶ
1617 2959 1647 3010 26

332 3041 510 3112 Ἀπόλλων
531 3051 567 3111 έν
589 3048 676 3129 θείῳ
700 3044 824 3132 ῥυθμῷ
847 3054 907 3132 τῆς
929 3042 1129 3129 εἰλικρινοῦς
1157 3067 1193 3109 τε
1214 3047 1272 3109 καί
1293 3047 1398 3130 ἄκρας
1420 3049 1594 3133 ἁρμονίας.

284 3156 323 3219 61
337 3152 420 3215 ὅθεν
444 3148 482 3236 dr>
505 3152 674 3236 καίημεῖς
688 3151 841 3230 ἐάσωμεν
863 3149 905 3210 τά
928 3155 995 3224 νύν,
1017 3149 1097 3210 όσον
1119 3152 1199 3232 ημῖν
1222 3144 1364 3236 δυνατόν
1386 3151 1515 3234 ἐπάραι
1537 3155 1596 3213 τόν

336 3251 435 3337 λόγον
469 3245 528 3316 ούκ
561 3254 770 3338 ὀκνήσαντες.
824 3252 856 3314 εί
890 3247 926 3313 ἀί
960 3251 1105 3331 ἀτεχνῶς
1132 3248 1266 3337 ύιμηλὸν
1296 3272 1333 3314 τε
1359 3253 1417 3316 καί
1443 3249 1597 3338 ἐξίτηλον

335 3358 446 3443 ἀπέβη
477 3359 515 3419 τό
543 3363 606 3418 τοῦ
634 3347 734 3437 λόγου
766 3362 894 3440 σχῆμα,
925 3354 1041 3438 ὥσπερ
1066 3355 1100 3416 ού
1122 3351 1227 3418 ύεινοί
1249 3356 1330 3438 περί
1351 3358 1431 3432 τούς
1453 3356 1597 3440 όρνιθάς

337 3477 425 3546 φασι
452 3461 510 3524 τόν
540 3455 675 3544 σφόδρα
704 3459 774 3520 ύνω
800 3457 1002 3542 χωρήσαντα
1032 3458 1184 3532 καὶτοῖς
1212 3462 1351 3543 νέφεσιν
1380 3459 1593 3542 ἐγκρύψαντα
1617 3471 1648 3520 σο

337 3565 438 3627 αὐτόν
460 3558 559 3646 ἀτελῆ
583 3562 644 3645 τὴν
666 3561 828 3641 μαντείαν
852 3564 976 3636 ποιεῖν,
1000 3551 1060 3621 οὐκ
1074 3560 1132 3638 ἐμὲ
1150 3555 1245 3636 ἀξιον
1267 3560 1462 3638 αἰτιᾶσθαι,
1485 3562 1545 3646 την
1562 3557 1597 3622 di

282 3707 284 3712 -
337 3665 600 3751 Βορυσθενιτῶν
624 3659 777 3740 ἀξίωσιν,
801 3663 848 3738 ὡς
870 3655 949 3724 τότε
971 3663 1093 3724 ἐκεῖνοι
1118 3658 1223 3743 λέγειν
1247 3657 1471 3746 προσέταξαν.

422 3833 437 3883 2
456 3823 546 3903 δρᾶτε
563 3827 593 3882 Μ
644 3820 730 3885 καινὰ
748 3826 885 3892 nolimus,
904 3827 953 3881 καὶ
970 3817 1007 3882 τά
1018 3823 1081 3881 libri
1133 3827 1148 3876 3
1166 3827 1214 3881 καί
1233 3828 1292 3882 ταῖν
1303 3829 1412 3897 χειρῶν
1429 3841 1482 3882 om.
1498 3823 1546 3881 UT

338 3905 428 3972 όύλα
447 3933 479 3972 τε
497 3913 567 3978 libri,
586 3903 643 3972 ὅσα
661 3931 694 3970 τε
711 3910 837 3968 Roinkiun
927 3901 1081 3981 εύχάριοτα
1100 3906 1174 3964 UBT
1269 3914 1362 3968 ύόεῖυ
1380 3908 1409 3963 Μ
1494 3906 1601 3968 Θτύτε

340 3999 447 4070 scripsi,
465 4019 498 4058 τε
514 3998 577 4054 libri
660 4003 687 4052 11
709 3991 725 4054 ὁ
744 3993 897 4064 discripsi,
916 3987 933 4050 ό
952 3989 984 4065 δὴ
1002 3992 1065 4048 libri
1136 3999 1167 4049 14
1184 3990 1287 4068 νήπιος
1303 3997 1325 4049 Β
1343 3991 1447 4069 ῥὴπιος
1462 3993 1541 4050 ΜῦΤ

342 4088 374 4140 ιό
392 4079 424 4155 δὴ
443 4087 492 4142 καί
511 4079 529 4141 ύ
549 4098 601 4140 om.
618 4082 660 4150 Μ,
676 4081 750 4152 quod
766 4079 832 4136 ferri
847 4092 930 4148 ροιτε
948 4077 972 4132 nl
990 4067 1009 4134 ὅ
1026 4097 1057 4136 τε
1075 4078 1212 4134 scribunt
1229 4087 1322 4136 censet
1335 4081 1415 4151 Εωρ.
1468 4083 1500 4136 20
1518 4077 1600 4137 Hom.

339 4169 371 4225 11.
389 4173 432 4240 21,
451 4173 503 4226 389
511 4183 560 4238 sq.,
578 4167 628 4225 ubi
643 4162 732 4233 θεοὺς
748 4159 817 4237 ἔριόι
835 4158 996 4232 ξυνιόνταςί
1084 4166 1117 4219 23
1134 4163 1227 4237 λέγων
1244 4162 1295 4237 τήν
1313 4186 1344 4223 τε
1362 4166 1413 4224 ΠΤ
1476 4170 1508 4222 25
1527 4186 1602 4238 προ-

341 4254 435 4329 τέρων
452 4253 526 4310 UBT
630 4256 664 4308 26
681 4241 744 4309 θύω
761 4249 791 4304 Μ
895 4253 926 4304 21
944 4246 1070 4320 ἐάσομεν
1088 4247 1117 4302 Μ
1221 4254 1254 4306 28
1270 4247 1407 4325 ἐξῆτηλον
1424 4251 1454 4307 Μ
1470 4249 1602 4323 έξῆτιλον

342 4338 415 4394 Um.
434 4354 476 4410 pr.
546 4341 580 4394 ³0
598 4331 829 4410 ἀναχωρήσαντα
848 4334 921 4391 UB'l'
1002 4339 1033 4390 ³1
1053 4328 1144 4393 αὐτὸν
1161 4335 1192 4391 Μ
1265 4340 1297 4392 ³2
1315 4341 1553 4411 βαρυσθενειταῖν
1572 4337 1603 4392 Μ

337 4427 563 4496 βωρυσθενιτιόυ
580 4421 604 4478 U
674 4420 766 4494 λέγειν
784 4417 890 4480 ἐκεῖνον
908 4419 973 4486 (hoo
989 4419 1059 4486 ord.)
1077 4419 1152 4477 UBT
