3466 5268
352 394 392 453 48
768 391 892 450 DIONIS
910 392 960 450 DE
980 391 1190 450 CONCORDIA

312 573 490 644 καέντος.
542 570 619 631 ἐπεί
648 565 683 631 δέ
715 569 817 654 ἀρχὴν
846 566 980 649 ἐλαβεν,
1009 570 1073 630 ὅσα
1101 570 1163 649 μέν
1193 571 1293 645 αὐτὸς
1315 571 1451 632 ἔπαθον
1480 578 1615 656 μετρῶν

353 674 409 735 καί
432 668 621 753 διαμετρῶν
649 671 706 732 καί
735 664 962 752 λογιζόμενος,
990 673 1085 745 ὅπως
1113 673 1157 757 μή
1188 676 1320 754 γένοιτο
1349 673 1505 754 ἀπρεπές
1525 671 1612 758 μηδὲ
1630 685 1714 737 «m

353 775 497 857 ἀχρεῖον,
522 773 626 834 όποῖα
649 773 729 857 ἰργα
754 768 865 833 πολλά
880 777 994 854 γέγονε
1010 763 1095 857 παρ’
1122 777 1251 857 έτέροις
1272 777 1381 859 μάτην
1404 771 1613 856 ἀπολόμενα,
1629 787 1718 856 ιιεεκι

353 877 409 938 καί
438 871 630 937 τελευταῖον
660 875 709 948 εἰς
738 875 779 936 τά
809 875 870 959 όρη
903 874 1148 961 φθειρόμενος,
1184 877 1241 936 οόκ
1275 878 1321 937 ὠν
1351 877 1514 961 ἔμπειρος
1544 885 1612 940 τῶν

353 978 517 1040 τοιούτων
547 973 683 1050 ούδενύς
712 972 789 1038 ούόέ
819 976 960 1060 ἀπορῶν
988 976 1086 1060 ἔργον
1115 980 1223 1054 τινός,
1252 969 1328 1038 ἀλλ’
1354 981 1451 1061 έτερα
1479 975 1647 1058 μάλλον5

355 1081 517 1163 πράττειν
541 1075 724 1159 δυνάμενος
748 1074 1000 1161 σπουδαιότερα
1024 1075 1124 1154 ἴσως,
1154 1071 1218 1164 ἀφ’
1245 1078 1291 1140 ὥν
1315 1081 1352 1140 ού
1377 1079 1471 1162 παρά
1493 1083 1613 1159 μόνοις

353 1183 431 1262 ύμῖν
460 1176 829 1261 εύδοκιμεῖνέμελλον,
859 1181 904 1242 ἐῶ
934 1187 990 1241 νύν
1019 1177 1201 1256 ἐπεξιέναι.
1253 1177 1349 1244 οὐδὲν
1377 1182 1440 1262 γάρ
1469 1177 1509 1265 ἦν
1537 1184 1615 1262 ἐμοί

315 1285 445 1368 8βαρύ
469 1275 518 1346 δι’
550 1285 637 1363 ὑμᾶς
665 1285 880 1362 ύπομένοντι.
934 1279 1027 1364 λόγοι
1057 1279 1093 1344 δὲ
1121 1284 1291 1365 ἐγίγνοντο
1321 1281 1444 1346 πολλοί
1465 1289 1542 1365 μέν,
1575 1288 1614 1347 ού

356 1386 451 1466 παρά
474 1381 611 1447 πολλῶν
635 1382 681 1462 δέ,
704 1386 760 1447 καί
784 1381 918 1469 σφόδρα
942 1381 1074 1468 ἀηδεῖς,
1098 1387 1145 1460 ὡς
1167 1389 1395 1449 κατασκάπτω
1417 1388 1477 1472 την
1501 1383 1614 1464 πόλιν,

354 1491 402 1563 ὡς
423 1490 613 1550 ἀνάστατον
636 1488 808 1572 πεποίηκα
833 1484 950 1566 σχεδόν
972 1484 1157 1564 ἐξελαύνων
1180 1489 1259 1562 τούς
1282 1484 1435 1566 πολίτας,
1459 1490 1506 1565 ὡς
1529 1488 1609 1574 ἀνῄ-
1634 1499 1663 1552 10

354 1611 456 1675 ρηται
478 1592 605 1666 πάντα,
631 1593 842 1671 συγκέχυται,
867 1586 989 1652 λοιπόν
1013 1587 1109 1652 οὐδέν
1132 1593 1235 1653 ἐστιν.
1279 1591 1337 1653 καί
1358 1611 1447 1665 τινες
1469 1587 1555 1678 ἦσαν
1579 1593 1613 1653 οἱ

358 1689 492 1778 σφόδρα
516 1689 716 1775 ὀδυρόμενοι
737 1694 775 1754 τδ
796 1689 952 1771 χαλκεῖον
975 1694 1012 1754 τδ
1043 1700 1105 1754 τοῦ
1132 1690 1257 1770 δεῖνος,
1283 1689 1443 1773 χαλεπῶς
1470 1694 1613 1776 ἔχοντες,

356 1796 387 1858 εί
409 1796 453 1880 μη
470 1799 569 1874 μενεῖ
579 1801 683 1856 ταῦτα
699 1794 741 1856 τό
758 1795 983 1880 ὑπομνήματα
999 1803 1058 1881 τῆς
1073 1792 1226 1871 παλαιοῖς
1242 1791 1469 1877 εὐδαιμονίας,
1494 1795 1613 1878 ὥσπερ

353 1903 421 1959 τῶν
447 1887 613 1982 Ἀθήνησι
643 1893 875 1978 Προπυλαίων
904 1901 1108 1977 κινουμένων
1135 1899 1155 1982 ἢ
1187 1905 1249 1959 τοῦ
1275 1898 1508 1983 Παρθενῶνος
1529 1899 1549 1982 ἢ
1573 1899 1613 1959 τύ

353 1999 492 2079 Σαμίων
507 1991 652 2084 Ἥραιον
673 2003 763 2084 ημᾶς
786 2000 1040 2084 ἀνατρέποντας
1061 2001 1081 2085 ἠ
1114 2001 1153 2062 τό
1177 1996 1360 2084 Μιλησίων
1382 1997 1568 2080 Διδύμειον
1590 2002 1610 2085 ἢ
1637 2011 1665 2062 15

313 2107 334 2170 9
357 2102 416 2164 τόν
444 2103 528 2166 νεὼν
556 2109 616 2187 τῆς
634 2093 792 2188 Ἐφεσίας
817 2091 1030 2185 Ἀρτέμιδος,
1059 2093 1135 2162 ἀλλ’
1162 2103 1220 2163 ούκ
1248 2103 1370 2187 αἰσχρά
1392 2103 1449 2165 καί
1476 2106 1615 2184 καταγέ-

358 2200 465 2266 λαστα
488 2204 635 2287 ἐρείπια,
660 2200 748 2265 πολύ
771 2201 996 2288 ταπεινότερα
1019 2209 1086 2265 τῶν
1103 2200 1271 2283 κλεισίων,
1296 2205 1347 2280 οίς
1363 2202 1549 2270 ὑποδύεται
1572 2206 1614 2265 τά
1632 2217 1721 2267 usam

356 2303 523 2389 πρόβατα,
547 2313 613 2368 τῶν
637 2311 810 2385 ποιμένων
834 2302 869 2367 δέ
895 2302 1004 2380 οὐδείς
1027 2307 1068 2367 ἀν
1092 2303 1230 2369 δύναιτο
1250 2304 1422 2370 εἰσελθεῖν
1446 2297 1524 2370 οὐδὲ
1547 2313 1615 2369 τῶν

354 2413 595 2493 γενναιοτέρων
623 2416 746 2470 κυνῶν·
775 2399 835 2492 ἐφ’
870 2407 922 2483 οίς
950 2409 1046 2488 ὑμεῖς
1074 2410 1136 2489 μὲν
1164 2409 1349 2492 ἠρυθριᾶτε
1377 2403 1467 2492 (καί)
1490 2406 1616 2493 διετρέ-

356 2511 469 2573 πεσθε
491 2517 558 2572 τῶν
580 2508 752 2596 ἡγεμόνων
774 2507 967 2588 εἰσιόντων,
997 2513 1032 2573 οί
1062 2507 1098 2573 δέ
1128 2507 1242 2596 ἀηδῶς
1263 2513 1395 2591 ἔχοντες
1418 2513 1505 2596 πρός
1527 2512 1612 2592 ὑμᾶς
1634 2519 1664 2572 11

356 2615 537 2696 ἐπέχαιρον
559 2614 616 2676 καί
637 2609 776 2694 ἐγέλων·
799 2615 888 2674 ὅπου
910 2609 995 2697 μηδέ
1019 2617 1092 2689 τοῖς
1112 2611 1290 2693 χαλκεῦσιν
1319 2610 1396 2700 ἐξῆν
1420 2611 1615 2700 διάρασθαι

357 2711 485 2796 σχεδόν,
509 2711 594 2777 ἀλλά
617 2710 809 2800 εἰργάζοντο
831 2713 1029 2801 κεκυφότες·
1051 2717 1109 2779 καί
1130 2723 1235 2778 ταῦτα
1259 2717 1432 2777 πίπτοντα
1454 2717 1510 2780 καί
1532 2718 1615 2778 ύπε·

356 2822 570 2903 ρηρεισμένα,
594 2819 616 2879 ἀ
639 2819 726 2902 πρὸς
741 2820 800 2904 την
817 2813 947 2902 πληγήν
961 2823 1024 2879 τοῦ
1038 2819 1222 2904 ῥαιστῆρος
1237 2819 1354 2902 ἔτρεμε
1368 2820 1425 2880 καί
1441 2814 1614 2881 διίστατο·

357 2911 433 2980 ἀλλ’
457 2923 550 2999 ὅμως
576 2915 663 3004 ἦσαν
693 2921 728 2981 οί
752 2917 911 2999 χαλεπῶς
940 2921 1055 3003 ἐώρων
1084 2913 1315 3006 ἀφανιζόμενα
1344 2921 1386 2982 τά
1411 2925 1532 3005 σημεῖα
1555 2927 1616 3005 τῆς

357 3023 558 3108 ἔμπροσθεν
581 3023 702 3097 πενίας
724 3025 779 3086 καί
802 3018 951 3100 ἀδοξίας,
976 3013 1036 3101 οόχ
1058 3025 1193 3086 ὅτιτῶν
1214 3019 1337 3084 κιόνων
1359 3019 1474 3102 ἔμελεν
1497 3013 1615 3097 αὐτοῖς
1637 3029 1671 3080 11

356 3131 424 3187 τῶν
448 3127 636 3205 ἱσταμένων
660 3116 737 3186 οὐδὲ
760 3131 828 3186 τῶν
849 3123 982 3206 γείσων,
1006 3117 1044 3186 οὐ
1061 3131 1129 3187 τῶν
1145 3121 1437 3205 οἰκοδομουμένων
1453 3125 1613 3210 ἐργαστη-

307 3230 346 3292 10
359 3229 442 3313 ρίων
464 3223 598 3303 ἀλλοσε,
622 3218 698 3287 ἀλλ’
725 3227 779 3288 ίνα
800 3223 973 3311 μηδέποτε
987 3221 1102 3307 μεῖζον
1117 3227 1213 3307 ὑμεῖς
1227 3229 1363 3290 ἐκείνων
1381 3234 1537 3313 φρονῆτε.
1576 3225 1616 3288 εδ

355 3331 418 3415 γάρ
443 3328 515 3392 ἴστε
538 3333 592 3392 ότι
613 3331 669 3393 καί
691 3334 764 3406 τοῖς
783 3326 1030 3415 οἰκοδομήμασι
1053 3332 1109 3394 καί
1131 3336 1207 3405 ταῖς
1230 3335 1364 3414 έορταῖς
1385 3329 1442 3391 καί
1456 3326 1503 3410 τῷ
1521 3325 1613 3390 δικά-

358 3427 426 3510 ζειν
456 3424 553 3495 αότοί
580 3434 637 3496 καί
666 3431 713 3515 τῷ
742 3435 786 3518 μη
812 3424 897 3516 παρ’
923 3437 1053 3518 έτέροις
1075 3427 1297 3510 ἐξετάζεσθαι
1325 3429 1410 3516 μηδὲ
1443 3426 1612 3493 συντελεῖν

359 3532 478 3611 ἀλλοις
498 3537 659 3620 καθάπερ
684 3532 781 3616 οἶμαι
803 3537 934 3621 κώμην,
965 3543 1054 3597 πᾶσι
1076 3538 1211 3609 τούτοις
1233 3533 1460 3614 συναίρεσθαι
1483 3535 1614 3617 πέφυκε
1636 3545 1667 3596 ³⁰

441 3713 578 3791 θόχριον
597 3716 626 3772 Μ
730 3711 810 3789 παρὰ
829 3715 857 3770 Μ
960 3709 1144 3786 ἀπολλύμενα
1162 3714 1210 3771 UB
1229 3708 1458 3784 ἀπολλύμεθαΤ
1547 3705 1616 3778 δός

359 3795 425 3861 υόδέ
441 3803 472 3858 Μ
541 3799 728 3875 θέγέγνοντο
746 3798 777 3854 Μ
828 3796 977 3875 θσφόόρα
995 3793 1111 3873 ἡάιῖςΤ
1181 3803 1210 3854 11
1229 3797 1331 3856 ἐστιΤ
1385 3802 1417 3855 13
1434 3797 1513 3867 μένει
1532 3796 1563 3852 Μ

356 3883 392 3946 τὰ
412 3903 465 3944 om.
484 3885 556 3943 UBT
664 3893 694 3942 15
711 3888 867 3959 μειληυίων
883 3885 937 3942 ΜΤ
954 3888 1091 3958 μιλησίων
1107 3889 1127 3953 (ι
1144 3885 1221 3956 prius
1237 3899 1255 3939 ε
1273 3887 1354 3950 εστι.)
1373 3883 1397 3939 U
1488 3878 1615 3952 ἀιόόμιον

355 3973 426 4039 libri.
444 3988 516 4029 cort.
534 3971 664 4028 Roiskius
736 3977 765 4027 16
783 3969 909 4043 ἐφεσίοιν
926 3969 1000 4026 UBT
1078 3977 1107 4026 11
1125 3971 1252 4044 κλησίων
1268 3969 1322 4024 ΒΜ
1338 3971 1458 4028 κλισίαν
1475 3969 1500 4026 U
1517 3983 1554 4026 m.
1572 3983 1614 4038 pr.

357 4062 475 4116 κλισιῶν
493 4074 564 4114 corr.
583 4056 642 4124 uT,
659 4058 794 4115 κλεισίων
812 4056 893 4112 Dind.
967 4060 998 4111 111
1015 4059 1112 4127 κυρῶν
1129 4055 1159 4111 Μ
1238 4049 1395 4128 η’ρνθριάτε
1413 4054 1615 4128 όιετρέιεεσθαι

356 4144 410 4200 ΒΜ
427 4138 582 4219 ἠρυθριᾶτε
607 4142 790 4215 διετρέπεσθε
815 4141 840 4199 U
856 4139 1011 4216 ἐρυθριάτε
1036 4141 1220 4213 διετρέπεσθε
1237 4140 1277 4208 Τ,
1298 4144 1348 4198 καί
1365 4139 1427 4197 εδδ.
1446 4139 1526 4211 Ειυρ.

356 4234 389 4286 2⁰
407 4223 501 4301 άηόάς
517 4233 545 4300 (η
562 4243 579 4282 ιι
596 4227 721 4294 oomjss
792 4231 820 4282 11
840 4225 980 4301 ἐπέχερυν
998 4227 1029 4282 Μ
1097 4231 1130 4282 22
1147 4230 1239 4286 ταῦτα
1256 4242 1309 4284 om.
1327 4225 1357 4281 M
1374 4242 1410 4282 m.
1426 4241 1469 4295 pr.
1543 4217 1613 4282 ύπε·

356 4313 512 4388 ρηριομένα
530 4312 560 4368 M
630 4317 662 4368 2³
681 4306 700 4370 ά
718 4327 771 4368 om.
790 4313 820 4367 M
906 4311 1052 4386 ῥαστῆρος
1070 4312 1099 4368 M
1177 4316 1209 4367 25
1228 4311 1335 4368 videtur
1351 4310 1453 4381 aliquid
1471 4310 1567 4366 άεεειο
1583 4310 1615 4366 in

355 4401 428 4455 hanc
449 4397 625 4455 sententium:
649 4391 701 4470 οόχ
726 4387 772 4455 δτι
791 4393 883 4470 (καλὰ
906 4392 1005 4466 αὐτοῖς
1021 4394 1115 4456 ἐδόκει
1137 4401 1187 4456 καί
1209 4394 1348 4473 χρήσιμα,
1372 4389 1437 4455 υόύέ
1460 4389 1535 4470 γὰρ)
1553 4399 1614 4452 τοῖν

354 4479 463 4541 κιόνων
480 4498 503 4540 e.
521 4499 546 4553 q.
565 4499 587 4542 ε.
639 4479 755 4552 ἔμελλεν
772 4483 843 4549 libri.
862 4499 933 4543 σοιτ.
951 4484 1052 4540 Βοίείιε
1112 4489 1146 4540 26
1162 4482 1309 4556 γεισῶνῦ
1370 4487 1401 4538 27
1420 4479 1515 4548 ἄλλως
1533 4479 1613 4536 UMB

355 4567 444 4636 ἄλλος
460 4569 494 4638 Τ,
512 4567 619 4628 ἄλλοσε
637 4569 717 4640 Emp.
788 4575 820 4626 ³0
839 4565 937 4638 ἄλλοις
953 4570 1087 4639 Valesius,
1105 4565 1238 4641 ἀλλήλοις
1255 4568 1317 4624 libri
