3476 5264
4 299 12 553 ί

686 355 824 415 ORATIO
842 357 902 414 XX
1353 363 1415 424 265

154 531 267 610 θυμεῖ
281 533 339 595 καί
361 532 380 594 δ
396 534 534 594 πάντων
548 535 754 612 τιμιώτατον
770 530 932 614 νενόμικε,
955 542 1055 598 τοῦτο
1072 537 1246 624 προσθείη
1262 559 1315 614 τις
1331 539 1415 625 αὐτῇ

153 634 211 695 καί
231 636 491 721 μαρτυρήσειεν,
522 635 568 709 ῶς
595 637 671 698 έστι
698 631 878 721 καλλίστη,
908 628 984 716 τάχ’
1015 640 1056 701 ἀν
1091 640 1269 728 ἀγαπῆσαι
1302 643 1413 728 αύτήν.

152 743 245 798 νικᾶν
268 733 304 798 δέ
326 739 382 799 καί
404 738 655 822 προκρίνεσθαι
675 738 760 800 κατά
783 747 882 801 τοῦτο
905 741 998 815 τίνος
1020 743 1061 803 ἀν
1083 760 1169 803 ποτε
1191 739 1368 819 ἀξιώσεων
1390 732 1411 830 ἢ
1423 747 1465 810 22

153 838 247 901 θεῶν
269 846 336 903 τῶν
360 842 505 926 πρώτων
530 842 587 903 καί
608 841 793 924 μεγίστων,
818 833 970 927 Ἀθηνᾶς
998 863 1035 905 τε
1061 835 1258 928 καίἭρας;
1284 845 1341 908 καί
1363 845 1415 908 έτι

119 939 300 1023 ἀμᾶλλον,
330 945 361 1008 εί
393 946 571 1030 φαίνοιντο
593 947 719 1009 ἐκεῖναι
739 943 868 1028 μεγάλα
890 949 947 1010 καί
969 946 1155 1026 θαυμαστά
1184 941 1415 1030 παρεχόμεναι

152 1042 244 1130 δῶρα
273 1049 367 1110 ἕνεκα
396 1056 457 1134 τῆς
484 1048 588 1132 νίκης.
640 1049 727 1110 οὕτω
759 1046 797 1136 δή
829 1045 979 1112 διελθών
1006 1051 1120 1112 τεκαὶ
1149 1044 1414 1132 ἐξεργασάμενος

46 1159 140 1215 (Μ)
154 1151 214 1235 τήν
237 1150 341 1212 αύτού
363 1147 464 1227 δόξαν
485 1152 543 1213 καί
556 1151 724 1229 ἐπίνοιαν,
748 1150 821 1213 οἷον
835 1159 947 1238 ψυχῆς
962 1153 997 1214 έν
1016 1152 1111 1233 ύπνῳ
1129 1152 1336 1235 φαντασίαις
1357 1151 1414 1213 καί

152 1247 270 1328 δόξαις
298 1249 602 1338 ἐπακολουθούσης
630 1255 687 1316 καί
715 1247 844 1338 μακρόν
877 1275 913 1316 τι
940 1255 996 1316 καί
1027 1256 1288 1334 συντεταγμένον
1310 1255 1412 1338 ὑφαι-

151 1355 275 1440 νούσης
297 1356 389 1440 ύναρ,
412 1357 528 1442 κριτής
549 1377 586 1418 τε
607 1357 676 1418 ύπδ
699 1364 761 1418 τού
780 1358 868 1431 Διός
888 1357 1038 1438 γίγνεται
1059 1361 1127 1416 τῶν
1147 1353 1250 1432 θεῶν,
1273 1357 1329 1417 καί
1351 1356 1412 1431 τάς

103 1463 132 1517 1⁰
151 1457 214 1536 μέν
237 1457 341 1532 αὐτάς
363 1477 399 1520 τε
420 1456 579 1542 ὑπερεῖδε
600 1460 656 1521 καί
677 1459 719 1521 τά
744 1455 837 1543 δῶρα
853 1458 973 1536 αὐτῶν,
996 1460 1057 1543 τήν
1079 1454 1116 1519 δὲ
1133 1460 1330 1542 προέκρινεν
1352 1459 1413 1520 έπί

149 1557 271 1641 μισθη”
293 1561 407 1623 τεκαὶ
430 1558 527 1646 δώρῳ
557 1559 605 1644 τά
637 1558 752 1642 λαβεῖν
781 1564 840 1624 τὸν
869 1563 977 1643 γάμον
1007 1561 1135 1645 ἐκείνης
1164 1567 1224 1646 τῆς
1245 1563 1411 1642 γυναικός,

149 1662 235 1745 ὑπὲρ
258 1661 298 1748 ής
318 1663 518 1749 ἐνεθυμήθη
541 1684 578 1726 τε
599 1665 656 1726 καί
684 1660 813 1741 εύξατο.
866 1664 897 1726 εί
924 1665 985 1744 μέν
1014 1661 1073 1725 σύν
1096 1663 1178 1724 αύτδ
1208 1670 1308 1724 τούτο
1330 1663 1408 1744 βου·
1420 1663 1462 1728 23

148 1760 248 1839 κύλος
269 1765 326 1827 καί
348 1761 489 1852 ἰδιώτης
511 1767 623 1846 ἔτυχεν
646 1768 702 1844 ῶν,
730 1764 828 1829 ούδδν
849 1766 891 1827 ἀν
913 1772 1053 1850 πρᾶγμα
1077 1765 1271 1850 ἀπήντησεν
1293 1767 1329 1827 έκ
1351 1772 1414 1828 τοῦ

149 1869 306 1930 τοιούτου
330 1868 514 1953 ὀνείρατος.
559 1876 616 1931 νύν
640 1866 676 1931 δέ
699 1866 819 1955 έπειδή
843 1871 1006 1953 τύραννος
1027 1868 1084 1930 καί
1106 1863 1273 1953 δυνάστης
1293 1864 1334 1952 ήν
1355 1869 1413 1930 καί

102 1977 131 2031 1⁶
153 1965 289 2052 πλούτῳ
313 1991 349 2032 τε
372 1972 497 2049 ίσχύων
518 1971 575 2034 καί
597 1968 682 2055 ἀρχῇ
704 1968 839 2045 πόλεως
861 1979 921 2056 τῆς
936 1973 1013 2032 τότε
1027 1969 1188 2052 μεγίστης
1201 1970 1259 2032 καί
1280 1977 1322 2054 τῇ
1343 1976 1411 2031 τῶν

149 2076 275 2152 γονέων
305 2074 392 2156 πρὸς
422 2074 523 2135 αὐτὸν
552 2073 682 2156 εύνοίᾳ,
710 2073 751 2135 τά
782 2069 889 2134 λοιπά
917 2069 980 2157 ήδη
1012 2073 1097 2154 έργῳ
1120 2066 1340 2154 ἐξειργάσατο
1363 2073 1411 2146 ὡς

150 2174 211 2236 έπί
232 2176 367 2249 τούτοις
390 2172 532 2260 ἀληθῶς
554 2178 726 2258 γεγονόσι,
756 2181 837 2250 ναύς
858 2194 895 2237 τε
918 2175 1220 2258 ναυπηγησάμενος
1241 2173 1298 2235 καὶ
1320 2174 1410 2235 ίταί-

14 2287 232 2360 (ιεεκῐῐιρους
262 2279 472 2360 συναγαγών·
500 2279 557 2341 καί
586 2274 736 2352 πλεύσας
764 2277 826 2339 έπί
853 2297 890 2338 τε
919 2278 979 2362 τήν
998 2267 1138 2337 Ἑλλάδα
1165 2275 1224 2337 καί
1248 2277 1410 2359 Σπάρτην

147 2379 205 2441 καί
227 2378 278 2454 είς
299 2382 360 2465 τήν
383 2381 493 2443 οίκίαν
515 2381 722 2466 ἀφικόμενος
739 2382 799 2465 τήν
815 2374 994 2442 Μενελάου
1009 2379 1066 2440 καί
1077 2369 1207 2462 Ἑλένης
1221 2379 1278 2440 καί
1293 2374 1410 2454 ξενίων

100 2489 132 2540 2⁰
153 2484 277 2560 τυχών,
307 2482 497 2558 ἀναπείσας
524 2480 725 2546 καταλιπεῖν
753 2483 856 2568 αύνήν
883 2483 942 2544 τόν
971 2479 1077 2566 ἄνδρα
1107 2482 1165 2544 καί
1192 2483 1252 2566 τήν
1270 2471 1410 2542 Ἐλλάδα

149 2583 226 2668 ήκεν
249 2586 340 2666 ἀγων
363 2586 413 2660 είς
438 2587 564 2669 Τροίαν
588 2581 725 2648 πολλῶν
752 2587 810 2648 καί
827 2580 988 2665 χαλεπῶν
1018 2587 1227 2671 πραγμάτων
1248 2583 1306 2645 καί
1329 2598 1410 2662 συμ-

149 2693 265 2771 φορῶν
281 2688 393 2773 ἀρχήν.
431 2689 539 2764 ούτως
561 2690 599 2751 αί
619 2691 680 2770 μέν
703 2686 878 2774 ἰδιωτικῆς
898 2688 956 2749 καί
971 2684 1137 2751 ἀδυνάτου
1153 2693 1264 2772 ψυχῆς
1279 2683 1462 2748 ίννοιαί24

148 2807 184 2851 τε
205 2791 263 2852 καί
284 2790 473 2870 ἐπιθυμίαι
495 2792 680 2876 ὑπηνέμιοί
700 2811 737 2854 τε
752 2792 810 2854 καί
824 2787 993 2875 ἀδρανεῖς,
1015 2791 1072 2851 καί
1095 2785 1192 2850 ούδὲν
1208 2778 1272 2849 ἀπ’
1299 2788 1410 2850 αὐτῶν

146 2891 295 2973 γίγνεται
323 2889 490 2972 χαλεπόν,
519 2881 595 2955 ἀλλ’
623 2895 739 2976 ὥσπερ
764 2893 806 2955 τά
830 2891 879 2974 τῷ
908 2894 982 2954 ἀντι
1011 2892 1168 2975 ὀνείρατα
1191 2891 1410 2953 ἀναστάντων

1 3040 3 3066 ,
99 2997 130 3050 Μ
152 2994 257 3069 εύθύς
287 2993 417 3075 οἴχεται
444 2997 501 3058 καί
531 2993 627 3059 οὐδὲν
659 2997 786 3073 αὐτῶν,
817 2996 863 3070 ὥς
893 3011 997 3080 φασι,
1030 2995 1090 3056 τόν
1117 2990 1214 3079 ήλιον
1243 2989 1319 3054 ούδά
1348 2993 1409 3077 τήν

147 3098 275 3179 ήμίραν
297 3095 471 3178 ὑπομένει,
495 3094 748 3184 παραπλησίως
769 3099 827 3161 καί
847 3096 890 3159 τά
914 3103 1055 3160 τοιαῦτα
1075 3096 1144 3175 ἔχει
1159 3095 1407 3180 ἐπιθυμήματά

146 3215 183 3258 τε
204 3197 261 3258 καί
282 3193 487 3277 ἐλπίσματα.
524 3198 566 3260 τά
583 3197 619 3261 δέ
634 3207 701 3272 τῶν
721 3201 899 3283 μονάρχων
920 3199 940 3284 ή
965 3195 1139 3261 πλουσίων
1161 3199 1180 3284 ή
1204 3194 1309 3283 ἀλλην
1330 3195 1407 3258 τινὰ

147 3299 292 3377 ἑχόντων
315 3296 456 3380 δύναμιν
479 3303 539 3366 έπί
562 3306 670 3386 πέρας
699 3304 895 3388 ἀφικνεῖται
923 3297 1089 3377 πολλάκις
1114 3297 1264 3380 χαλεπόν
1293 3319 1330 3362 τε
1351 3300 1408 3360 καί

148 3399 305 3486 φοβερόν.
360 3404 417 3465 καί
438 3405 531 3468 ἔστιν
552 3406 687 3484 ύμοιον,
711 3406 827 3488 ὥσπερ
849 3405 927 3485 ἐμοί
949 3401 1047 3468 δοκεῖ
1047 3453 1057 3483 ,
1080 3406 1119 3466 τὸ
1141 3409 1297 3466 τοιοῦτον
1319 3402 1459 3485 ὑπή-25

98 3504 129 3556 ³⁰
148 3504 279 3583 νεμίοις
299 3507 510 3591 γεννήμασιν.
549 3507 636 3593 φασί
656 3507 718 3592 γάρ
742 3504 782 3594 δή
806 3499 856 3589 ᾠά
878 3507 1059 3590 γίγνεσθαι
1075 3507 1182 3582 ούτως
1196 3504 1275 3565 ἀνευ
1292 3519 1407 3565 συνου-

233 3771 410 3850 ίκαλλήοτη
426 3775 457 3830 Μ
541 3781 608 3834 ίτε
624 3779 673 3833 καί
690 3774 740 3831 UB
826 3773 998 3847 ἀφαίνοιτο
1016 3772 1047 3827 Μ
1133 3767 1266 3832 ύένεκεν
1282 3771 1339 3828 ΠΜ

147 3865 162 3915 ’ί
182 3853 273 3919 αότοῦ
289 3860 346 3919 ΠΜ
397 3861 560 3934 φαντασίας
576 3863 626 3917 καί
642 3856 725 3933 δόξης
742 3859 812 3928 libri,
830 3875 900 3916 corr.
919 3857 1047 3915 Reiskius
1118 3863 1149 3914 1⁰
1164 3853 1310 3932 όπεριδείν
1326 3857 1357 3914 Μ

149 3951 179 4002 11
199 3943 235 4005 τό
254 3951 356 4021 λαβεῖν
374 3945 461 4016 ΠΒΜ,
478 3951 521 4023 τῷ
538 3945 681 4020 λαβείνΤ
752 3948 783 4000 12
802 3936 854 4004 οόν
871 3961 924 4002 om.
944 3943 1030 4014 UBM,
1048 3943 1173 4000 hubotT
1225 3937 1356 4002 αόταῖιῦ

149 4037 181 4088 1³
198 4028 397 4106 ἐτόγχανενῐί
483 4037 515 4087 1⁶
532 4024 609 4105 άρχῇ
626 4031 715 4101 Εωρ,
732 4025 824 4103 ἀρχὴν
840 4030 870 4085 Μ
888 4026 990 4104 ἄρχειν
1006 4029 1055 4086 UB
1144 4036 1174 4086 ¹¹1
1193 4028 1310 4106 ἑτέρους
1326 4029 1355 4085 Μ

152 4123 259 4189 ίθροοί
277 4114 448 4192 ουναγαγαόν
464 4117 559 4174 leviter
575 4116 733 4187 interpunxi
784 4119 817 4171 20
833 4113 995 4188 ἐνταχαλνΒ
1047 4119 1080 4170 22
1097 4110 1197 4190 ἄρχειν
1209 4114 1257 4171 UB
1309 4111 1410 4174 όνοιαί

147 4222 180 4261 τε
197 4201 253 4258 ΠΜ
271 4198 349 4261 άνιαι
366 4223 399 4262 τε
414 4203 448 4271 Β,
465 4198 577 4261 ἔννοιαί
593 4221 626 4260 τε
644 4201 723 4273 Emp.
809 4204 842 4255 2³
858 4194 1000 4273 όπήνεμοί
1016 4220 1049 4259 τε
1066 4200 1139 4266 llbrl,
1156 4215 1227 4256 οοπ.
1246 4199 1327 4256 Dind.

147 4280 198 4344 ἐπ’
216 4281 313 4346 αύτύν
330 4287 408 4344 ΠΒΜ
429 4281 482 4346 εἶπ’
502 4283 599 4345 αἰτόν
617 4287 641 4342 Τ
744 4289 778 4341 24
796 4287 906 4358 γίνεται
923 4285 948 4342 U
1051 4290 1084 4342 26
1102 4281 1161 4359 ἔχει
1178 4284 1315 4350 Βοίιίύιιι,
1332 4279 1409 4356 ἔχειν

146 4371 209 4427 libri
260 4376 292 4427 27
311 4367 347 4431 τά
365 4372 395 4431 δὲ
413 4371 531 4440 Selden„
547 4381 611 4440 ταῖς
628 4371 748 4430 omnm
801 4372 979 4444 μοναχαῖνΜ
1030 4377 1063 4429 29
1081 4375 1131 4430 καί
1148 4366 1409 4441 ἔστιν-ρ.2ύύ,θ

147 4449 245 4514 αόταίν
261 4458 395 4531 γενέσθαι
413 4457 508 4529 spuria
525 4463 605 4529 putat
624 4457 704 4528 Emp.
798 4461 830 4514 30
847 4453 1045 4531 γεννήμασιῦ
1114 4457 1217 4531 ύήοιυ.
1235 4455 1284 4513 UB
1370 4447 1410 4522 αλς

147 4555 197 4611 pro
215 4534 260 4618 ηία
277 4542 308 4596 Μ
375 4543 547 4616 γίνεσθαιΒ
