3466 5268
653 338 791 396 ORATIO
808 338 892 395 XLV.
1355 337 1394 396 71

141 515 313 599 ῆττηθείς,
336 514 380 598 μῆ
402 514 583 596 χρημάτων
601 513 761 598 ἀπορίας,
784 517 827 600 μῆ
854 517 1011 594 σώματος
1033 513 1225 588 ἀσθενείας,
1249 513 1336 595 πρός
1359 509 1395 574 δέ

142 619 277 691 τούτοις
300 617 429 677 ἀπασιν
453 615 578 698 ἐχθρὸν
607 617 806 696 ἀνεχόμενος
835 618 872 679 ού
902 618 961 679 τόν
990 614 1083 679 δεῖνα
1114 613 1190 676 ούδέ
1220 616 1279 677 τδν
1302 611 1395 676 δεῖνα

143 725 211 781 τῶν
240 717 324 780 ἴσων
352 717 427 780 τινά
456 719 514 779 καί
542 724 608 780 τῶν
640 720 767 798 ὁμοίων
796 719 905 781 ἐνίοτε
934 720 1191 804 φθεγγομένων,
1223 713 1308 777 ἀλλά
1337 717 1396 776 τόν

148 822 367 904 ἰσχυρότατον
388 822 445 883 καί
466 821 655 904 βαρύτατον
676 824 733 884 καί
763 818 932 907 δεσπότην
961 816 1207 901 ὀνομαζόμενον
1233 819 1290 880 καλ
1311 818 1396 879 θεὸν

4 934 123 984 imm
145 923 241 1007 παρά
264 929 370 985 πᾶσιν
385 914 520 1007 Ἕλλησι
542 924 599 984 καί
619 923 822 1007 βαρβάροις,
852 925 890 986 τὸ
922 921 958 986 δὲ
988 921 1118 1008 ἀληθές
1146 924 1225 984 όντα
1251 917 1395 999 δαίμονα

146 1027 312 1109 πονηρόν,
339 1026 395 1086 καί
423 1032 528 1086 ταῦτα
559 1025 597 1086 ού
620 1026 793 1088 θωπεύων
816 1026 916 1088 αύτδν
939 1023 1015 1087 οὐδὲ
1039 1028 1099 1110 τῆν
1121 1025 1248 1109 έχθραν
1272 1041 1396 1104 παραι-

143 1128 314 1206 τούμενος,
337 1123 422 1190 ἀλλά
444 1122 609 1211 ἐρεθίζων
631 1130 786 1212 ἄντικρυς
806 1123 954 1211 καλ<τύ>
976 1131 1150 1211 προσόντα
1172 1127 1256 1188 κακά
1271 1124 1318 1204 μά
1333 1113 1393 1186 Δί’

146 1229 184 1290 ού
205 1225 338 1309 μέλλων
359 1237 416 1292 νύν
438 1231 527 1313 ἐρεῖν
548 1231 568 1316 ἢ
591 1233 752 1314 γράψειν,
775 1228 860 1293 ἀλλά
883 1231 1024 1316 εἰρηκώς
1046 1227 1108 1316 ῆδη
1132 1231 1188 1292 καλ
1209 1227 1396 1312 γεγραφώς,

7 1333 201 1394 θοῖῐὶῑῐικαλ
229 1333 359 1394 τούτων
383 1341 538 1418 πανταχῆ
566 1340 634 1396 τῶν
658 1330 764 1415 λόγων
785 1336 930 1397 καὶτῶν
958 1335 1164 1418 γραμμάτων
1187 1332 1308 1406 όντων,
1340 1327 1397 1406 ούχ

99 1442 127 1493 10
148 1436 215 1496 ύπδ
231 1434 355 1513 μανίας
369 1436 425 1496 καλ
440 1435 608 1510 ἀπονοίας
626 1442 731 1497 ταύτα
753 1438 915 1519 πράττειν
931 1437 1166 1519 ἐπαιρόμενος,
1190 1429 1275 1494 ἀλλά
1290 1430 1396 1513 κρείτ·

145 1555 219 1599 τονι
242 1536 428 1611 πεποιθώς
444 1533 583 1616 δυνάμει
598 1537 655 1599 καί
669 1538 818 1622 βοηθείᾳ
833 1531 910 1622 (τῇ)
925 1537 1019 1622 παρά
1035 1543 1102 1599 τῶν
1117 1537 1220 1611 θεῶν,
1243 1531 1283 1618 ἦς
1296 1552 1397 1594 κοτα-

148 1645 331 1725 φρονούσιν
354 1639 388 1700 ol
410 1635 604 1702 πολλοίκαί
627 1636 784 1725 ἀνωφελῆ
809 1635 1011 1719 νομίζουσιν.
1050 1641 1088 1701 τό
1105 1634 1141 1701 δέ
1164 1637 1394 1721 περὶτούτων
1418 1637 1438 1696 2

144 1732 229 1803 καθ’
258 1743 398 1803 ἕκαστον
425 1738 531 1822 λέγειν
558 1746 703 1826 ῆγούμαι
733 1740 821 1804 εἶναι
850 1743 1019 1826 περιττόν.
1071 1731 1157 1824 παρ’
1189 1734 1307 1812 ἄλλοις
1333 1736 1395 1818 γάρ

145 1839 272 1923 μᾶλλον
286 1845 506 1926 γιγνώσκεται
520 1851 625 1906 ταῦτα
648 1846 704 1906 καί
726 1846 880 1925 τυγχάνει
903 1841 1002 1929 δόξης
1023 1843 1080 1905 καλ
1101 1849 1201 1927 τιμῆς
1215 1849 1275 1926 τῆς
1291 1855 1396 1923 προσ·

91 1952 121 2026 15
141 1949 295 2032 ηκούσης.
334 1937 419 2030 παρ’
444 1947 522 2025 ύμῖν
539 1943 575 2008 δέ
592 1947 639 2007 ἀν
662 1943 776 2023 διεξίω
799 1948 858 2008 τδν
879 1954 939 2033 τῆς
962 1955 1069 2032 φυγῆς
1088 1948 1217 2029 χρόνον,
1242 1943 1300 2003 ούκ
1322 1939 1397 2003 ἀδύ-

142 2048 271 2131 ρεσθαί
290 2069 333 2128 με
356 2049 460 2134 φήσει
481 2069 550 2124 τις,
582 2044 671 2110 πολύ
701 2046 737 2111 δέ
765 2045 894 2128 μᾶλλον
923 2044 1203 2124 ἀλαζονεύεσθαι.
1247 2040 1397 2127 τελευτῆ-

144 2168 266 2225 σαντος
289 2147 326 2214 δέ
349 2150 476 2212 ἐκείνου
505 2151 562 2212 καλ
589 2159 649 2235 τῆς
669 2147 859 2236 μεταβολῆς
881 2155 1061 2234 γενομένης
1083 2145 1198 2232 ἀνῄειν
1227 2148 1287 2225 μέν
1311 2145 1397 2228 πρὸς

141 2255 200 2314 τόν
228 2249 405 2334 βέλτιστον
429 2251 575 2337 Νέρβαν.
628 2253 696 2314 ύπδ
721 2249 756 2314 δέ
780 2254 881 2314 νόσου
901 2247 1053 2336 χαλεπῆς
1075 2248 1298 2326 κατασχεθεὶς
1321 2242 1398 2308 όλον

145 2357 271 2417 ἐκεῖνον
299 2349 496 2440 ἐζημιώθην
525 2357 583 2416 τὸν
610 2357 744 2437 καιρόν,
773 2354 979 2439 ἀφαιρεθείς
1003 2345 1250 2436 αὐτοκράτορος
1280 2345 1398 2434 φιλαν-

93 2466 124 2518 20
145 2457 293 2540 θρώπου
315 2458 400 2536 κάμὲ
423 2459 625 2539 ἀγαπῶντος
646 2458 703 2519 καί
719 2453 828 2519 πάλαι
845 2453 956 2542 φίλον.
993 2457 1050 2518 καί
1066 2455 1178 2533 όμνύω
1193 2453 1272 2527 τούς
1295 2451 1399 2525 θεούς

146 2561 225 2639 ύμῖν
241 2561 405 2637 ἅπαντας,
428 2561 486 2622 ούκ
501 2550 560 2645 ἐφ’
579 2559 631 2634 οἷς
647 2560 687 2622 ἀν
710 2561 759 2634 είς
780 2560 924 2638 ἐμαυτὸν
946 2559 1049 2644 ἡτῶν
1064 2559 1154 2637 ἐμῶν
1169 2575 1244 2617 τινα
1267 2550 1398 2634 έλοιβον,

16 2676 135 2730 (τετυ)
150 2662 208 2724 ούκ
223 2663 282 2726 ἐπί
297 2665 431 2737 τούτοις
446 2663 601 2742 ἄχθομαι
617 2660 822 2744 διαμαρτών,
845 2653 922 2723 ἀλλ’
940 2653 1000 2746 ἐφ’
1020 2660 1072 2735 οίς
1086 2661 1164 2740 ύμῖν
1179 2659 1235 2719 καί
1252 2653 1399 2740 δημοσίᾳ

147 2762 188 2848 τῇ
212 2761 313 2827 πόλει
336 2769 522 2848 παρασχεῖν
537 2761 713 2848 ἐδυνάμην,
735 2765 859 2848 ταύτην
874 2763 938 2845 ἐγὼ
953 2759 1100 2846 μεγάλην
1115 2760 1255 2844 ἀριθμῶ
1271 2754 1398 2842 βλάβην

146 2868 203 2928 καὶ
225 2861 355 2952 ζημίαν.
401 2865 446 2928 ὦν
468 2867 530 2951 γάρ
553 2874 610 2929 νύν
632 2868 806 2946 ἐτύχομεν,
838 2867 914 2926 τότε
937 2861 1014 2949 ἐξῆν
1035 2870 1140 2925 ταῦτα
1163 2863 1251 2941 έχειν
1272 2860 1328 2922 καί
1349 2857 1396 2940 τῴ
1421 2865 1439 2928 3

95 2981 125 3034 15
149 2972 295 3054 παρόντι
327 2967 433 3053 καιρῷ
468 2971 556 3053 πρὸς
590 2972 707 3053 ἐτέρας
739 2966 927 3052 κεχρῆσθαι
964 2962 1101 3044 δωρεάς.
1163 2964 1241 3025 ἐπεὶ
1274 2954 1306 3024 δ’
1343 2959 1400 3022 ούν

147 3069 275 3159 ὑπῆρξε
298 3073 392 3156 παρά
415 3073 535 3134 τούτου
560 3067 809 3156 φιλανθρωπία
831 3071 888 3131 καί
911 3065 1041 3153 σποοδῆ
1058 3069 1205 3150 τοσαύτη
1223 3066 1302 3149 περί
1316 3067 1401 3148 ημᾶς

148 3175 230 3257 δσην
252 3176 455 3237 ἐπίστανται
476 3176 538 3252 μὲν
554 3175 588 3236 οί
603 3175 862 3256 παρατυχόντες,
885 3171 949 3252 ἐγὼ
967 3168 1002 3232 δὲ
1018 3171 1059 3232 ἀν
1077 3167 1160 3252 λε’γω
1177 3176 1242 3245 νῦν,
1268 3163 1400 3252 σφόδρα

150 3271 291 3360 λυπήσω
314 3280 424 3351 τινάς·
449 3274 533 3350 ἴσως
556 3272 591 3336 δέ
609 3272 685 3337 οὐδὲ
702 3279 862 3359 φανεῖται
884 3275 1007 3346 πιστός
1030 3273 1049 3333 ό
1071 3268 1169 3354 λόγος
1186 3271 1224 3332 τὸ
1248 3267 1401 3354 τηλικαύ-

11 3390 209 3462 lmflqug
237 3387 337 3464 τιμῆς
365 3380 568 3458 τυγχάνοντα
598 3377 655 3439 καί
686 3376 870 3459 συνηθείας
898 3376 956 3437 καί
985 3371 1104 3458 φιλίας
1133 3375 1267 3434 ἅπαντα
1297 3377 1400 3433 ταῦτα

101 3493 130 3542 3ο
151 3483 253 3542 ἐᾶσαι
274 3482 330 3543 καί
354 3478 521 3564 παριδεῖν,
545 3480 808 3564 ἐπιθυμήσαντα
837 3485 897 3562 τῆς
925 3477 1075 3538 ἐνταῦθα
1098 3483 1244 3560 ταραχῆς
1265 3475 1321 3536 καί
1343 3481 1402 3558 τῆς

149 3581 326 3662 ἀσχολίας,
358 3583 411 3644 ίνα
439 3580 544 3668 μηδὲν
574 3579 661 3644 εἴπω
693 3576 814 3642 πλέον·
842 3581 934 3658 ὅμως
957 3569 990 3639 δ’
1023 3579 1074 3653 είς
1097 3575 1193 3640 ούδέν
1215 3583 1282 3638 τῶν
1306 3573 1402 3638 ίδίων

235 3887 251 3938 3
270 3879 380 3958 δμοίως
396 3880 470 3938 UBT
573 3878 667 3938 ἐνίοτε
686 3885 859 3954 corruptum
884 3881 1003 3936 fortasse
1024 3877 1077 3934 fuit
1092 3871 1192 3936 ἀνιάτε
1208 3877 1228 3934 l.
1246 3890 1270 3932 ο.
1289 3869 1403 3949 ἀνθρά-

150 3969 218 4032 πειά
235 3992 268 4031 τε
342 3975 356 4026 l
374 3973 424 4028 καί
441 3962 594 4044 πρὸσδντα
612 3961 688 4027 κακὰ
708 3966 763 4023 ΒΜ
783 3968 889 4040 καίπερ
908 3963 981 4024 ὄντα
1001 3985 1041 4054 κη
1064 3958 1141 4022 κακὰ
1163 3962 1313 4036 Πκαίπερ
1332 3957 1404 4020 δνια

148 4071 243 4135 κακὸν
258 4075 290 4143 Τ,
308 4070 344 4134 τὰ
362 4075 424 4131 εδδ.
437 4073 518 4143 Emp.
576 4073 661 4129 θνῦν
678 4085 730 4127 oni
743 4069 773 4124 Μ
830 4067 955 4143 γράψειν
973 4069 1091 4126 cobetun
1114 4062 1264 4133 (Herbula),
1282 4052 1405 4138 γράφειν

149 4162 214 4218 libri
266 4165 298 4216 10
315 4159 486 4230 κρλττονιΜ
539 4163 568 4212 11
589 4161 625 4229 τῇ
642 4156 704 4212 add.
718 4155 820 4212 Relske
873 4160 905 4210 14
923 4149 1093 4226 γινώσκεται
1110 4146 1160 4205 ΠΤ
1214 4152 1244 4202 15
1263 4153 1313 4221 τῆς
1330 4169 1406 4226 προς

149 4242 224 4319 ἡμᾶς
246 4244 296 4303 UT
320 4248 370 4316 τῆς
392 4237 467 4316 πρὸς
489 4235 603 4313 laben
711 4246 740 4296 16
764 4245 876 4312 μᾶλλον
898 4235 972 4297 πολὺ
990 4239 1053 4306 (hoe
1071 4234 1145 4301 ord„
1162 4248 1214 4288 om.
1233 4235 1271 4300 δὲ)
1290 4234 1319 4288 Μ

153 4337 184 4388 ll
203 4325 283 4404 ἀνῆει
300 4329 331 4386 Μ
402 4333 433 4384 18
451 4323 505 4388 τὸν
522 4327 615 4384 om.B
681 4329 713 4380 23
730 4319 841 4402 βλάβην
857 4332 884 4398 ιη
901 4340 920 4380 ο
937 4321 1060 4388 οοει.)ῐλ
1112 4323 1144 4375 25
1161 4323 1305 4394 κεχρῆσθε
1323 4321 1355 4377 Μ

152 4423 185 4474 26
202 4411 321 4488 τοιαύτη
337 4415 408 4482 libri,
427 4429 498 4470 σοπ.
518 4413 597 4482 Emp.
650 4414 682 4466 27
700 4411 754 4480 μὲν
772 4409 800 4469 ολ
817 4411 905 4480 limp„
921 4404 1009 4480 μόνοι
1027 4405 1055 4466 ολ
1071 4406 1134 4463 libri
1192 4410 1223 4461 28
1241 4402 1306 4466 τινὰ
1324 4406 1354 4461 Μ

151 4503 182 4562 δὲ
199 4519 251 4560 om.
270 4501 300 4556 Μ
369 4501 410 4576 τῷ
429 4516 478 4570 pro
496 4493 531 4556 τὸ
550 4497 600 4554 TU
617 4513 644 4552 m
674 4513 728 4554 ιεε.
