<?xml version="1.0" encoding="UTF-8"?>
<!DOCTYPE html PUBLIC "-//W3C//DTD XHTML 1.0 Transitional//EN"
    "http://www.w3.org/TR/xhtml1/DTD/xhtml1-transitional.dtd">
<html xmlns="http://www.w3.org/1999/xhtml" xml:lang="en" lang="en">
 <head>
  <title>
</title>
<meta http-equiv="Content-Type" content="text/html;charset=utf-8" />
  <meta name='ocr-system' content='tesseract 3.04.00' />
  <meta name='ocr-capabilities' content='ocr_page ocr_carea ocr_par ocr_line ocrx_word'/>
</head>
<body>
  <div class='ocr_page' id='page_1' title='image "./quaeexstantomni01diogoog_0084.png"; bbox 0 0 3452 5264; ppageno 0'>
   <div class='ocr_carea' id='block_1_1' title="bbox 611 459 1392 524">
    <p class='ocr_par' dir='ltr' id='par_1_1' title="bbox 611 459 1392 524">
     <span class='ocr_line' id='line_1_1' title="bbox 611 459 1392 524; baseline -0.006 -7"><span class='ocrx_word' id='word_1_1' title='bbox 611 459 748 517; x_wconf 78' lang='lat' dir='ltr'><strong>ORATIO</strong></span> <span class='ocrx_word' id='word_1_2' title='bbox 766 460 919 517; x_wconf 75' lang='lat' dir='ltr'>XXXVIII.</span> <span class='ocrx_word' id='word_1_3' title='bbox 1352 463 1392 524; x_wconf 83' lang='lat'><strong><em>33</em></strong></span> 
     </span>
    </p>
   </div>
   <div class='ocr_carea' id='block_1_2' title="bbox 7 632 1445 3684">
    <p class='ocr_par' dir='ltr' id='par_1_2' title="bbox 7 632 1445 3684">
     <span class='ocr_line' id='line_1_2' title="bbox 137 632 1393 723; baseline 0.004 -25"><span class='ocrx_word' id='word_1_4' title='bbox 137 637 198 716; x_wconf 82' lang='grc' dir='ltr'><strong><em>μέν</em></strong></span> <span class='ocrx_word' id='word_1_5' title='bbox 225 632 365 721; x_wconf 87' lang='grc' dir='ltr'><strong><em>ήδοναῖς</em></strong></span> <span class='ocrx_word' id='word_1_6' title='bbox 394 636 613 718; x_wconf 86' lang='grc' dir='ltr'><strong><em>πεισθέντες,</em></strong></span> <span class='ocrx_word' id='word_1_7' title='bbox 650 637 684 697; x_wconf 92' lang='grc' dir='ltr'><strong><em>σί</em></strong></span> <span class='ocrx_word' id='word_1_8' title='bbox 712 632 748 698; x_wconf 82' lang='grc' dir='ltr'><strong><em>δέ</em></strong></span> <span class='ocrx_word' id='word_1_9' title='bbox 780 640 906 712; x_wconf 78' lang='grc' dir='ltr'><strong><em>πόνους</em></strong></span> <span class='ocrx_word' id='word_1_10' title='bbox 936 639 1115 723; x_wconf 89' lang='grc' dir='ltr'><strong><em>φεύγοντες</em></strong></span> <span class='ocrx_word' id='word_1_11' title='bbox 1143 639 1309 720; x_wconf 86' lang='grc' dir='ltr'><strong><em>ὑγιεινούς</em></strong></span> <span class='ocrx_word' id='word_1_12' title='bbox 1336 642 1393 703; x_wconf 88' lang='grc' dir='ltr'><strong><em>καί</em></strong></span> 
     </span>
     <span class='ocr_line' id='line_1_3' title="bbox 139 734 1393 824; baseline 0.003 -24"><span class='ocrx_word' id='word_1_13' title='bbox 139 735 273 814; x_wconf 76' lang='grc' dir='ltr'><strong><em>διαίτας</em></strong></span> <span class='ocrx_word' id='word_1_14' title='bbox 307 740 496 824; x_wconf 87' lang='grc' dir='ltr'><strong><em>σώφρονας.</em></strong></span> <span class='ocrx_word' id='word_1_15' title='bbox 553 740 584 800; x_wconf 85' lang='grc' dir='ltr'><strong><em>εί</em></strong></span> <span class='ocrx_word' id='word_1_16' title='bbox 618 735 654 801; x_wconf 80' lang='grc' dir='ltr'><strong><em>δὲ</em></strong></span> <span class='ocrx_word' id='word_1_17' title='bbox 686 734 732 822; x_wconf 89' lang='grc' dir='ltr'><strong><em>μή</em></strong></span> <span class='ocrx_word' id='word_1_18' title='bbox 763 746 862 802; x_wconf 86' lang='grc' dir='ltr'><strong><em>τούτο</em></strong></span> <span class='ocrx_word' id='word_1_19' title='bbox 891 744 965 814; x_wconf 88' lang='grc' dir='ltr'><strong><em>τοῖς</em></strong></span> <span class='ocrx_word' id='word_1_20' title='bbox 992 741 1166 821; x_wconf 90' lang='grc' dir='ltr'><strong><em>μεγίστοις</em></strong></span> <span class='ocrx_word' id='word_1_21' title='bbox 1191 738 1257 803; x_wconf 90' lang='grc' dir='ltr'><strong><em>τῶν</em></strong></span> <span class='ocrx_word' id='word_1_22' title='bbox 1285 741 1393 804; x_wconf 81' lang='grc' dir='ltr'><strong><em>κακῶν</em></strong></span> 
     </span>
     <span class='ocr_line' id='line_1_4' title="bbox 137 831 1391 926; baseline 0.003 -24"><span class='ocrx_word' id='word_1_23' title='bbox 137 842 265 926; x_wconf 86' lang='grc' dir='ltr'><strong><em>ύπήρχε</em></strong></span> <span class='ocrx_word' id='word_1_24' title='bbox 287 841 466 926; x_wconf 86' lang='grc' dir='ltr'><strong><em>βοήθημα,</em></strong></span> <span class='ocrx_word' id='word_1_25' title='bbox 488 843 507 923; x_wconf 93' lang='grc' dir='ltr'><strong><em>ή</em></strong></span> <span class='ocrx_word' id='word_1_26' title='bbox 532 842 723 924; x_wconf 78' lang='grc' dir='ltr'><strong><em>παραυτίκα</em></strong></span> <span class='ocrx_word' id='word_1_27' title='bbox 745 837 865 926; x_wconf 90' lang='grc' dir='ltr'><strong><em>ήδονή,</em></strong></span> <span class='ocrx_word' id='word_1_28' title='bbox 889 838 1030 920; x_wconf 89' lang='grc' dir='ltr'><strong><em>δύναμιν</em></strong></span> <span class='ocrx_word' id='word_1_29' title='bbox 1052 843 1093 902; x_wconf 90' lang='grc' dir='ltr'><strong><em>ἀν</em></strong></span> <span class='ocrx_word' id='word_1_30' title='bbox 1116 831 1189 905; x_wconf 76' lang='grc' dir='ltr'><strong><em>οὐδ’</em></strong></span> <span class='ocrx_word' id='word_1_31' title='bbox 1215 839 1302 918; x_wconf 89' lang='grc' dir='ltr'><strong><em>δλιυς</em></strong></span> <span class='ocrx_word' id='word_1_32' title='bbox 1325 843 1391 924; x_wconf 88' lang='grc' dir='ltr'><strong><em>εἶχε</em></strong></span> 
     </span>
     <span class='ocr_line' id='line_1_5' title="bbox 24 933 1393 1029; baseline 0.003 -25"><span class='ocrx_word' id='word_1_33' title='bbox 24 957 77 1004; x_wconf 73' lang='grc' dir='ltr'><strong><em>ατε</em></strong></span> <span class='ocrx_word' id='word_1_34' title='bbox 90 956 122 1008; x_wconf 79' lang='grc' dir='ltr'><strong><em>ιι)</em></strong></span> <span class='ocrx_word' id='word_1_35' title='bbox 136 939 315 1024; x_wconf 80' lang='grc' dir='ltr'><strong><em>βλάπτειν·</em></strong></span> <span class='ocrx_word' id='word_1_36' title='bbox 338 951 395 1006; x_wconf 86' lang='grc' dir='ltr'><strong><em>νύν</em></strong></span> <span class='ocrx_word' id='word_1_37' title='bbox 418 940 453 1006; x_wconf 81' lang='grc' dir='ltr'><strong><em>δὲ</em></strong></span> <span class='ocrx_word' id='word_1_38' title='bbox 477 933 594 1017; x_wconf 74' lang='grc' dir='ltr'><strong><em>αὐτοῖς</em></strong></span> <span class='ocrx_word' id='word_1_39' title='bbox 616 939 773 1029; x_wconf 83' lang='grc' dir='ltr'><strong><em>έδωκενή</em></strong></span> <span class='ocrx_word' id='word_1_40' title='bbox 791 945 904 1029; x_wconf 91' lang='grc' dir='ltr'><strong><em>φύσις,</em></strong></span> <span class='ocrx_word' id='word_1_41' title='bbox 928 945 1016 1006; x_wconf 86' lang='grc' dir='ltr'><strong><em>ὥστε</em></strong></span> <span class='ocrx_word' id='word_1_42' title='bbox 1030 939 1205 1020; x_wconf 78' lang='grc' dir='ltr'><strong><em>ἐξαπατᾶν</em></strong></span> <span class='ocrx_word' id='word_1_43' title='bbox 1220 941 1393 1008; x_wconf 88' lang='grc' dir='ltr'><strong><em>δύνασθαι</em></strong></span> 
     </span>
     <span class='ocr_line' id='line_1_6' title="bbox 102 1036 1445 1130; baseline 0.005 -23"><span class='ocrx_word' id='word_1_44' title='bbox 102 1057 117 1106; x_wconf 80' lang='grc' dir='ltr'><strong><em>ο</em></strong></span> <span class='ocrx_word' id='word_1_45' title='bbox 139 1047 195 1108; x_wconf 84' lang='grc' dir='ltr'><strong><em>καί</em></strong></span> <span class='ocrx_word' id='word_1_46' title='bbox 217 1050 354 1130; x_wconf 83' lang='grc' dir='ltr'><strong><em>τέρπειν</em></strong></span> <span class='ocrx_word' id='word_1_47' title='bbox 376 1047 455 1121; x_wconf 89' lang='grc' dir='ltr'><strong><em>τούς</em></strong></span> <span class='ocrx_word' id='word_1_48' title='bbox 476 1042 725 1124; x_wconf 79' lang='grc' dir='ltr'><strong><em>ἀδικουμένους.</em></strong></span> <span class='ocrx_word' id='word_1_49' title='bbox 766 1047 824 1108; x_wconf 85' lang='grc' dir='ltr'><strong><em>καί</em></strong></span> <span class='ocrx_word' id='word_1_50' title='bbox 845 1047 906 1109; x_wconf 84' lang='grc' dir='ltr'><strong><em>ἐπί</em></strong></span> <span class='ocrx_word' id='word_1_51' title='bbox 927 1065 963 1128; x_wconf 89' lang='grc' dir='ltr'><strong><em>γε</em></strong></span> <span class='ocrx_word' id='word_1_52' title='bbox 986 1036 1013 1128; x_wconf 78' lang='grc' dir='ltr'><strong><em>ᾧ</em></strong></span> <span class='ocrx_word' id='word_1_53' title='bbox 1035 1066 1088 1120; x_wconf 90' lang='grc' dir='ltr'><strong><em>τις</em></strong></span> <span class='ocrx_word' id='word_1_54' title='bbox 1110 1047 1151 1108; x_wconf 92' lang='grc' dir='ltr'><strong><em>ἀν</em></strong></span> <span class='ocrx_word' id='word_1_55' title='bbox 1172 1048 1229 1109; x_wconf 90' lang='grc' dir='ltr'><strong><em>καί</em></strong></span> <span class='ocrx_word' id='word_1_56' title='bbox 1243 1044 1391 1126; x_wconf 91' lang='grc' dir='ltr'><strong><em>μάλιστα</em></strong></span> <span class='ocrx_word' id='word_1_57' title='bbox 1407 1052 1445 1114; x_wconf 90' lang='grc'>13</span> 
     </span>
     <span class='ocr_line' id='line_1_7' title="bbox 139 1139 1394 1233; baseline 0.003 -25"><span class='ocrx_word' id='word_1_58' title='bbox 139 1149 347 1233; x_wconf 75' lang='grc' dir='ltr'><strong><em>φθονήσειεν</em></strong></span> <span class='ocrx_word' id='word_1_59' title='bbox 371 1139 503 1224; x_wconf 79' lang='grc' dir='ltr'><strong><em>αὐτοῖς,</em></strong></span> <span class='ocrx_word' id='word_1_60' title='bbox 532 1149 639 1210; x_wconf 88' lang='grc' dir='ltr'><strong><em>έκεῖνό</em></strong></span> <span class='ocrx_word' id='word_1_61' title='bbox 662 1150 754 1210; x_wconf 76' lang='grc' dir='ltr'><strong><em>ἐστιν</em></strong></span> <span class='ocrx_word' id='word_1_62' title='bbox 777 1150 830 1210; x_wconf 88' lang='grc' dir='ltr'><strong><em>ότι</em></strong></span> <span class='ocrx_word' id='word_1_63' title='bbox 859 1143 984 1230; x_wconf 90' lang='grc' dir='ltr'><strong><em>[πάντα</em></strong></span> <span class='ocrx_word' id='word_1_64' title='bbox 1007 1149 1048 1209; x_wconf 90' lang='grc' dir='ltr'><strong><em>τά</em></strong></span> <span class='ocrx_word' id='word_1_65' title='bbox 1071 1142 1168 1230; x_wconf 74' lang='grc' dir='ltr'><strong><em>κακά]</em></strong></span> <span class='ocrx_word' id='word_1_66' title='bbox 1194 1144 1299 1212; x_wconf 80' lang='grc' dir='ltr'><strong><em>λυπεῖ</em></strong></span> <span class='ocrx_word' id='word_1_67' title='bbox 1316 1153 1394 1225; x_wconf 89' lang='grc' dir='ltr'><strong><em>τούς</em></strong></span> 
     </span>
     <span class='ocr_line' id='line_1_8' title="bbox 9 1249 1393 1336; baseline 0.004 -28"><span class='ocrx_word' id='word_1_68' title='bbox 9 1262 118 1312; x_wconf 65' lang='lat' dir='ltr'><strong><em>mn)</em></strong></span> <span class='ocrx_word' id='word_1_69' title='bbox 136 1250 345 1333; x_wconf 87' lang='grc' dir='ltr'><strong><em>ἀνθρώπους</em></strong></span> <span class='ocrx_word' id='word_1_70' title='bbox 367 1251 473 1313; x_wconf 86' lang='grc' dir='ltr'><strong><em>δποῖά</em></strong></span> <span class='ocrx_word' id='word_1_71' title='bbox 496 1252 589 1313; x_wconf 90' lang='grc' dir='ltr'><strong><em>έστιν</em></strong></span> <span class='ocrx_word' id='word_1_72' title='bbox 610 1251 867 1329; x_wconf 74' lang='grc' dir='ltr'><strong><em>ἐπισταμένους.</em></strong></span> <span class='ocrx_word' id='word_1_73' title='bbox 914 1252 945 1313; x_wconf 91' lang='grc' dir='ltr'><strong><em>εί</em></strong></span> <span class='ocrx_word' id='word_1_74' title='bbox 966 1251 1027 1330; x_wconf 82' lang='grc' dir='ltr'><strong><em>μέν</em></strong></span> <span class='ocrx_word' id='word_1_75' title='bbox 1052 1249 1110 1312; x_wconf 85' lang='grc' dir='ltr'><strong><em>οδν</em></strong></span> <span class='ocrx_word' id='word_1_76' title='bbox 1125 1271 1178 1325; x_wconf 90' lang='grc' dir='ltr'><strong><em>τις</em></strong></span> <span class='ocrx_word' id='word_1_77' title='bbox 1193 1253 1393 1336; x_wconf 75' lang='grc' dir='ltr'><strong><em>ἐρωτήσειεν</em></strong></span> 
     </span>
     <span class='ocr_line' id='line_1_9' title="bbox 135 1344 1391 1439; baseline 0.002 -25"><span class='ocrx_word' id='word_1_78' title='bbox 135 1355 193 1414; x_wconf 88' lang='grc' dir='ltr'><strong><em>ένα</em></strong></span> <span class='ocrx_word' id='word_1_79' title='bbox 216 1349 363 1438; x_wconf 74' lang='grc' dir='ltr'><strong><em>ἀνδρική</em></strong></span> <span class='ocrx_word' id='word_1_80' title='bbox 388 1348 536 1428; x_wconf 90' lang='grc' dir='ltr'><strong><em>πολλούς</em></strong></span> <span class='ocrx_word' id='word_1_81' title='bbox 559 1354 646 1432; x_wconf 83' lang='grc' dir='ltr'><strong><em>όμαύ</em></strong></span> <span class='ocrx_word' id='word_1_82' title='bbox 667 1349 828 1436; x_wconf 83' lang='grc' dir='ltr'><strong><em>περὶτῶν</em></strong></span> <span class='ocrx_word' id='word_1_83' title='bbox 843 1354 1019 1433; x_wconf 80' lang='grc' dir='ltr'><strong><em>ὀνομάτων</em></strong></span> <span class='ocrx_word' id='word_1_84' title='bbox 1036 1344 1155 1426; x_wconf 79' lang='grc' dir='ltr'><strong><em>αι’τῶν,</em></strong></span> <span class='ocrx_word' id='word_1_85' title='bbox 1179 1355 1214 1415; x_wconf 84' lang='grc' dir='ltr'><strong><em>ἐν</em></strong></span> <span class='ocrx_word' id='word_1_86' title='bbox 1238 1355 1327 1436; x_wconf 86' lang='grc' dir='ltr'><strong><em>ποίῳ</em></strong></span> <span class='ocrx_word' id='word_1_87' title='bbox 1352 1351 1391 1439; x_wconf 87' lang='grc' dir='ltr'><strong><em>δή</em></strong></span> 
     </span>
     <span class='ocr_line' id='line_1_10' title="bbox 136 1451 1395 1539; baseline 0.003 -23"><span class='ocrx_word' id='word_1_88' title='bbox 136 1459 232 1539; x_wconf 83' lang='grc' dir='ltr'><strong><em>μέρει</em></strong></span> <span class='ocrx_word' id='word_1_89' title='bbox 254 1455 295 1516; x_wconf 86' lang='grc' dir='ltr'><strong><em>τά</em></strong></span> <span class='ocrx_word' id='word_1_90' title='bbox 318 1462 459 1518; x_wconf 84' lang='grc' dir='ltr'><strong><em>τοιαῦτα</em></strong></span> <span class='ocrx_word' id='word_1_91' title='bbox 481 1457 735 1530; x_wconf 85' lang='grc' dir='ltr'><strong><em>κατατάττεται,</em></strong></span> <span class='ocrx_word' id='word_1_92' title='bbox 761 1451 907 1535; x_wconf 85' lang='grc' dir='ltr'><strong><em>πόλεμοι</em></strong></span> <span class='ocrx_word' id='word_1_93' title='bbox 929 1457 986 1517; x_wconf 90' lang='grc' dir='ltr'><strong><em>καί</em></strong></span> <span class='ocrx_word' id='word_1_94' title='bbox 1003 1457 1140 1530; x_wconf 89' lang='grc' dir='ltr'><strong><em>στάσεις</em></strong></span> <span class='ocrx_word' id='word_1_95' title='bbox 1155 1457 1211 1518; x_wconf 87' lang='grc' dir='ltr'><strong><em>καί</em></strong></span> <span class='ocrx_word' id='word_1_96' title='bbox 1226 1459 1323 1519; x_wconf 92' lang='grc' dir='ltr'><strong><em>νόσοι</em></strong></span> <span class='ocrx_word' id='word_1_97' title='bbox 1338 1460 1395 1520; x_wconf 87' lang='grc' dir='ltr'><strong><em>καί</em></strong></span> 
     </span>
     <span class='ocr_line' id='line_1_11' title="bbox 89 1549 1395 1642; baseline 0.001 -22"><span class='ocrx_word' id='word_1_98' title='bbox 89 1566 118 1620; x_wconf 85' lang='grc' dir='ltr'><strong><em>1ο</em></strong></span> <span class='ocrx_word' id='word_1_99' title='bbox 139 1557 181 1618; x_wconf 84' lang='grc' dir='ltr'><strong><em>τὰ</em></strong></span> <span class='ocrx_word' id='word_1_100' title='bbox 202 1560 338 1633; x_wconf 83' lang='grc' dir='ltr'><strong><em>τούτοις</em></strong></span> <span class='ocrx_word' id='word_1_101' title='bbox 360 1558 548 1642; x_wconf 82' lang='grc' dir='ltr'><strong><em>ὁμότροπα,</em></strong></span> <span class='ocrx_word' id='word_1_102' title='bbox 572 1553 668 1620; x_wconf 79' lang='grc' dir='ltr'><strong><em>οὐδέν</em></strong></span> <span class='ocrx_word' id='word_1_103' title='bbox 691 1557 732 1619; x_wconf 88' lang='grc' dir='ltr'><strong><em>ἀν</em></strong></span> <span class='ocrx_word' id='word_1_104' title='bbox 753 1553 923 1642; x_wconf 88' lang='grc' dir='ltr'><strong><em>μελλήσας</em></strong></span> <span class='ocrx_word' id='word_1_105' title='bbox 945 1557 1169 1640; x_wconf 86' lang='grc' dir='ltr'><strong><em>ἀποκρίναιτο</em></strong></span> <span class='ocrx_word' id='word_1_106' title='bbox 1185 1549 1317 1642; x_wconf 85' lang='grc' dir='ltr'><strong><em>[ούδείς]</em></strong></span> <span class='ocrx_word' id='word_1_107' title='bbox 1342 1561 1395 1622; x_wconf 90' lang='grc' dir='ltr'><strong><em>ότι</em></strong></span> 
     </span>
     <span class='ocr_line' id='line_1_12' title="bbox 138 1652 1395 1740; baseline 0.002 -20"><span class='ocrx_word' id='word_1_108' title='bbox 138 1666 245 1722; x_wconf 89' lang='grc' dir='ltr'><strong><em>ταύτα</em></strong></span> <span class='ocrx_word' id='word_1_109' title='bbox 268 1662 302 1722; x_wconf 93' lang='grc' dir='ltr'><strong><em>έν</em></strong></span> <span class='ocrx_word' id='word_1_110' title='bbox 325 1664 399 1735; x_wconf 84' lang='grc' dir='ltr'><strong><em>τοῖς</em></strong></span> <span class='ocrx_word' id='word_1_111' title='bbox 421 1665 537 1734; x_wconf 88' lang='grc' dir='ltr'><strong><em>κακοῖς</em></strong></span> <span class='ocrx_word' id='word_1_112' title='bbox 558 1662 717 1722; x_wconf 87' lang='grc' dir='ltr'><strong><em>τάττεται</em></strong></span> <span class='ocrx_word' id='word_1_113' title='bbox 730 1660 787 1722; x_wconf 90' lang='grc' dir='ltr'><strong><em>καί</em></strong></span> <span class='ocrx_word' id='word_1_114' title='bbox 803 1659 910 1734; x_wconf 88' lang='grc' dir='ltr'><strong><em>ούτως</em></strong></span> <span class='ocrx_word' id='word_1_115' title='bbox 923 1652 1006 1738; x_wconf 83' lang='grc' dir='ltr'><strong><em>(ὡς)</em></strong></span> <span class='ocrx_word' id='word_1_116' title='bbox 1029 1659 1098 1737; x_wconf 75' lang='grc' dir='ltr'><strong><em>ἔχει</em></strong></span> <span class='ocrx_word' id='word_1_117' title='bbox 1119 1661 1176 1722; x_wconf 90' lang='grc' dir='ltr'><strong><em>καί</em></strong></span> <span class='ocrx_word' id='word_1_118' title='bbox 1198 1657 1395 1740; x_wconf 87' lang='grc' dir='ltr'><strong><em>νενόμισται</em></strong></span> 
     </span>
     <span class='ocr_line' id='line_1_13' title="bbox 136 1752 1444 1846; baseline 0.006 -24"><span class='ocrx_word' id='word_1_119' title='bbox 136 1763 192 1823; x_wconf 89' lang='grc' dir='ltr'><strong><em>καί</em></strong></span> <span class='ocrx_word' id='word_1_120' title='bbox 212 1759 366 1825; x_wconf 86' lang='grc' dir='ltr'><strong><em>καλεῖται</em></strong></span> <span class='ocrx_word' id='word_1_121' title='bbox 387 1764 480 1824; x_wconf 91' lang='grc' dir='ltr'><strong><em>κακά.</em></strong></span> <span class='ocrx_word' id='word_1_122' title='bbox 518 1761 559 1823; x_wconf 86' lang='grc' dir='ltr'><strong><em>τά</em></strong></span> <span class='ocrx_word' id='word_1_123' title='bbox 584 1752 616 1824; x_wconf 83' lang='grc' dir='ltr'><strong><em>δ’</em></strong></span> <span class='ocrx_word' id='word_1_124' title='bbox 641 1762 777 1823; x_wconf 84' lang='grc' dir='ltr'><strong><em>ίναντία</em></strong></span> <span class='ocrx_word' id='word_1_125' title='bbox 792 1763 937 1838; x_wconf 88' lang='grc' dir='ltr'><strong><em>τούτοις,</em></strong></span> <span class='ocrx_word' id='word_1_126' title='bbox 960 1762 1074 1846; x_wconf 78' lang='grc' dir='ltr'><strong><em>εἰρήνη</em></strong></span> <span class='ocrx_word' id='word_1_127' title='bbox 1097 1763 1154 1824; x_wconf 87' lang='grc' dir='ltr'><strong><em>καί</em></strong></span> <span class='ocrx_word' id='word_1_128' title='bbox 1169 1759 1312 1841; x_wconf 89' lang='grc' dir='ltr'><strong><em>ύμόνοια</em></strong></span> <span class='ocrx_word' id='word_1_129' title='bbox 1334 1766 1390 1827; x_wconf 84' lang='grc' dir='ltr'><strong><em>καί</em></strong></span> <span class='ocrx_word' id='word_1_130' title='bbox 1405 1767 1444 1830; x_wconf 82' lang='grc'>14</span> 
     </span>
     <span class='ocr_line' id='line_1_14' title="bbox 137 1858 1394 1949; baseline 0.002 -24"><span class='ocrx_word' id='word_1_131' title='bbox 137 1865 247 1946; x_wconf 87' lang='grc' dir='ltr'><strong><em>ύγεία,</em></strong></span> <span class='ocrx_word' id='word_1_132' title='bbox 274 1865 331 1927; x_wconf 87' lang='grc' dir='ltr'><strong><em>καί</em></strong></span> <span class='ocrx_word' id='word_1_133' title='bbox 352 1871 458 1926; x_wconf 81' lang='grc' dir='ltr'><strong><em>ταῦτα</em></strong></span> <span class='ocrx_word' id='word_1_134' title='bbox 481 1860 591 1938; x_wconf 88' lang='grc' dir='ltr'><strong><em>ούδείς</em></strong></span> <span class='ocrx_word' id='word_1_135' title='bbox 613 1858 690 1946; x_wconf 83' lang='grc' dir='ltr'><strong><em>(ἀν)</em></strong></span> <span class='ocrx_word' id='word_1_136' title='bbox 718 1865 876 1927; x_wconf 80' lang='grc' dir='ltr'><strong><em>ἀντείποι</em></strong></span> <span class='ocrx_word' id='word_1_137' title='bbox 904 1859 950 1949; x_wconf 86' lang='grc' dir='ltr'><strong><em>μή</em></strong></span> <span class='ocrx_word' id='word_1_138' title='bbox 980 1865 1052 1942; x_wconf 89' lang='grc' dir='ltr'><strong><em>ούχί</em></strong></span> <span class='ocrx_word' id='word_1_139' title='bbox 1082 1863 1198 1945; x_wconf 83' lang='grc' dir='ltr'><strong><em>ἀγαθά</em></strong></span> <span class='ocrx_word' id='word_1_140' title='bbox 1228 1866 1283 1926; x_wconf 89' lang='grc' dir='ltr'><strong><em>καί</em></strong></span> <span class='ocrx_word' id='word_1_141' title='bbox 1306 1865 1394 1928; x_wconf 85' lang='grc' dir='ltr'><strong><em>εἶναι</em></strong></span> 
     </span>
     <span class='ocr_line' id='line_1_15' title="bbox 136 1961 1394 2050; baseline 0.003 -24"><span class='ocrx_word' id='word_1_142' title='bbox 136 1966 194 2027; x_wconf 88' lang='grc' dir='ltr'><strong><em>καί</em></strong></span> <span class='ocrx_word' id='word_1_143' title='bbox 216 1961 388 2047; x_wconf 87' lang='grc' dir='ltr'><strong><em>λέγεσθαι.</em></strong></span> <span class='ocrx_word' id='word_1_144' title='bbox 427 1971 576 2049; x_wconf 83' lang='grc' dir='ltr'><strong><em>φανεράς</em></strong></span> <span class='ocrx_word' id='word_1_145' title='bbox 599 1961 635 2027; x_wconf 77' lang='grc' dir='ltr'><strong><em>δέ</em></strong></span> <span class='ocrx_word' id='word_1_146' title='bbox 659 1965 766 2039; x_wconf 91' lang='grc' dir='ltr'><strong><em>ούτως</em></strong></span> <span class='ocrx_word' id='word_1_147' title='bbox 790 1966 892 2049; x_wconf 81' lang='grc' dir='ltr'><strong><em>οὔσης</em></strong></span> <span class='ocrx_word' id='word_1_148' title='bbox 913 1973 973 2050; x_wconf 82' lang='grc' dir='ltr'><strong><em>τῆς</em></strong></span> <span class='ocrx_word' id='word_1_149' title='bbox 995 1967 1104 2050; x_wconf 91' lang='grc' dir='ltr'><strong><em>μάχης</em></strong></span> <span class='ocrx_word' id='word_1_150' title='bbox 1117 1973 1185 2028; x_wconf 82' lang='grc' dir='ltr'><strong><em>τῶν</em></strong></span> <span class='ocrx_word' id='word_1_151' title='bbox 1207 1973 1316 2030; x_wconf 82' lang='grc' dir='ltr'><strong><em>κακῶν</em></strong></span> <span class='ocrx_word' id='word_1_152' title='bbox 1338 1970 1394 2031; x_wconf 89' lang='grc' dir='ltr'><strong><em>καί</em></strong></span> 
     </span>
     <span class='ocr_line' id='line_1_16' title="bbox 89 2063 1394 2148; baseline 0.001 -19"><span class='ocrx_word' id='word_1_153' title='bbox 89 2079 119 2131; x_wconf 82' lang='grc'>15</span> <span class='ocrx_word' id='word_1_154' title='bbox 140 2065 206 2128; x_wconf 86' lang='grc' dir='ltr'><strong><em>τῶν</em></strong></span> <span class='ocrx_word' id='word_1_155' title='bbox 228 2066 379 2148; x_wconf 89' lang='grc' dir='ltr'><strong><em>ἀγαθῶν,</em></strong></span> <span class='ocrx_word' id='word_1_156' title='bbox 401 2069 493 2146; x_wconf 81' lang='grc' dir='ltr'><strong><em>ὅμως</em></strong></span> <span class='ocrx_word' id='word_1_157' title='bbox 508 2067 577 2129; x_wconf 88' lang='grc' dir='ltr'><strong><em>είσί</em></strong></span> <span class='ocrx_word' id='word_1_158' title='bbox 591 2086 690 2144; x_wconf 91' lang='grc' dir='ltr'><strong><em>τινες,</em></strong></span> <span class='ocrx_word' id='word_1_159' title='bbox 712 2063 840 2147; x_wconf 85' lang='grc' dir='ltr'><strong><em>μᾶλλον</em></strong></span> <span class='ocrx_word' id='word_1_160' title='bbox 856 2064 892 2129; x_wconf 80' lang='grc' dir='ltr'><strong><em>δέ</em></strong></span> <span class='ocrx_word' id='word_1_161' title='bbox 908 2063 1043 2144; x_wconf 87' lang='grc' dir='ltr'><strong><em>πολλοί,</em></strong></span> <span class='ocrx_word' id='word_1_162' title='bbox 1068 2069 1191 2142; x_wconf 90' lang='grc' dir='ltr'><strong><em>οίτινες</em></strong></span> <span class='ocrx_word' id='word_1_163' title='bbox 1205 2067 1272 2130; x_wconf 89' lang='grc' dir='ltr'><strong><em>τῶν</em></strong></span> <span class='ocrx_word' id='word_1_164' title='bbox 1286 2068 1394 2131; x_wconf 81' lang='grc' dir='ltr'><strong><em>κακῶν</em></strong></span> 
     </span>
     <span class='ocr_line' id='line_1_17' title="bbox 138 2164 1394 2253; baseline 0.002 -24"><span class='ocrx_word' id='word_1_165' title='bbox 138 2172 211 2242; x_wconf 86' lang='grc' dir='ltr'><strong><em>τοῖς</em></strong></span> <span class='ocrx_word' id='word_1_166' title='bbox 240 2164 522 2249; x_wconf 82' lang='grc' dir='ltr'><strong><em>ὁμολογουμένοις</em></strong></span> <span class='ocrx_word' id='word_1_167' title='bbox 547 2168 718 2251; x_wconf 86' lang='grc' dir='ltr'><strong><em>χαίρομεν.</em></strong></span> <span class='ocrx_word' id='word_1_168' title='bbox 768 2169 825 2230; x_wconf 88' lang='grc' dir='ltr'><strong><em>καί</em></strong></span> <span class='ocrx_word' id='word_1_169' title='bbox 854 2169 932 2247; x_wconf 86' lang='grc' dir='ltr'><strong><em>περί</em></strong></span> <span class='ocrx_word' id='word_1_170' title='bbox 960 2164 997 2230; x_wconf 79' lang='grc' dir='ltr'><strong><em>δὲ</em></strong></span> <span class='ocrx_word' id='word_1_171' title='bbox 1019 2176 1078 2253; x_wconf 80' lang='grc' dir='ltr'><strong><em>τῆς</em></strong></span> <span class='ocrx_word' id='word_1_172' title='bbox 1100 2170 1183 2244; x_wconf 83' lang='grc' dir='ltr'><strong><em>νεὼς</em></strong></span> <span class='ocrx_word' id='word_1_173' title='bbox 1213 2173 1337 2245; x_wconf 90' lang='grc' dir='ltr'><strong><em>πάντες</em></strong></span> <span class='ocrx_word' id='word_1_174' title='bbox 1361 2173 1394 2232; x_wconf 90' lang='grc' dir='ltr'><strong><em>οί</em></strong></span> 
     </span>
     <span class='ocr_line' id='line_1_18' title="bbox 139 2266 1393 2354; baseline 0.002 -23"><span class='ocrx_word' id='word_1_175' title='bbox 139 2266 299 2345; x_wconf 84' lang='grc' dir='ltr'><strong><em>πλέοντες</em></strong></span> <span class='ocrx_word' id='word_1_176' title='bbox 321 2269 545 2349; x_wconf 74' lang='grc' dir='ltr'><strong><em>ἐπιστάμενοι</em></strong></span> <span class='ocrx_word' id='word_1_177' title='bbox 562 2266 654 2332; x_wconf 88' lang='grc' dir='ltr'><strong><em>διότι</em></strong></span> <span class='ocrx_word' id='word_1_178' title='bbox 668 2271 731 2350; x_wconf 88' lang='grc' dir='ltr'><strong><em>μία</em></strong></span> <span class='ocrx_word' id='word_1_179' title='bbox 747 2271 829 2354; x_wconf 81' lang='grc' dir='ltr'><strong><em>αὕτη</em></strong></span> <span class='ocrx_word' id='word_1_180' title='bbox 846 2271 920 2332; x_wconf 87' lang='grc' dir='ltr'><strong><em>έστί</em></strong></span> <span class='ocrx_word' id='word_1_181' title='bbox 937 2271 1097 2354; x_wconf 89' lang='grc' dir='ltr'><strong><em>σωτηρία,</em></strong></span> <span class='ocrx_word' id='word_1_182' title='bbox 1120 2273 1158 2332; x_wconf 90' lang='grc' dir='ltr'><strong><em>τό</em></strong></span> <span class='ocrx_word' id='word_1_183' title='bbox 1175 2273 1255 2346; x_wconf 88' lang='grc' dir='ltr'><strong><em>τούς</em></strong></span> <span class='ocrx_word' id='word_1_184' title='bbox 1270 2273 1393 2346; x_wconf 86' lang='grc' dir='ltr'><strong><em>ναύτας</em></strong></span> 
     </span>
     <span class='ocr_line' id='line_1_19' title="bbox 139 2369 1393 2458; baseline 0.002 -26"><span class='ocrx_word' id='word_1_185' title='bbox 139 2372 294 2451; x_wconf 87' lang='grc' dir='ltr'><strong><em>δμονοεῖν</em></strong></span> <span class='ocrx_word' id='word_1_186' title='bbox 314 2373 371 2434; x_wconf 89' lang='grc' dir='ltr'><strong><em>καί</em></strong></span> <span class='ocrx_word' id='word_1_187' title='bbox 392 2369 441 2453; x_wconf 80' lang='grc' dir='ltr'><strong><em>τῴ</em></strong></span> <span class='ocrx_word' id='word_1_188' title='bbox 462 2372 642 2458; x_wconf 82' lang='grc' dir='ltr'><strong><em>κυβερνήτῃ</em></strong></span> <span class='ocrx_word' id='word_1_189' title='bbox 671 2373 882 2448; x_wconf 76' lang='grc' dir='ltr'><strong><em>πείθεσθαι,</em></strong></span> <span class='ocrx_word' id='word_1_190' title='bbox 911 2376 1089 2457; x_wconf 78' lang='grc' dir='ltr'><strong><em>γενομένης</em></strong></span> <span class='ocrx_word' id='word_1_191' title='bbox 1119 2369 1154 2434; x_wconf 78' lang='grc' dir='ltr'><strong><em>δέ</em></strong></span> <span class='ocrx_word' id='word_1_192' title='bbox 1186 2374 1337 2448; x_wconf 88' lang='grc' dir='ltr'><strong><em>στάσεως</em></strong></span> <span class='ocrx_word' id='word_1_193' title='bbox 1359 2376 1393 2436; x_wconf 93' lang='grc' dir='ltr'><strong><em>έν</em></strong></span> 
     </span>
     <span class='ocr_line' id='line_1_20' title="bbox 139 2465 1393 2558; baseline 0.002 -23"><span class='ocrx_word' id='word_1_194' title='bbox 139 2474 223 2558; x_wconf 79' lang='grc' dir='ltr'><strong><em>αὐτῇ</em></strong></span> <span class='ocrx_word' id='word_1_195' title='bbox 244 2475 301 2536; x_wconf 87' lang='grc' dir='ltr'><strong><em>καί</em></strong></span> <span class='ocrx_word' id='word_1_196' title='bbox 323 2473 509 2548; x_wconf 70' lang='grc' dir='ltr'><strong><em>ἀπειθείας</em></strong></span> <span class='ocrx_word' id='word_1_197' title='bbox 532 2465 623 2536; x_wconf 88' lang='grc' dir='ltr'><strong><em>διότι</em></strong></span> <span class='ocrx_word' id='word_1_198' title='bbox 644 2474 701 2535; x_wconf 90' lang='grc' dir='ltr'><strong><em>καί</em></strong></span> <span class='ocrx_word' id='word_1_199' title='bbox 721 2473 763 2535; x_wconf 86' lang='grc' dir='ltr'><strong><em>τά</em></strong></span> <span class='ocrx_word' id='word_1_200' title='bbox 788 2470 881 2551; x_wconf 84' lang='grc' dir='ltr'><strong><em>δεξιά</em></strong></span> <span class='ocrx_word' id='word_1_201' title='bbox 905 2469 1067 2549; x_wconf 84' lang='grc' dir='ltr'><strong><em>πολλάκις</em></strong></span> <span class='ocrx_word' id='word_1_202' title='bbox 1098 2471 1165 2538; x_wconf 89' lang='grc' dir='ltr'><strong><em>τῶν</em></strong></span> <span class='ocrx_word' id='word_1_203' title='bbox 1192 2479 1393 2555; x_wconf 86' lang='grc' dir='ltr'><strong><em>πνευμάτων</em></strong></span> 
     </span>
     <span class='ocr_line' id='line_1_21' title="bbox 89 2573 1393 2661; baseline 0 -20"><span class='ocrx_word' id='word_1_204' title='bbox 89 2587 121 2641; x_wconf 73' lang='grc'>11</span> <span class='ocrx_word' id='word_1_205' title='bbox 142 2577 193 2652; x_wconf 83' lang='grc' dir='ltr'><strong><em>είς</em></strong></span> <span class='ocrx_word' id='word_1_206' title='bbox 214 2577 366 2638; x_wconf 80' lang='grc' dir='ltr'><strong><em>ἐναντίον</em></strong></span> <span class='ocrx_word' id='word_1_207' title='bbox 388 2583 429 2661; x_wconf 76' lang='grc' dir='ltr'><strong><em>τῇ</em></strong></span> <span class='ocrx_word' id='word_1_208' title='bbox 451 2577 505 2661; x_wconf 86' lang='grc' dir='ltr'><strong><em>νηί</em></strong></span> <span class='ocrx_word' id='word_1_209' title='bbox 528 2577 747 2659; x_wconf 89' lang='grc' dir='ltr'><strong><em>περιίσταται</em></strong></span> <span class='ocrx_word' id='word_1_210' title='bbox 768 2577 824 2638; x_wconf 90' lang='grc' dir='ltr'><strong><em>καί</em></strong></span> <span class='ocrx_word' id='word_1_211' title='bbox 844 2573 912 2639; x_wconf 87' lang='grc' dir='ltr'><strong><em>τῶν</em></strong></span> <span class='ocrx_word' id='word_1_212' title='bbox 936 2573 1079 2655; x_wconf 88' lang='grc' dir='ltr'><strong><em>λιμένων</em></strong></span> <span class='ocrx_word' id='word_1_213' title='bbox 1102 2577 1393 2660; x_wconf 77' lang='grc' dir='ltr'><strong><em>ἀποτυγχάνουσιν</em></strong></span> 
     </span>
     <span class='ocr_line' id='line_1_22' title="bbox 137 2672 1394 2765; baseline 0.002 -25"><span class='ocrx_word' id='word_1_214' title='bbox 137 2680 233 2762; x_wconf 90' lang='grc' dir='ltr'><strong><em>έγγύς</em></strong></span> <span class='ocrx_word' id='word_1_215' title='bbox 244 2681 360 2756; x_wconf 90' lang='grc' dir='ltr'><strong><em>όντων,</em></strong></span> <span class='ocrx_word' id='word_1_216' title='bbox 380 2681 472 2759; x_wconf 90' lang='grc' dir='ltr'><strong><em>δμως</em></strong></span> <span class='ocrx_word' id='word_1_217' title='bbox 485 2673 726 2756; x_wconf 85' lang='grc' dir='ltr'><strong><em>στασιάζουσιν</em></strong></span> <span class='ocrx_word' id='word_1_218' title='bbox 737 2679 829 2740; x_wconf 90' lang='grc' dir='ltr'><strong><em>έστιν</em></strong></span> <span class='ocrx_word' id='word_1_219' title='bbox 841 2680 897 2741; x_wconf 89' lang='grc' dir='ltr'><strong><em>ύτε</em></strong></span> <span class='ocrx_word' id='word_1_220' title='bbox 908 2679 976 2740; x_wconf 84' lang='grc' dir='ltr'><strong><em>ὑπό</em></strong></span> <span class='ocrx_word' id='word_1_221' title='bbox 990 2680 1185 2765; x_wconf 77' lang='grc' dir='ltr'><strong><em>ἀφροσύνης</em></strong></span> <span class='ocrx_word' id='word_1_222' title='bbox 1197 2672 1243 2762; x_wconf 87' lang='grc' dir='ltr'><strong><em>[σί</em></strong></span> <span class='ocrx_word' id='word_1_223' title='bbox 1253 2675 1394 2764; x_wconf 73' lang='grc' dir='ltr'><strong><em>ναύταιή,</em></strong></span> 
     </span>
     <span class='ocr_line' id='line_1_23' title="bbox 135 2777 1444 2867; baseline 0.004 -25"><span class='ocrx_word' id='word_1_224' title='bbox 135 2782 192 2843; x_wconf 87' lang='grc' dir='ltr'><strong><em>καί</em></strong></span> <span class='ocrx_word' id='word_1_225' title='bbox 213 2787 312 2843; x_wconf 86' lang='grc' dir='ltr'><strong><em>τοῦτο</em></strong></span> <span class='ocrx_word' id='word_1_226' title='bbox 335 2777 525 2843; x_wconf 88' lang='grc' dir='ltr'><strong><em>ἀπόλλυσιν</em></strong></span> <span class='ocrx_word' id='word_1_227' title='bbox 542 2782 663 2856; x_wconf 85' lang='grc' dir='ltr'><strong><em>αύτούς</em></strong></span> <span class='ocrx_word' id='word_1_228' title='bbox 678 2782 925 2861; x_wconf 80' lang='grc' dir='ltr'><strong><em>ἐπισταμένους</em></strong></span> <span class='ocrx_word' id='word_1_229' title='bbox 940 2787 1002 2842; x_wconf 83' lang='grc' dir='ltr'><strong><em>τοῦ</em></strong></span> <span class='ocrx_word' id='word_1_230' title='bbox 1016 2777 1162 2864; x_wconf 83' lang='grc' dir='ltr'><strong><em>ὀλέθρου</em></strong></span> <span class='ocrx_word' id='word_1_231' title='bbox 1184 2777 1244 2867; x_wconf 86' lang='grc' dir='ltr'><strong><em>τήν</em></strong></span> <span class='ocrx_word' id='word_1_232' title='bbox 1267 2783 1389 2845; x_wconf 80' lang='grc' dir='ltr'><strong><em>αἰτίαν.</em></strong></span> <span class='ocrx_word' id='word_1_233' title='bbox 1406 2787 1444 2849; x_wconf 88' lang='grc'><strong><em>15</em></strong></span> 
     </span>
     <span class='ocr_line' id='line_1_24' title="bbox 135 2879 1392 2970; baseline 0.002 -26"><span class='ocrx_word' id='word_1_234' title='bbox 135 2885 191 2946; x_wconf 90' lang='grc' dir='ltr'><strong><em>καί</em></strong></span> <span class='ocrx_word' id='word_1_235' title='bbox 202 2881 268 2944; x_wconf 92' lang='grc' dir='ltr'><strong><em>τῶν</em></strong></span> <span class='ocrx_word' id='word_1_236' title='bbox 285 2881 385 2944; x_wconf 85' lang='grc' dir='ltr'><strong><em>οἴκων</em></strong></span> <span class='ocrx_word' id='word_1_237' title='bbox 401 2879 437 2946; x_wconf 76' lang='grc' dir='ltr'><strong><em>δέ</em></strong></span> <span class='ocrx_word' id='word_1_238' title='bbox 452 2891 512 2968; x_wconf 89' lang='grc' dir='ltr'><strong><em>τη”ς</em></strong></span> <span class='ocrx_word' id='word_1_239' title='bbox 529 2884 698 2968; x_wconf 84' lang='grc' dir='ltr'><strong><em>σωτηρίας</em></strong></span> <span class='ocrx_word' id='word_1_240' title='bbox 710 2883 813 2968; x_wconf 89' lang='grc' dir='ltr'><strong><em>ούσης</em></strong></span> <span class='ocrx_word' id='word_1_241' title='bbox 825 2884 860 2945; x_wconf 82' lang='grc' dir='ltr'><strong><em>έν</em></strong></span> <span class='ocrx_word' id='word_1_242' title='bbox 872 2903 908 2945; x_wconf 91' lang='grc' dir='ltr'><strong><em>τε</em></strong></span> <span class='ocrx_word' id='word_1_243' title='bbox 920 2890 961 2968; x_wconf 79' lang='grc' dir='ltr'><strong><em>τῇ</em></strong></span> <span class='ocrx_word' id='word_1_244' title='bbox 973 2881 1040 2945; x_wconf 90' lang='grc' dir='ltr'><strong><em>τῶν</em></strong></span> <span class='ocrx_word' id='word_1_245' title='bbox 1053 2880 1229 2946; x_wconf 84' lang='grc' dir='ltr'><strong><em>δεσποτῶν</em></strong></span> <span class='ocrx_word' id='word_1_246' title='bbox 1241 2885 1392 2970; x_wconf 91' lang='grc' dir='ltr'><strong><em>δμοφρο-</em></strong></span> 
     </span>
     <span class='ocr_line' id='line_1_25' title="bbox 138 2982 1377 3070; baseline 0.002 -23"><span class='ocrx_word' id='word_1_247' title='bbox 138 2987 218 3069; x_wconf 87' lang='grc' dir='ltr'><strong><em>σύνη</em></strong></span> <span class='ocrx_word' id='word_1_248' title='bbox 240 2987 296 3049; x_wconf 90' lang='grc' dir='ltr'><strong><em>καί</em></strong></span> <span class='ocrx_word' id='word_1_249' title='bbox 317 2987 354 3048; x_wconf 83' lang='grc' dir='ltr'><strong><em>έν</em></strong></span> <span class='ocrx_word' id='word_1_250' title='bbox 376 2993 417 3070; x_wconf 82' lang='grc' dir='ltr'><strong><em>τῇ</em></strong></span> <span class='ocrx_word' id='word_1_251' title='bbox 439 2985 505 3048; x_wconf 90' lang='grc' dir='ltr'><strong><em>τῶν</em></strong></span> <span class='ocrx_word' id='word_1_252' title='bbox 522 2984 658 3048; x_wconf 85' lang='grc' dir='ltr'><strong><em>οίκετῶν</em></strong></span> <span class='ocrx_word' id='word_1_253' title='bbox 674 2986 874 3070; x_wconf 76' lang='grc' dir='ltr'><strong><em>πειθαρχίᾳ,</em></strong></span> <span class='ocrx_word' id='word_1_254' title='bbox 898 2982 1047 3060; x_wconf 89' lang='grc' dir='ltr'><strong><em>πολλούς</em></strong></span> <span class='ocrx_word' id='word_1_255' title='bbox 1061 2989 1153 3066; x_wconf 86' lang='grc' dir='ltr'><strong><em>ὅμως</em></strong></span> <span class='ocrx_word' id='word_1_256' title='bbox 1170 2985 1282 3061; x_wconf 89' lang='grc' dir='ltr'><strong><em>οἴκους</em></strong></span> <span class='ocrx_word' id='word_1_257' title='bbox 1297 2987 1377 3049; x_wconf 86' lang='grc' dir='ltr'><strong><em>ἀπιύ</em></strong></span> 
     </span>
     <span class='ocr_line' id='line_1_26' title="bbox 89 3083 1394 3174; baseline 0.001 -25"><span class='ocrx_word' id='word_1_258' title='bbox 89 3097 118 3148; x_wconf 76' lang='grc'>11</span> <span class='ocrx_word' id='word_1_259' title='bbox 141 3083 236 3150; x_wconf 74' lang='grc' dir='ltr'><strong><em>ίεσεν</em></strong></span> <span class='ocrx_word' id='word_1_260' title='bbox 250 3090 271 3173; x_wconf 85' lang='grc' dir='ltr'><strong><em>ή</em></strong></span> <span class='ocrx_word' id='word_1_261' title='bbox 286 3107 322 3150; x_wconf 89' lang='grc' dir='ltr'><strong><em>τε</em></strong></span> <span class='ocrx_word' id='word_1_262' title='bbox 338 3083 521 3172; x_wconf 85' lang='grc' dir='ltr'><strong><em>δεσποτική</em></strong></span> <span class='ocrx_word' id='word_1_263' title='bbox 539 3091 659 3163; x_wconf 92' lang='grc' dir='ltr'><strong><em>στάσις</em></strong></span> <span class='ocrx_word' id='word_1_264' title='bbox 672 3090 761 3174; x_wconf 80' lang='grc' dir='ltr'><strong><em>καλή</em></strong></span> <span class='ocrx_word' id='word_1_265' title='bbox 785 3084 997 3151; x_wconf 90' lang='grc' dir='ltr'><strong><em>κακοδουλία.</em></strong></span> <span class='ocrx_word' id='word_1_266' title='bbox 1036 3087 1084 3171; x_wconf 77' lang='grc' dir='ltr'><strong><em>τῷ</em></strong></span> <span class='ocrx_word' id='word_1_267' title='bbox 1098 3091 1161 3168; x_wconf 83' lang='grc' dir='ltr'><strong><em>μέν</em></strong></span> <span class='ocrx_word' id='word_1_268' title='bbox 1181 3090 1244 3171; x_wconf 85' lang='grc' dir='ltr'><strong><em>γάρ</em></strong></span> <span class='ocrx_word' id='word_1_269' title='bbox 1268 3090 1394 3170; x_wconf 87' lang='grc' dir='ltr'><strong><em>ἅρματι</em></strong></span> 
     </span>
     <span class='ocr_line' id='line_1_27' title="bbox 139 3186 1393 3276; baseline 0.002 -25"><span class='ocrx_word' id='word_1_270' title='bbox 139 3190 225 3251; x_wconf 92' lang='grc' dir='ltr'><strong><em>ποία</em></strong></span> <span class='ocrx_word' id='word_1_271' title='bbox 240 3186 482 3252; x_wconf 88' lang='grc' dir='ltr'><strong><em>καταλείπεται</em></strong></span> <span class='ocrx_word' id='word_1_272' title='bbox 499 3190 648 3274; x_wconf 88' lang='grc' dir='ltr'><strong><em>σωτηρία</em></strong></span> <span class='ocrx_word' id='word_1_273' title='bbox 664 3189 731 3252; x_wconf 89' lang='grc' dir='ltr'><strong><em>τῶν</em></strong></span> <span class='ocrx_word' id='word_1_274' title='bbox 747 3191 866 3254; x_wconf 91' lang='grc' dir='ltr'><strong><em>ίππων</em></strong></span> <span class='ocrx_word' id='word_1_275' title='bbox 882 3191 1021 3253; x_wconf 82' lang='grc' dir='ltr'><strong><em>συνθεῖν</em></strong></span> <span class='ocrx_word' id='word_1_276' title='bbox 1035 3187 1081 3276; x_wconf 88' lang='grc' dir='ltr'><strong><em>μή</em></strong></span> <span class='ocrx_word' id='word_1_277' title='bbox 1095 3187 1268 3254; x_wconf 87' lang='grc' dir='ltr'><strong><em>θελόντων</em></strong></span> <span class='ocrx_word' id='word_1_278' title='bbox 1274 3213 1285 3266; x_wconf 92' lang='grc'><em>;</em></span> <span class='ocrx_word' id='word_1_279' title='bbox 1300 3192 1393 3253; x_wconf 87' lang='grc' dir='ltr'><strong><em>έπει·</em></strong></span> 
     </span>
     <span class='ocr_line' id='line_1_28' title="bbox 140 3287 1390 3379; baseline 0.003 -27"><span class='ocrx_word' id='word_1_280' title='bbox 140 3288 201 3353; x_wconf 83' lang='grc' dir='ltr'><strong><em>δάν</em></strong></span> <span class='ocrx_word' id='word_1_281' title='bbox 218 3292 280 3375; x_wconf 82' lang='grc' dir='ltr'><strong><em>γάρ</em></strong></span> <span class='ocrx_word' id='word_1_282' title='bbox 305 3287 475 3376; x_wconf 79' lang='grc' dir='ltr'><strong><em>ἄρξωνται</em></strong></span> <span class='ocrx_word' id='word_1_283' title='bbox 492 3288 690 3367; x_wconf 87' lang='grc' dir='ltr'><strong><em>διαστάντες</em></strong></span> <span class='ocrx_word' id='word_1_284' title='bbox 704 3289 863 3379; x_wconf 89' lang='grc' dir='ltr'><strong><em>ἀφέλκειν</em></strong></span> <span class='ocrx_word' id='word_1_285' title='bbox 878 3289 981 3370; x_wconf 86' lang='grc' dir='ltr'><strong><em>ἀλλος</em></strong></span> <span class='ocrx_word' id='word_1_286' title='bbox 995 3289 1133 3378; x_wconf 77' lang='grc' dir='ltr'><strong><em>ἀλλαχῇ,</em></strong></span> <span class='ocrx_word' id='word_1_287' title='bbox 1157 3300 1250 3356; x_wconf 86' lang='grc' dir='ltr'><strong><em>πάσα</em></strong></span> <span class='ocrx_word' id='word_1_288' title='bbox 1267 3295 1390 3379; x_wconf 90' lang='grc' dir='ltr'><strong><em>ἀνάγκη</em></strong></span> 
     </span>
     <span class='ocr_line' id='line_1_29' title="bbox 138 3391 1391 3481; baseline 0.002 -25"><span class='ocrx_word' id='word_1_289' title='bbox 138 3391 342 3458; x_wconf 90' lang='grc' dir='ltr'><strong><em>κινδυνεύειν</em></strong></span> <span class='ocrx_word' id='word_1_290' title='bbox 372 3396 430 3456; x_wconf 90' lang='grc' dir='ltr'><strong><em>τόν</em></strong></span> <span class='ocrx_word' id='word_1_291' title='bbox 458 3395 603 3479; x_wconf 91' lang='grc' dir='ltr'><strong><em>ήνίοχον.</em></strong></span> <span class='ocrx_word' id='word_1_292' title='bbox 659 3395 678 3456; x_wconf 91' lang='grc' dir='ltr'><strong><em>δ</em></strong></span> <span class='ocrx_word' id='word_1_293' title='bbox 708 3391 744 3456; x_wconf 81' lang='grc' dir='ltr'><strong><em>δὲ</em></strong></span> <span class='ocrx_word' id='word_1_294' title='bbox 771 3398 878 3477; x_wconf 91' lang='grc' dir='ltr'><strong><em>γάμος</em></strong></span> <span class='ocrx_word' id='word_1_295' title='bbox 900 3397 919 3457; x_wconf 92' lang='grc' dir='ltr'><strong><em>ύ</em></strong></span> <span class='ocrx_word' id='word_1_296' title='bbox 941 3396 1075 3478; x_wconf 87' lang='grc' dir='ltr'><strong><em>ἀγαθὸς</em></strong></span> <span class='ocrx_word' id='word_1_297' title='bbox 1096 3397 1132 3459; x_wconf 90' lang='grc' dir='ltr'><strong><em>τί</em></strong></span> <span class='ocrx_word' id='word_1_298' title='bbox 1153 3392 1236 3458; x_wconf 89' lang='grc' dir='ltr'><strong><em>ἀλλο</em></strong></span> <span class='ocrx_word' id='word_1_299' title='bbox 1258 3397 1391 3481; x_wconf 82' lang='grc' dir='ltr'><strong><em>έστίνή</em></strong></span> 
     </span>
     <span class='ocr_line' id='line_1_30' title="bbox 7 3493 1389 3580; baseline 0.004 -26"><span class='ocrx_word' id='word_1_300' title='bbox 7 3513 47 3556; x_wconf 80' lang='grc' dir='ltr'><strong><em>ιετ</em></strong></span> <span class='ocrx_word' id='word_1_301' title='bbox 61 3509 123 3562; x_wconf 80' lang='grc' dir='ltr'><strong><em>ιιιῐ)</em></strong></span> <span class='ocrx_word' id='word_1_302' title='bbox 138 3498 280 3576; x_wconf 92' lang='grc' dir='ltr'><strong><em>ύμόνοια</em></strong></span> <span class='ocrx_word' id='word_1_303' title='bbox 303 3493 426 3577; x_wconf 87' lang='grc' dir='ltr'><strong><em>ἀνδρός</em></strong></span> <span class='ocrx_word' id='word_1_304' title='bbox 449 3497 536 3578; x_wconf 88' lang='grc' dir='ltr'><strong><em>πρός</em></strong></span> <span class='ocrx_word' id='word_1_305' title='bbox 557 3500 715 3576; x_wconf 89' lang='grc' dir='ltr'><strong><em>γυναῖκα;</em></strong></span> <span class='ocrx_word' id='word_1_306' title='bbox 743 3498 800 3558; x_wconf 89' lang='grc' dir='ltr'><strong><em>καί</em></strong></span> <span class='ocrx_word' id='word_1_307' title='bbox 828 3498 847 3558; x_wconf 91' lang='grc' dir='ltr'><strong><em>δ</em></strong></span> <span class='ocrx_word' id='word_1_308' title='bbox 867 3499 968 3572; x_wconf 88' lang='grc' dir='ltr'><strong><em>κακός</em></strong></span> <span class='ocrx_word' id='word_1_309' title='bbox 994 3501 1101 3580; x_wconf 91' lang='grc' dir='ltr'><strong><em>γάμος</em></strong></span> <span class='ocrx_word' id='word_1_310' title='bbox 1129 3499 1164 3560; x_wconf 91' lang='grc' dir='ltr'><strong><em>τί</em></strong></span> <span class='ocrx_word' id='word_1_311' title='bbox 1191 3494 1274 3560; x_wconf 91' lang='grc' dir='ltr'><strong><em>ἀλλο</em></strong></span> <span class='ocrx_word' id='word_1_312' title='bbox 1297 3499 1389 3560; x_wconf 89' lang='grc' dir='ltr'><strong><em>έστίν</em></strong></span> 
     </span>
     <span class='ocr_line' id='line_1_31' title="bbox 89 3594 1392 3684; baseline -0.002 -23"><span class='ocrx_word' id='word_1_313' title='bbox 89 3611 119 3660; x_wconf 78' lang='lat'><strong><em>³0</em></strong></span> <span class='ocrx_word' id='word_1_314' title='bbox 139 3602 159 3684; x_wconf 83' lang='grc' dir='ltr'><strong><em>ή</em></strong></span> <span class='ocrx_word' id='word_1_315' title='bbox 182 3603 202 3682; x_wconf 93' lang='grc' dir='ltr'><strong><em>ή</em></strong></span> <span class='ocrx_word' id='word_1_316' title='bbox 225 3601 354 3661; x_wconf 89' lang='grc' dir='ltr'><strong><em>τούτων</em></strong></span> <span class='ocrx_word' id='word_1_317' title='bbox 377 3594 528 3676; x_wconf 88' lang='grc' dir='ltr'><strong><em>διχόνοια</em></strong></span> <span class='ocrx_word' id='word_1_318' title='bbox 534 3619 546 3672; x_wconf 93' lang='grc'><strong><em>,·</em></strong></span> <span class='ocrx_word' id='word_1_319' title='bbox 573 3597 631 3660; x_wconf 88' lang='grc' dir='ltr'><strong><em>καί</em></strong></span> <span class='ocrx_word' id='word_1_320' title='bbox 651 3601 774 3658; x_wconf 87' lang='grc' dir='ltr'><strong><em>τέκνων</em></strong></span> <span class='ocrx_word' id='word_1_321' title='bbox 798 3595 833 3660; x_wconf 84' lang='grc' dir='ltr'><strong><em>δέ</em></strong></span> <span class='ocrx_word' id='word_1_322' title='bbox 856 3599 910 3673; x_wconf 91' lang='grc' dir='ltr'><strong><em>τίς</em></strong></span> <span class='ocrx_word' id='word_1_323' title='bbox 937 3596 1086 3683; x_wconf 86' lang='grc' dir='ltr'><strong><em>ὠφέλεια</em></strong></span> <span class='ocrx_word' id='word_1_324' title='bbox 1115 3607 1282 3682; x_wconf 81' lang='grc' dir='ltr'><strong><em>γονεῦσιν,</em></strong></span> <span class='ocrx_word' id='word_1_325' title='bbox 1311 3602 1392 3661; x_wconf 86' lang='grc' dir='ltr'><strong><em>ὅταν</em></strong></span> 
     </span>
    </p>
   </div>
   <div class='ocr_carea' id='block_1_3' title="bbox 135 3771 1394 4774">
    <p class='ocr_par' dir='ltr' id='par_1_3' title="bbox 135 3771 1394 4706">
     <span class='ocr_line' id='line_1_32' title="bbox 224 3771 1391 3851; baseline 0.002 -15"><span class='ocrx_word' id='word_1_326' title='bbox 224 3777 302 3838; x_wconf 71' lang='grc' dir='ltr'><strong><em>λόιά</em></strong></span> <span class='ocrx_word' id='word_1_327' title='bbox 321 3777 373 3848; x_wconf 78' lang='grc' dir='ltr'><strong><em>τὰς</em></strong></span> <span class='ocrx_word' id='word_1_328' title='bbox 391 3780 420 3835; x_wconf 94' lang='lat' dir='ltr'>M</span> <span class='ocrx_word' id='word_1_329' title='bbox 489 3777 640 3848; x_wconf 70' lang='grc' dir='ltr'><strong><em>ἀδύναμιν</em></strong></span> <span class='ocrx_word' id='word_1_330' title='bbox 658 3794 709 3835; x_wconf 86' lang='lat' dir='ltr'><strong><em>om.</em></strong></span> <span class='ocrx_word' id='word_1_331' title='bbox 728 3778 757 3832; x_wconf 98' lang='lat' dir='ltr'>M</span> <span class='ocrx_word' id='word_1_332' title='bbox 831 3771 897 3838; x_wconf 72' lang='grc' dir='ltr'><strong><em>οὐδὲ</em></strong></span> <span class='ocrx_word' id='word_1_333' title='bbox 914 3778 946 3835; x_wconf 88' lang='lat' dir='ltr'>M</span> <span class='ocrx_word' id='word_1_334' title='bbox 1014 3785 1091 3846; x_wconf 71' lang='grc' dir='ltr'><strong><em>ὅτις</em></strong></span> <span class='ocrx_word' id='word_1_335' title='bbox 1108 3776 1146 3838; x_wconf 80' lang='grc' dir='ltr'><strong><em>ἀν</em></strong></span> <span class='ocrx_word' id='word_1_336' title='bbox 1162 3784 1211 3839; x_wconf 86' lang='grc' dir='ltr'><strong><em>καί</em></strong></span> <span class='ocrx_word' id='word_1_337' title='bbox 1227 3777 1391 3851; x_wconf 82' lang='grc' dir='ltr'><strong><em>μάλισταΒ</em></strong></span> 
     </span>
     <span class='ocr_line' id='line_1_33' title="bbox 138 3859 1394 3937; baseline 0.001 -14"><span class='ocrx_word' id='word_1_338' title='bbox 138 3886 181 3934; x_wconf 80' lang='grc' dir='ltr'><strong><em>τις</em></strong></span> <span class='ocrx_word' id='word_1_339' title='bbox 197 3863 234 3924; x_wconf 83' lang='grc' dir='ltr'><strong><em>ἀν</em></strong></span> <span class='ocrx_word' id='word_1_340' title='bbox 250 3863 373 3937; x_wconf 83' lang='grc' dir='ltr'><strong><em>μάλιστα</em></strong></span> <span class='ocrx_word' id='word_1_341' title='bbox 391 3864 421 3919; x_wconf 88' lang='lat' dir='ltr'>M</span> <span class='ocrx_word' id='word_1_342' title='bbox 442 3868 492 3922; x_wconf 89' lang='grc' dir='ltr'><strong><em>καί</em></strong></span> <span class='ocrx_word' id='word_1_343' title='bbox 514 3861 638 3935; x_wconf 84' lang='grc' dir='ltr'><strong><em>μάλιστα</em></strong></span> <span class='ocrx_word' id='word_1_344' title='bbox 661 3867 705 3932; x_wconf 80' lang='grc' dir='ltr'><strong><em>τίς</em></strong></span> <span class='ocrx_word' id='word_1_345' title='bbox 726 3859 764 3924; x_wconf 84' lang='grc' dir='ltr'><strong><em>ἀν</em></strong></span> <span class='ocrx_word' id='word_1_346' title='bbox 781 3863 830 3920; x_wconf 76' lang='grc' dir='ltr'><strong><em>ΠΤ</em></strong></span> <span class='ocrx_word' id='word_1_347' title='bbox 934 3869 950 3919; x_wconf 88' lang='grc'>6</span> <span class='ocrx_word' id='word_1_348' title='bbox 966 3859 1062 3922; x_wconf 85' lang='grc' dir='ltr'><strong><em>πάντα</em></strong></span> <span class='ocrx_word' id='word_1_349' title='bbox 1080 3895 1115 3906; x_wconf 90' lang='grc'><strong><em>·-</em></strong></span> <span class='ocrx_word' id='word_1_350' title='bbox 1131 3863 1207 3925; x_wconf 80' lang='grc' dir='ltr'><strong><em>κακά</em></strong></span> <span class='ocrx_word' id='word_1_351' title='bbox 1225 3867 1338 3935; x_wconf 68' lang='lat' dir='ltr'><strong><em>seclusi,</em></strong></span> <span class='ocrx_word' id='word_1_352' title='bbox 1361 3867 1394 3924; x_wconf 85' lang='lat' dir='ltr'><strong><em>de</em></strong></span> 
     </span>
     <span class='ocr_line' id='line_1_34' title="bbox 138 3944 1392 4027; baseline 0.001 -21"><span class='ocrx_word' id='word_1_353' title='bbox 138 3951 263 4008; x_wconf 78' lang='lat' dir='ltr'>omnibus</span> <span class='ocrx_word' id='word_1_354' title='bbox 281 3953 358 4006; x_wconf 82' lang='grc' dir='ltr'><strong><em>ωιύὶε</em></strong></span> <span class='ocrx_word' id='word_1_355' title='bbox 376 3952 428 4007; x_wconf 78' lang='lat' dir='ltr'><strong><em>hoo</em></strong></span> <span class='ocrx_word' id='word_1_356' title='bbox 446 3950 500 4006; x_wconf 80' lang='lat' dir='ltr'><strong>dici</strong></span> <span class='ocrx_word' id='word_1_357' title='bbox 517 3951 611 4022; x_wconf 82' lang='lat' dir='ltr'><strong>nequit</strong></span> <span class='ocrx_word' id='word_1_358' title='bbox 670 3945 707 4009; x_wconf 74' lang='grc' dir='ltr'><strong><em>τὰ</em></strong></span> <span class='ocrx_word' id='word_1_359' title='bbox 723 3944 798 4008; x_wconf 82' lang='grc' dir='ltr'><strong><em>καλά</em></strong></span> <span class='ocrx_word' id='word_1_360' title='bbox 812 3949 886 4006; x_wconf 83' lang='lat' dir='ltr'><strong><em>UBT</em></strong></span> <span class='ocrx_word' id='word_1_361' title='bbox 955 3956 970 4004; x_wconf 84' lang='lat'><strong><em>&#39;1</em></strong></span> <span class='ocrx_word' id='word_1_362' title='bbox 988 3947 1141 4023; x_wconf 78' lang='grc' dir='ltr'><strong><em>ἐρωτήσειε</em></strong></span> <span class='ocrx_word' id='word_1_363' title='bbox 1159 3951 1212 4004; x_wconf 76' lang='grc' dir='ltr'><strong><em>ΒΜ</em></strong></span> <span class='ocrx_word' id='word_1_364' title='bbox 1281 3957 1296 4007; x_wconf 83' lang='grc'>9</span> <span class='ocrx_word' id='word_1_365' title='bbox 1312 3952 1392 4027; x_wconf 86' lang='grc' dir='ltr'><strong><em>μέρει</em></strong></span> 
     </span>
     <span class='ocr_line' id='line_1_35' title="bbox 137 4026 1392 4109; baseline -0.002 -17"><span class='ocrx_word' id='word_1_366' title='bbox 137 4033 170 4107; x_wconf 80' lang='grc' dir='ltr'><strong><em>όή</em></strong></span> <span class='ocrx_word' id='word_1_367' title='bbox 189 4035 251 4098; x_wconf 78' lang='lat' dir='ltr'>[hoc</span> <span class='ocrx_word' id='word_1_368' title='bbox 269 4035 339 4100; x_wconf 81' lang='lat' dir='ltr'><strong>ord.)</strong></span> <span class='ocrx_word' id='word_1_369' title='bbox 357 4035 407 4090; x_wconf 80' lang='grc' dir='ltr'><strong><em>ΠΤ</em></strong></span> <span class='ocrx_word' id='word_1_370' title='bbox 422 4034 502 4109; x_wconf 85' lang='grc' dir='ltr'><strong><em>μέρει</em></strong></span> <span class='ocrx_word' id='word_1_371' title='bbox 520 4039 564 4093; x_wconf 86' lang='grc' dir='ltr'><strong><em>όεῖ</em></strong></span> <span class='ocrx_word' id='word_1_372' title='bbox 577 4035 609 4090; x_wconf 85' lang='lat' dir='ltr'>M</span> <span class='ocrx_word' id='word_1_373' title='bbox 695 4041 726 4093; x_wconf 87' lang='grc'><strong><em>10</em></strong></span> <span class='ocrx_word' id='word_1_374' title='bbox 743 4026 946 4107; x_wconf 72' lang='grc' dir='ltr'><strong><em>μελετήσαςῦ</em></strong></span> <span class='ocrx_word' id='word_1_375' title='bbox 962 4031 1124 4107; x_wconf 80' lang='grc' dir='ltr'><strong><em>μελὴσαςΤ</em></strong></span> <span class='ocrx_word' id='word_1_376' title='bbox 1214 4026 1392 4108; x_wconf 87' lang='grc' dir='ltr'><strong><em>ἀπεκρίνατο</em></strong></span> 
     </span>
     <span class='ocr_line' id='line_1_36' title="bbox 136 4115 1394 4188; baseline 0.001 -11"><span class='ocrx_word' id='word_1_377' title='bbox 136 4121 208 4187; x_wconf 85' lang='lat' dir='ltr'><strong>libri,</strong></span> <span class='ocrx_word' id='word_1_378' title='bbox 228 4137 298 4178; x_wconf 85' lang='lat' dir='ltr'>corr.</span> <span class='ocrx_word' id='word_1_379' title='bbox 311 4121 420 4177; x_wconf 73' lang='lat' dir='ltr'>Geelius</span> <span class='ocrx_word' id='word_1_380' title='bbox 524 4116 615 4187; x_wconf 83' lang='grc' dir='ltr'><strong><em>ούδείς</em></strong></span> <span class='ocrx_word' id='word_1_381' title='bbox 631 4120 703 4177; x_wconf 76' lang='lat' dir='ltr'><strong>delet</strong></span> <span class='ocrx_word' id='word_1_382' title='bbox 721 4121 831 4178; x_wconf 60' lang='lat' dir='ltr'><strong>(ieelim</strong></span> <span class='ocrx_word' id='word_1_383' title='bbox 927 4125 956 4176; x_wconf 91' lang='grc'><strong><em>11</em></strong></span> <span class='ocrx_word' id='word_1_384' title='bbox 977 4119 1110 4179; x_wconf 75' lang='grc' dir='ltr'><strong><em>τέτακται</em></strong></span> <span class='ocrx_word' id='word_1_385' title='bbox 1128 4120 1177 4186; x_wconf 77' lang='lat' dir='ltr'><strong><em>(sic</em></strong></span> <span class='ocrx_word' id='word_1_386' title='bbox 1184 4120 1201 4186; x_wconf 80' lang='grc'>1)</span> <span class='ocrx_word' id='word_1_387' title='bbox 1219 4120 1267 4177; x_wconf 88' lang='lat' dir='ltr'><strong><em>UT</em></strong></span> <span class='ocrx_word' id='word_1_388' title='bbox 1354 4115 1394 4188; x_wconf 84' lang='grc' dir='ltr'><strong><em>ῶς</em></strong></span> 
     </span>
     <span class='ocr_line' id='line_1_37' title="bbox 137 4202 1392 4281; baseline -0.001 -18"><span class='ocrx_word' id='word_1_389' title='bbox 137 4206 200 4263; x_wconf 71' lang='lat' dir='ltr'><strong>add.</strong></span> <span class='ocrx_word' id='word_1_390' title='bbox 218 4208 321 4263; x_wconf 75' lang='grc' dir='ltr'><strong><em>ΒεὶεΙιο</em></strong></span> <span class='ocrx_word' id='word_1_391' title='bbox 408 4211 439 4263; x_wconf 84' lang='grc'>13</span> <span class='ocrx_word' id='word_1_392' title='bbox 457 4202 495 4265; x_wconf 83' lang='grc' dir='ltr'><strong><em>ἀν</em></strong></span> <span class='ocrx_word' id='word_1_393' title='bbox 511 4207 574 4264; x_wconf 75' lang='lat' dir='ltr'><strong><em>add.</em></strong></span> <span class='ocrx_word' id='word_1_394' title='bbox 592 4207 695 4263; x_wconf 74' lang='lat' dir='ltr'><strong>Reinke</strong></span> <span class='ocrx_word' id='word_1_395' title='bbox 763 4211 812 4265; x_wconf 83' lang='grc' dir='ltr'><strong><em>καί</em></strong></span> <span class='ocrx_word' id='word_1_396' title='bbox 831 4223 883 4264; x_wconf 86' lang='lat' dir='ltr'><strong><em>om.</em></strong></span> <span class='ocrx_word' id='word_1_397' title='bbox 901 4206 931 4260; x_wconf 91' lang='lat' dir='ltr'>M</span> <span class='ocrx_word' id='word_1_398' title='bbox 1002 4211 1034 4263; x_wconf 84' lang='grc'>16</span> <span class='ocrx_word' id='word_1_399' title='bbox 1049 4208 1194 4281; x_wconf 86' lang='grc' dir='ltr'><strong><em>χαίρομεν</em></strong></span> <span class='ocrx_word' id='word_1_400' title='bbox 1210 4206 1281 4271; x_wconf 73' lang='lat' dir='ltr'>libri,</span> <span class='ocrx_word' id='word_1_401' title='bbox 1299 4210 1392 4262; x_wconf 74' lang='lat' dir='ltr'>tuetur</span> 
     </span>
     <span class='ocr_line' id='line_1_38' title="bbox 137 4291 1392 4365; baseline -0.001 -16"><span class='ocrx_word' id='word_1_402' title='bbox 137 4293 202 4349; x_wconf 80' lang='lat' dir='ltr'>wil.</span> <span class='ocrx_word' id='word_1_403' title='bbox 221 4293 282 4350; x_wconf 80' lang='lat' dir='ltr'>coll.</span> <span class='ocrx_word' id='word_1_404' title='bbox 300 4292 385 4348; x_wconf 79' lang='grc' dir='ltr'><strong><em>Ιεοοτ.</em></strong></span> <span class='ocrx_word' id='word_1_405' title='bbox 405 4298 430 4357; x_wconf 81' lang='grc'><strong><em>1,</em></strong></span> <span class='ocrx_word' id='word_1_406' title='bbox 443 4296 467 4349; x_wconf 79' lang='grc'><strong><em>9.</em></strong></span> <span class='ocrx_word' id='word_1_407' title='bbox 487 4296 527 4360; x_wconf 77' lang='grc'>11,</span> <span class='ocrx_word' id='word_1_408' title='bbox 539 4295 573 4348; x_wconf 75' lang='grc'><strong><em>92</em></strong></span> <span class='ocrx_word' id='word_1_409' title='bbox 674 4296 725 4365; x_wconf 80' lang='grc' dir='ltr'><strong><em>τῆς</em></strong></span> <span class='ocrx_word' id='word_1_410' title='bbox 742 4291 815 4361; x_wconf 83' lang='grc' dir='ltr'><strong><em>νεῶς</em></strong></span> <span class='ocrx_word' id='word_1_411' title='bbox 831 4292 1048 4362; x_wconf 77' lang='lat' dir='ltr'>coniungendam</span> <span class='ocrx_word' id='word_1_412' title='bbox 1071 4299 1114 4348; x_wconf 74' lang='lat' dir='ltr'><strong><em>ent</em></strong></span> <span class='ocrx_word' id='word_1_413' title='bbox 1130 4307 1192 4349; x_wconf 79' lang='lat' dir='ltr'><strong><em>eum</em></strong></span> <span class='ocrx_word' id='word_1_414' title='bbox 1208 4293 1337 4365; x_wconf 82' lang='grc' dir='ltr'><strong><em>σωτηρία</em></strong></span> <span class='ocrx_word' id='word_1_415' title='bbox 1356 4291 1392 4348; x_wconf 84' lang='lat' dir='ltr'><strong><em>cf.</em></strong></span> 
     </span>
     <span class='ocr_line' id='line_1_39' title="bbox 135 4373 1324 4453; baseline 0.001 -20"><span class='ocrx_word' id='word_1_416' title='bbox 135 4379 154 4433; x_wconf 92' lang='lat' dir='ltr'><strong><em>l.</em></strong></span> <span class='ocrx_word' id='word_1_417' title='bbox 172 4382 205 4434; x_wconf 81' lang='lat'><strong><em>2³</em></strong></span> <span class='ocrx_word' id='word_1_418' title='bbox 223 4383 282 4436; x_wconf 82' lang='grc' dir='ltr'><strong><em>τῶν</em></strong></span> <span class='ocrx_word' id='word_1_419' title='bbox 300 4374 389 4436; x_wconf 87' lang='grc' dir='ltr'><strong><em>αίκων</em></strong></span> <span class='ocrx_word' id='word_1_420' title='bbox 405 4377 435 4435; x_wconf 71' lang='lat' dir='ltr'><strong><em>«M</em></strong></span> <span class='ocrx_word' id='word_1_421' title='bbox 453 4380 502 4448; x_wconf 79' lang='grc' dir='ltr'><strong><em>τῆς</em></strong></span> <span class='ocrx_word' id='word_1_422' title='bbox 520 4377 676 4452; x_wconf 84' lang='grc' dir='ltr'><strong><em>σωτηρίας;</em></strong></span> <span class='ocrx_word' id='word_1_423' title='bbox 693 4379 785 4447; x_wconf 69' lang='lat' dir='ltr'>itaque</span> <span class='ocrx_word' id='word_1_424' title='bbox 797 4395 847 4449; x_wconf 83' lang='lat' dir='ltr'><strong><em>pro</em></strong></span> <span class='ocrx_word' id='word_1_425' title='bbox 865 4381 997 4453; x_wconf 82' lang='grc' dir='ltr'><strong><em>καὶπερὶ</em></strong></span> <span class='ocrx_word' id='word_1_426' title='bbox 1015 4378 1045 4436; x_wconf 78' lang='grc' dir='ltr'><strong><em>δὲ</em></strong></span> <span class='ocrx_word' id='word_1_427' title='bbox 1062 4378 1153 4433; x_wconf 73' lang='lat' dir='ltr'>neribo</span> <span class='ocrx_word' id='word_1_428' title='bbox 1169 4379 1275 4448; x_wconf 84' lang='grc' dir='ltr'><strong><em>καίπερ</em></strong></span> <span class='ocrx_word' id='word_1_429' title='bbox 1292 4373 1324 4449; x_wconf 80' lang='grc' dir='ltr'><strong><em>δή</em></strong></span> 
     </span>
     <span class='ocr_line' id='line_1_40' title="bbox 139 4456 1325 4535; baseline 0.001 -19"><span class='ocrx_word' id='word_1_430' title='bbox 139 4467 168 4517; x_wconf 77' lang='grc'><strong><em>11</em></strong></span> <span class='ocrx_word' id='word_1_431' title='bbox 188 4456 258 4535; x_wconf 83' lang='grc' dir='ltr'><strong><em>αύτή</em></strong></span> <span class='ocrx_word' id='word_1_432' title='bbox 277 4462 300 4516; x_wconf 89' lang='grc' dir='ltr'>Τ</span> <span class='ocrx_word' id='word_1_433' title='bbox 382 4467 413 4519; x_wconf 85' lang='grc'>18</span> <span class='ocrx_word' id='word_1_434' title='bbox 431 4464 581 4520; x_wconf 75' lang='grc' dir='ltr'><strong><em>πείσεσθαι</em></strong></span> <span class='ocrx_word' id='word_1_435' title='bbox 600 4463 628 4518; x_wconf 89' lang='lat' dir='ltr'>M</span> <span class='ocrx_word' id='word_1_436' title='bbox 699 4467 730 4518; x_wconf 77' lang='lat'><strong><em>19</em></strong></span> <span class='ocrx_word' id='word_1_437' title='bbox 748 4456 884 4530; x_wconf 76' lang='grc' dir='ltr'><strong><em>ἀπειθίας</em></strong></span> <span class='ocrx_word' id='word_1_438' title='bbox 901 4462 931 4517; x_wconf 86' lang='lat' dir='ltr'>M</span> <span class='ocrx_word' id='word_1_439' title='bbox 1009 4467 1039 4518; x_wconf 82' lang='lat'><strong><em>21</em></strong></span> <span class='ocrx_word' id='word_1_440' title='bbox 1061 4461 1089 4520; x_wconf 84' lang='grc' dir='ltr'><strong><em>σί</em></strong></span> <span class='ocrx_word' id='word_1_441' title='bbox 1108 4465 1209 4521; x_wconf 86' lang='grc' dir='ltr'><strong><em>ναύται</em></strong></span> <span class='ocrx_word' id='word_1_442' title='bbox 1226 4463 1325 4519; x_wconf 72' lang='lat' dir='ltr'><strong>seclusi</strong></span> 
     </span>
     <span class='ocr_line' id='line_1_41' title="bbox 137 4541 1325 4622; baseline 0 -20"><span class='ocrx_word' id='word_1_443' title='bbox 137 4551 169 4603; x_wconf 75' lang='lat'><strong><em>27</em></strong></span> <span class='ocrx_word' id='word_1_444' title='bbox 187 4545 325 4620; x_wconf 82' lang='grc' dir='ltr'><strong><em>ἀρξονται</em></strong></span> <span class='ocrx_word' id='word_1_445' title='bbox 343 4547 366 4604; x_wconf 88' lang='lat' dir='ltr'>U</span> <span class='ocrx_word' id='word_1_446' title='bbox 476 4543 603 4620; x_wconf 82' lang='grc' dir='ltr'><strong><em>ἀλλαχοῦ</em></strong></span> <span class='ocrx_word' id='word_1_447' title='bbox 619 4547 690 4614; x_wconf 78' lang='lat' dir='ltr'>libri,</span> <span class='ocrx_word' id='word_1_448' title='bbox 709 4542 819 4621; x_wconf 77' lang='grc' dir='ltr'><strong><em>ἀλλαχῇ</em></strong></span> <span class='ocrx_word' id='word_1_449' title='bbox 837 4549 918 4620; x_wconf 83' lang='lat' dir='ltr'><strong>Emp.</strong></span> <span class='ocrx_word' id='word_1_450' title='bbox 1027 4552 1060 4604; x_wconf 79' lang='lat'><strong><em>28</em></strong></span> <span class='ocrx_word' id='word_1_451' title='bbox 1078 4544 1171 4622; x_wconf 82' lang='grc' dir='ltr'><strong><em>γάμος</em></strong></span> <span class='ocrx_word' id='word_1_452' title='bbox 1189 4541 1205 4605; x_wconf 82' lang='grc' dir='ltr'><strong><em>ἀ</em></strong></span> <span class='ocrx_word' id='word_1_453' title='bbox 1224 4563 1276 4604; x_wconf 85' lang='lat' dir='ltr'><strong><em>om.</em></strong></span> <span class='ocrx_word' id='word_1_454' title='bbox 1295 4547 1325 4603; x_wconf 90' lang='lat' dir='ltr'>M</span> 
     </span>
     <span class='ocr_line' id='line_1_42' title="bbox 138 4628 518 4706; baseline 0 -17"><span class='ocrx_word' id='word_1_455' title='bbox 138 4639 170 4689; x_wconf 86' lang='lat'><strong><em>³0</em></strong></span> <span class='ocrx_word' id='word_1_456' title='bbox 189 4628 300 4704; x_wconf 82' lang='grc' dir='ltr'><strong><em>ω’φελία</em></strong></span> <span class='ocrx_word' id='word_1_457' title='bbox 318 4633 349 4689; x_wconf 90' lang='lat' dir='ltr'>M</span> <span class='ocrx_word' id='word_1_458' title='bbox 366 4629 475 4706; x_wconf 83' lang='grc' dir='ltr'><strong><em>ῶφελια</em></strong></span> <span class='ocrx_word' id='word_1_459' title='bbox 494 4633 518 4689; x_wconf 87' lang='lat' dir='ltr'>U</span> 
     </span>
    </p>

    <p class='ocr_par' dir='ltr' id='par_1_4' title="bbox 190 4723 1189 4774">
     <span class='ocr_line' id='line_1_43' title="bbox 190 4723 1189 4774; baseline 0.001 -1"><span class='ocrx_word' id='word_1_460' title='bbox 190 4727 292 4774; x_wconf 77' lang='grc' dir='ltr'>υ10.11.</span> <span class='ocrx_word' id='word_1_461' title='bbox 1174 4723 1189 4774; x_wconf 80' lang='grc'>3</span> 
     </span>
    </p>
   </div>
   <div class='ocr_carea' id='block_1_4' title="bbox 0 0 1736 5264">
    <p class='ocr_par' dir='ltr' id='par_1_5' title="bbox 0 0 1736 5264">
     <span class='ocr_line' id='line_1_44' title="bbox 0 0 1736 5264; baseline 0 0"><span class='ocrx_word' id='word_1_462' title='bbox 0 0 1736 5264; x_wconf 95' lang='lat' dir='ltr'><strong><em> </em></strong></span> 
     </span>
    </p>
   </div>
  </div>
 </body>
</html>
