3454 5272
375 390 603 448 TESTIMONIA
621 391 672 448 DE}
690 390 781 447 vm
798 391 921 448 DIONIS
940 391 1134 459 (SYNESIUS)
1324 391 1386 453 317

128 564 228 643 οδτός
250 586 287 649 γε
310 568 330 630 δ
353 563 451 650 λόγος
473 567 699 642 δποτάπωσές
720 569 815 629 ἐστιν
838 564 1040 648 εὐδαίμονος
1062 569 1156 650 βίου,
1186 575 1309 655 πένητι
1333 571 1389 634 καί

129 665 282 752 πλουσίῳ
305 678 368 732 τοῦ
388 671 517 746 παντὸς
540 671 742 752 ἀνάγνωσμα
759 666 958 746 ἀξιώτατον.
1003 663 1133 756 ᾠδηκός
1153 692 1190 734 τε
1211 672 1273 758 γάρ
1297 669 1387 756 ήθος

127 773 196 836 ὑπὸ
226 768 374 835 πλούτου
403 767 637 850 καταστέλλει,
667 774 706 834 τδ
736 769 897 853 εὔδαιμον
926 774 1075 857 έτέρωθι
1103 771 1232 850 δείξας,
1260 775 1317 836 καί
1345 776 1384 836 τδ

127 876 396 950 καταπεπτωκὸς
425 877 493 938 άπὸ
523 875 644 950 πενίας
673 875 795 960 ἐγείρει
826 877 883 938 καί
905 877 1139 938 ἀταπείνωτον
1165 874 1254 938 εἶναι
1277 895 1387 960 παρα-

130 972 291 1054 σκευάζει,
314 984 413 1038 τοῦτο
435 979 497 1057 μέν
520 975 569 1059 τῷ
583 973 863 1057 καταμελιτοάντι
878 979 939 1053 τάς
961 979 1123 1040 άπάντωυ
1146 979 1250 1053 ἀκοάς
1273 975 1424 1063 διηγή-ιι

127 1100 221 1159 ματι,
244 1071 307 1165 ὑφ’
334 1078 376 1141 οὔ
394 1081 455 1142 κάν
476 1075 607 1164 Ξέρξης
629 1079 840 1164 ἀνεπείσθη,
862 1075 992 1165 Ξέρξης
1014 1081 1140 1154 ἐκεῖνος
1164 1082 1182 1142 δ
1204 1083 1264 1166 τήν
1286 1082 1387 1161 μεγά-

130 1177 190 1267 λην
224 1183 385 1264 στρατιάν
419 1179 543 1258 ἐλάσας
576 1183 636 1244 ἐπὶ
668 1183 747 1255 τοδς
767 1173 945 1266 Ἕλληνας,
977 1185 1231 1265 μακαριώτερον
1265 1186 1390 1246 ἑαυτοῦ

128 1289 301 1366 γεγονέναι
327 1289 505 1370 κυνηγέτην
535 1281 641 1368 ἀνδρα
676 1287 711 1347 ἐν
747 1291 788 1368 τῇ
818 1286 931 1370 ὀρεινῇ
959 1293 1020 1372 τής
1048 1286 1195 1367 Εὐβοίας
1231 1291 1388 1370 κέγχρους

130 1387 306 1463 ἐσθίοντα,
328 1394 429 1450 τοῦτο
453 1385 489 1450 δέ
512 1391 589 1462 ταῖς
605 1388 763 1470 ἀρίσταις
777 1387 983 1471 ὑποθήκαις,
1007 1387 1062 1462 αίς
1082 1390 1254 1472 χρώμενος
1278 1385 1388 1462 οὐδεὶς

36 1496 115 1549 (8⁹1³)
129 1490 339 1569 αἰσχυνεῖται
362 1492 493 1567 πενίαν,
525 1491 556 1552 εί
578 1491 623 1574 μή
646 1491 761 1572 γεκαὶ
784 1487 954 1575 φεύξεται.
999 1487 1053 1553 διδ
1076 1486 1231 1571 βελτίους
1253 1493 1288 1553 ol
1310 1493 1387 1553 τάτ·
1411 1500 1440 1552 10

127 1611 242 1666 τοντες
272 1592 372 1653 αὐτὸν
401 1591 485 1670 μετά
516 1594 574 1652 τὸν
597 1591 738 1670 ἔσχατον
768 1592 849 1675 περί
873 1589 1068 1671 βασιλείας,
1102 1594 1138 1655 ἐν
1168 1583 1195 1675 ᾦ
1225 1596 1388 1676 τέτταρας

127 1695 343 1774 ὑποθέμενος
371 1694 467 1775 βίους
494 1694 552 1757 καί
581 1690 763 1774 δαίμονας,
797 1695 855 1755 τὸν
891 1689 1142 1779 φιλοχρήματόν
1176 1714 1212 1756 τε
1245 1696 1301 1757 καί
1329 1696 1388 1756 τὸν

127 1793 379 1860 ἀπολαυστικὸν
407 1797 462 1858 καί
491 1796 606 1879 τρίτον
633 1798 692 1858 τὸν
723 1792 920 1882 φιλότιμον,
954 1794 1147 1861 τελευταῖον
1178 1793 1214 1859 δέ
1244 1799 1301 1861 καί
1329 1798 1389 1859 ἐπὶ

6 1977 7 1982 ¹
128 1905 217 1961 πάσι
245 1901 304 1962 τδν
333 1899 482 1985 εὔφρονα
510 1900 568 1961 καλ
599 1896 805 1976 σπουδαῖον,
839 1899 986 1973 ἐκείνους
1017 1901 1079 1979 μέν
1108 1901 1187 1974 τοδς
1214 1900 1300 1961 κατδ
1328 1901 1388 1984 τήν

128 1997 267 2083 ἀλογίαν
295 2003 450 2076 ἅπαντας
478 2003 604 2086 γράφει
627 2003 741 2064 τεκαὶ
765 1995 978 2085 σχηματίζει,
1009 2003 1156 2064 παύεται
1185 1998 1221 2063 δέ
1250 2010 1312 2064 του·
1336 2003 1389 2082 βι-
1414 2011 1441 2062 15

128 2099 242 2183 βλίσυ,
272 2105 331 2165 τδν
361 2099 483 2166 λοιπον
509 2094 796 2184 ἐπαγγειλάμενος
825 2102 943 2164 αὐτίκα
966 2099 1177 2180 ἀποδώσειν,
1205 2106 1271 2183 δτῳ
1302 2105 1387 2165 ποτε

129 2208 355 2288 πεπρωμένος
382 2207 418 2267 ἐκ
446 2207 539 2268 θεῶν
569 2207 711 2288 ἐγένετο.
758 2206 864 2287 χωρίς
893 2204 951 2267 οὖν
980 2204 1115 2268 τιθέντι
1142 2207 1223 2280 τούς
1250 2208 1286 2268 ἐν
1314 2211 1388 2282 τοῖς

131 2311 264 2386 συχνοῖς
294 2304 407 2388 λέγοις
429 2308 595 2390 Διογένας
623 2328 660 2370 τε
688 2308 745 2370 καί
765 2309 964 2390 Σωκράτας,
999 2307 1116 2370 οἱκαὶ
1144 2309 1300 2392 περιττοί
1328 2311 1388 2394 τήν

132 2411 235 2494 φύσιν
264 2404 400 2486 ἔδοξαν·
450 2411 508 2472 καλ
537 2412 595 2490 οδχ
622 2411 775 2485 ἀπαντός
804 2411 897 2472 ἐστιν
932 2410 952 2472 δ
979 2413 1053 2472 τοῖν
1089 2407 1226 2493 ἀνδροῖν
1252 2412 1388 2474 τούτοιν

131 2505 244 2596 ζῆλος,
281 2500 358 2571 ἀλλ’
397 2513 493 2586 δστις
529 2512 633 2586 εάθδς
671 2511 802 2595 αίρεσίν
839 2531 915 2573 τινα
954 2517 1021 2572 τῶν
1052 2511 1138 2573 κατὰ
1176 2509 1388 2598 φιλοσοφίαν
1411 2522 1440 2573 21

130 2613 309 2692 ὑπέσχετο·
332 2614 391 2675 τὸν
415 2610 451 2675 δέ
474 2613 559 2674 κατά
581 2616 641 2698 τήν
662 2616 776 2699 κοινήν
801 2615 905 2698 φάσιν
929 2607 1082 2698 ζητοῦντι
1102 2613 1159 2675 καί
1177 2614 1235 2676 τδν
1259 2615 1389 2678 ἅπασιν

129 2716 349 2800 ἐγχωροῦντα,
373 2712 514 2792 δίκαιον,
537 2719 643 2792 ὅσιον,
668 2717 862 2799 αὐτουργόν,
886 2716 956 2777 άπδ
979 2721 1047 2776 τῶν
1069 2715 1173 2776 άντων
1191 2713 1388 2800 φιλάνθρω-

6 2859 7 2880 .
131 2837 207 2894 πον,
238 2818 296 2879 οὐκ
318 2819 359 2879 ἀν
382 2821 497 2902 ἐτερος
519 2817 594 2880 ἀντὶ
622 2825 684 2879 τοῦ
704 2818 860 2899 Εὐβοέως
882 2813 1137 2895 ἀποδεδομένος
1166 2815 1216 2902 εἴη
1240 2817 1316 2897 βίος
1338 2820 1389 2880 εδ-

131 2916 337 3000 δαιμονικός.
383 2921 435 2982 ἐτι
462 2921 519 2982 καί
540 2921 620 2994 τούς
640 2913 819 3005 Ἐσσηνοδς
841 2921 982 2982 ἐπαινεῖ
1000 2937 1085 2995 που,
1112 2915 1213 2981 πόλιν
1236 2915 1315 3003 ὅλην
1338 2920 1388 2981 εὐ-

131 3017 276 3101 δαίμονα
298 3024 358 3107 τήν
381 3022 476 3105 παρά
499 3023 538 3083 τδ
555 3023 669 3105 νεκρὸν
690 3019 781 3106 ὕδωρ
797 3023 833 3083 ἐν
848 3029 890 3106 τή
904 3022 1065 3104 μεσογείᾳ
1080 3029 1140 3106 τῆς
1155 3017 1389 3106 Παλαιστίνης
1411 3033 1440 3084 1ο

129 3128 283 3207 κειμένην
307 3115 392 3205 παρ’
417 3124 501 3185 αὐτά
531 3142 598 3185 που
622 3123 663 3184 τά
685 3121 833 3203 Σόδομα.
880 3125 899 3184 ἀ
928 3123 991 3207 γάρ
1022 3124 1104 3208 ἀνήρ
1135 3118 1237 3198 ὅλως,
1267 3119 1386 3207 ἐπειδή

130 3231 192 3286 τοῦ
214 3221 420 3309 φιλοσοφεῖν
451 3220 628 3309 ἀπήρξατο
657 3227 714 3288 καί
736 3227 786 3300 είς
808 3228 847 3287 τὸ
870 3225 1047 3288 νουθετεῖν
1074 3225 1283 3309 ἀνθρώπους
1305 3226 1389 3288 ἀπέ-

130 3323 250 3403 κλινεν,
273 3323 393 3389 οὐδένα
418 3322 516 3408 λόγον
539 3329 694 3411 ἀκαρπον
715 3324 897 3412 ἐξενήνοχε.
942 3325 991 3409 τῷ
1014 3323 1050 3389 δέ
1072 3329 1117 3412 μή
1139 3331 1316 3411 παρέργως
1338 3329 1390 3390 ἐν·

130 3429 327 3508 τυγχάνοντι
356 3425 437 3515 δήλη
461 3433 518 3494 καλ
545 3435 565 3516 ή
590 3438 649 3516 τῆς
671 3431 850 3514 ἑρμηνείας
879 3426 953 3491 ίδέα
983 3425 1230 3492 διαλλάττουσα
1253 3432 1309 3494 καί
1331 3431 1390 3492 οὐκ

132 3528 216 3591 οδσα
238 3530 301 3610 μέα
323 3529 371 3614 τῴ
394 3532 506 3596 Δίωνι
527 3535 612 3594 κατά
635 3553 672 3594 τε
693 3532 755 3608 τάς
779 3531 982 3618 σοφιστικὰς
1010 3533 1201 3606 ὑποθέσεις
1226 3533 1282 3594 καί
1302 3533 1388 3594 κατδ
1410 3544 1440 3594 3ο

40 3650 115 3702 (ιτα)
131 3632 192 3708 τὰς
214 3629 403 3710 πολιτικάς.
449 3637 484 3698 ἐν
507 3636 651 3710 ἐκείναις
672 3637 734 3714 μέν
755 3635 818 3718 γάρ
840 3629 998 3710 ὑπτιάζει
1025 3635 1083 3696 καὶ
1104 3629 1302 3718 ώραῖζεται,
1331 3654 1388 3696 κα·

8 3747 9 3762 1
129 3735 247 3819 θάπερ
281 3736 299 3796 δ
327 3737 418 3812 ταώς
447 3737 649 3822 περιαθρών
684 3737 786 3798 αὑτὸν
815 3738 872 3798 καί
904 3735 977 3798 οῖον
1010 3738 1193 3818 γανδμενος
1220 3737 1281 3798 ἐπί
1313 3739 1389 3810 ταῖς

132 3833 289 3918 ἀγλαΐαις
316 3845 379 3900 τοῦ
406 3834 523 3919 λόγου,
551 3839 610 3900 άτε
641 3838 729 3921 πρὸς
758 3838 793 3900 ἐν
822 3844 922 3900 τοῦτο
946 3839 1034 3920 δρῶν
1055 3839 1112 3901 καί
1136 3835 1233 3913 τέλος
1255 3839 1315 3922 τήν
1338 3837 1388 3900 εδ-

133 3941 264 4024 φωνίαν
287 3941 478 4020 τιθέμενος.
523 3941 610 4002 έστω
639 3936 855 4024 παράδειγμα
878 3943 898 4025 ή
922 3946 989 4002 τῶν
1015 3943 1161 4019 Τεμπῶν
1185 3943 1313 4027 φράσις
1334 3940 1390 4001 καί

217 4224 544 4294 ἐκαταμελιττοῠυτιΙι
613 4219 768 4298 θέγχρους
784 4224 808 4279 L
825 4239 861 4280 m.
878 4242 920 4296 pr.
1009 4227 1041 4278 12
1057 4225 1141 4298 βίους
1158 4215 1331 4294 εὐδαίμονας
1347 4227 1390 4289 (ευ

130 4309 410 4375 ἱαηε.οσοεε.)1ι
499 4305 820 4383 11τήνάναλογίιιν1ι
908 4315 938 4365 11
957 4308 991 4368 ἐκ
1008 4314 1068 4368 τών
1083 4308 1204 4368 θεώνΙι
1291 4313 1321 4364 21
1342 4311 1389 4380 ζη-

131 4395 279 4454 τοῦνταΙι
348 4386 552 4454 21ὅτικαίΙι
621 4399 654 4452 26
673 4395 755 4452 νδα.
772 4395 802 4452 ln
819 4395 951 4468 κειμένην
969 4409 987 4449 ε
1004 4392 1117 4451 nomn
1204 4387 1252 4454 ἀν·
1269 4393 1298 4449 in
1315 4387 1391 4467 ἀνήρ

130 4479 278 4538 acomh
349 4471 459 4548 δλοςΙι
529 4485 560 4536 21
579 4477 731 4556 ἤρξατοίι
811 4485 844 4537 28
861 4478 1070 4553 ἐξενήνοχενίι
1155 4477 1390 4554 31γάροοοεε.

129 4565 234 4622 adan
304 4571 338 4622 ³2
355 4568 473 4634 ταώςΙι
