3476 5264
679 397 817 456 ORATIO
833 399 896 456 XX.
1349 405 1409 466 261

152 580 213 658 τῆς
230 561 389 648 Ἑλλάδος
409 573 466 635 καὶ
486 580 547 659 τῆς
558 561 701 648 Ἰταλίας
724 575 835 636 ίνεστι
856 578 896 637 τό
917 595 954 638 τε
969 576 1082 661 ἀργεῖν
1104 579 1161 641 καί
1176 581 1215 642 τό
1231 581 1411 665 ῥᾳθυμεῖν,

152 675 209 738 καί
231 675 290 737 οδκ
312 675 482 760 ἀπορήσει
504 677 723 760 προφάσεως,
747 678 834 738 ὅπου
857 678 899 739 όν
920 679 1000 762 τύχη
1024 680 1081 758 ῶν,
1105 671 1154 743 δι’
1178 681 1219 766 ήν
1240 679 1412 764 βλακεύων

152 778 268 840 τεκαὶ
289 773 536 857 ἀσχολούμενος
558 773 728 840 ἀναλώσει
748 779 806 841 καὶ
827 781 917 842 πάνυ
940 777 1049 845 πολύν
1073 785 1212 865 χρόνον,
1238 786 1280 846 όν
1304 786 1412 862 ούτως

152 881 243 965 τύχη.
279 883 324 967 μή
349 879 408 942 οδν
428 876 585 964 βελτίστη
608 861 667 965 (ᾗ)
686 882 744 944 καί
766 878 1023 970 λυσιτελεστάτη
1047 891 1170 949 πασῶν
1191 890 1210 972 ή
1235 887 1285 961 είς
1307 885 1410 949 αὐτόν
1431 885 1451 950 8

116 996 131 1046 ύ
154 982 367 1067 ἀναχώρησις
395 983 452 1045 καὶ
479 984 518 1044 τό
548 987 728 1064 προσέχειν
756 989 831 1059 τοῖς
858 987 960 1048 αὑτοῦ
989 989 1202 1072 πράγμασιν,
1231 989 1290 1051 δάν
1317 979 1351 1050 τ’
1376 989 1413 1050 ίν

152 1081 333 1166 Βαβυλῶνι
354 1087 434 1170 τύχῃ
457 1105 510 1161 τις
532 1088 579 1148 ὢν
607 1087 666 1148 ἐάν
694 1078 726 1148 τ’
754 1075 943 1173 Ἀθήνησιν
971 1090 1030 1153 όάν
1059 1081 1093 1151 τ’
1124 1079 1160 1152 ’όν
1189 1087 1410 1175 στρατοπέδῳ

153 1188 212 1250 δάν
234 1178 268 1249 τ’
292 1188 328 1249 εν
350 1188 439 1274 νήσῳ
462 1185 568 1273 μικρᾷ
588 1189 645 1251 καί
670 1185 787 1269 μόνος.
841 1190 878 1252 αί
905 1190 968 1276 γάρ
996 1199 1154 1255 τοιαῦται
1182 1193 1414 1279 ἀναχωρήσεις

152 1290 210 1353 καί
232 1287 426 1377 ἀποδημίαι
452 1293 575 1375 μικράν
603 1312 679 1354 τινα
708 1293 823 1371 ίχουσι
851 1294 962 1378 ῥοπήν
990 1296 1079 1377 πρός
1106 1296 1145 1357 τό
1175 1292 1297 1382 σχολήν
1319 1297 1413 1379 ἀγειν

153 1393 210 1456 καί
238 1394 277 1455 τό
307 1395 470 1477 πράττειν
497 1394 541 1456 τά
571 1389 709 1456 δέοντα·
738 1395 856 1478 ὥσπερ
883 1400 957 1470 τοῖς
979 1396 1187 1460 ἀσθενοῦσιν
1209 1388 1269 1482 ἀφ’
1294 1399 1413 1481 ἐτέρας

9 1507 134 1564 (mmo
153 1496 211 1557 καί
239 1498 357 1580 ίτέρας
383 1491 499 1572 κλίνας
525 1493 793 1560 κατακλίνεσθαι
822 1502 920 1582 φέρει
946 1501 1009 1578 μέν
1036 1518 1113 1562 τινα
1147 1499 1256 1561 ίνίοτε
1291 1499 1413 1584 μικράν

154 1599 364 1676 ἀνάπαυσιν,
394 1599 432 1660 οδ
460 1601 526 1685 μήν
556 1599 670 1684 ἱκανήν
691 1617 729 1680 γε
752 1590 830 1661 οὐδ’
856 1600 943 1662 ὥστε
965 1596 1180 1677 ἀπαλλάξαι·
1201 1633 1245 1643 -
1267 1597 1353 1664 ίδεῖν
1374 1619 1410 1662 τε
1433 1601 1454 1665 9

154 1701 230 1764 ίστι
249 1700 307 1762 καί
328 1702 364 1762 όν
386 1698 433 1782 τῷ
457 1702 547 1764 πάνυ
570 1697 689 1784 πολλῷ
703 1701 844 1786 θορύβῳ
862 1722 899 1765 τε
919 1703 977 1765 καὶ
999 1699 1131 1789 πλήθει
1146 1702 1185 1764 οδ
1199 1695 1413 1782 κωλυόμενον

154 1805 318 1888 πράττειν
347 1805 488 1866 ἕκαστον
514 1806 553 1866 τό
583 1805 687 1866 αὑτοῦ
715 1807 811 1889 ἔργον
819 1853 829 1883 ,
858 1793 934 1866 ἀλλ’
960 1807 979 1867 δ
1000 1825 1038 1868 τε
1066 1802 1176 1868 αὐλῶν
1199 1794 1219 1891 ἢ
1243 1802 1413 1868 διδάσκων

155 1903 269 1969 αόλεῖν
290 1914 390 1968 τοῦτο
412 1912 514 1970 ποιεῖ
531 1903 696 1982 πολλάκις
718 1899 777 1969 ἐπ’
803 1907 906 1994 αὐτῆς
927 1915 988 1994 τής
1010 1904 1093 1969 όδού
1113 1908 1152 1968 τό
1176 1904 1414 1971 διδασκαλεῖον

107 2015 137 2070 1⁶
158 2008 243 2088 ἔχων
269 2009 327 2071 καί
357 2006 453 2073 οὐδὲν
483 2009 584 2070 αὐτόν
612 2005 767 2097 ἐξίστησι
794 2011 833 2071 τό
863 2006 1002 2094 πλῆθος
1031 2006 1108 2071 ούδδ
1132 2005 1324 2094 ἀθόρυβος
1346 2016 1414 2071 τῶν

155 2107 368 2196 παριόντων,
398 2113 417 2173 ό
445 2131 483 2173 τε
510 2111 711 2195 ὀρχούμενος
740 2111 868 2192 δμοίως
895 2099 916 2196 ἢ
948 2107 1298 2195 ὀρχηστοδιδάσκαλος
1327 2111 1415 2194 πρός

155 2214 263 2296 τούτῳ
287 2214 396 2291 όστίν,
425 2210 597 2299 ἀμελήσας
625 2220 692 2275 τῶν
718 2217 918 2294 μαχομένων
940 2233 976 2275 τε
997 2213 1055 2274 καί
1077 2209 1337 2292 ἀποδιδομένων
1357 2211 1416 2273 καί

156 2312 242 2378 ἀλλα
265 2317 500 2400 πραττόντων,
524 2317 543 2378 ό
564 2336 601 2379 τε
622 2316 828 2401 κιθαριστής
850 2317 869 2378 ό
890 2334 927 2377 τε
950 2309 1145 2400 ζωγράφος·
1174 2310 1253 2377 όδί
1276 2315 1415 2375 πάντων

156 2415 392 2505 σφοδρότατόν
414 2420 524 2481 ἐστιν·
554 2420 588 2480 οί
615 2419 677 2502 γὰρ
700 2425 767 2480 τῶν
788 2419 995 2504 γραμμάτων
1018 2413 1220 2481 διδάσκαλοι
1240 2415 1325 2496 μετά
1347 2421 1415 2476 τῶν

19 2519 137 2626 “fflssw
158 2516 294 2583 παίδων
316 2522 352 2583 εν
374 2526 450 2597 ταῖς
472 2517 565 2596 όόοῖς
586 2522 773 2606 κάθηνται,
801 2521 859 2584 καί
881 2517 978 2582 ούδίν
1001 2519 1117 2594 αύτοῖς
1139 2515 1300 2601 ἐμποδών
1322 2519 1415 2580 ἐστιν

157 2625 194 2686 όν
215 2625 366 2706 τοσούτῳ
390 2621 522 2710 πλήθει
542 2631 605 2686 τού
625 2621 797 2687 διδάσκειν
819 2643 855 2686 τε
876 2624 933 2687 καί
950 2622 1151 2704 μανθάνειν.
1187 2618 1250 2708 ήδη
1268 2617 1306 2682 δέ
1327 2638 1413 2682 ποτε
1426 2615 1467 2680 10

157 2723 249 2791 εἶδον
271 2727 335 2809 ἐγὼ
360 2723 417 2790 διδ
439 2734 502 2789 του·
524 2723 744 2812 ἱπποδρόμου
766 2721 914 2807 βαδίζων
936 2721 1086 2800 πολλούς
1107 2726 1144 2788 όν
1172 2721 1221 2807 τῷ
1245 2719 1336 2805 αὐτῷ
1359 2722 1415 2783 ἀν-

155 2829 323 2915 θρώπους
345 2826 448 2893 ἀλλον
475 2825 557 2892 ἀλλο
586 2849 622 2892 τι
650 2831 879 2912 πράττοντας,
908 2830 967 2890 τόν
995 2829 1057 2908 μὲν
1087 2823 1268 2904 αύλούντα,
1297 2827 1356 2887 τόν
1379 2821 1415 2886 δί

156 2933 376 3016 ὀρχούμενον,
404 2934 464 2994 τόν
487 2928 523 2995 δί
545 2931 665 3012 θαῦμα
689 2928 956 3011 ἀποδιδόμενον,
983 2932 1041 2992 τόν
1066 2926 1103 2993 δὲ
1126 2930 1259 3014 ποίημα
1282 2928 1417 3009 ἀναγιγ-

1 3058 5 3086 ι
108 3043 138 3094 Μ
160 3035 348 3110 νώσκοντα,
376 3035 435 3096 τόν
458 3029 494 3095 δὲ
518 3023 661 3117 ᾄδοντα,
687 3035 746 3096 τόν
769 3030 805 3095 δὲ
830 3033 983 3116 ἱστορίαν
1005 3031 1081 3094 τινά
1103 3032 1123 3117 ή
1146 3031 1260 3112 μόθον
1283 3026 1417 3112 διηγού-

159 3147 277 3215 μενον·
305 3136 362 3199 καί
391 3132 468 3198 ούδὲ
492 3134 541 3210 είς
563 3138 691 3198 τούτων
721 3133 840 3198 ούδένα
869 3131 1016 3198 ἐκώλυσε
1044 3138 1225 3219 προσέχειν
1249 3129 1339 3214 αὐτῷ
1360 3131 1419 3193 καί

158 3239 198 3300 τό
221 3237 443 3323 προκείμενον
466 3239 640 3321 πράττειν.
683 3239 796 3300 καίτοι
823 3239 952 3300 τούτων
982 3234 1078 3301 ούδέν
1108 3239 1183 3299 εστι
1210 3241 1278 3298 τῶν
1300 3227 1463 3318 ίργων,11

160 3339 180 3401 δ
210 3341 345 3421 συνάγει
374 3341 434 3425 τήν
461 3340 572 3425 ψυχήν
599 3340 657 3402 καὶ
676 3339 866 3423 καθίστησι
892 3339 949 3402 καί
976 3343 1204 3424 καταφρονεῖν
1232 3341 1333 3400 ποιεῖ
1350 3341 1417 3398 τῶν

161 3437 273 3504 ἀλλων
295 3442 467 3504 ἁπάντων.
511 3438 653 3505 παιδεία
677 3438 731 3519 δέ,
761 3443 808 3516 ὡς
831 3443 935 3518 ίοικε,
962 3442 1020 3503 καί
1048 3437 1258 3527 φιλοσοφία,
1290 3439 1328 3500 αί
1354 3439 1418 3518 μά·

108 3551 140 3605 ω
162 3540 261 3606 λιστα
283 3551 384 3606 τούτο
407 3540 692 3629 διαπράττονται,
721 3540 851 3630 πολλῆς
872 3543 1014 3628 ἐρημίας
1035 3562 1072 3605 τε
1092 3543 1150 3605 καί
1172 3541 1417 3624 ἀναχωρήσεως

5 3713 10 3740 ,
159 3630 556 3729 τογχάνοοσιδεόμενυι·
578 3648 635 3711 καί
657 3647 774 3731 ὥσπερ
796 3649 870 3721 τοῖς
891 3651 1060 3723 νοσοῦσιν,
1084 3647 1115 3707 εί
1136 3646 1181 3731 μή
1199 3641 1418 3722 πανταχόθεν

5 3755 7 3852 ή
161 3743 234 3813 λστλ
258 3751 371 3835 σιωπή
395 3769 431 3812 τε
452 3750 509 3811 καί
530 3751 669 3832 ήσυχία,
699 3749 737 3811 ού
761 3745 902 3812 δυνατόν
930 3747 1039 3810 ύπνου
1060 3743 1280 3827 μεταλαβεῖν,
1311 3744 1420 3818 ούτως

5 3854 6 3884 λ

247 3971 381 4057 mad.
400 3982 510 4040 (iulius
580 3987 686 4042 παθεῖν
704 3983 779 4041 Um.
797 3999 839 4055 pr.
921 3977 1153 4056 ύάναχαιρήσεις
1169 3981 1199 4036 Μ
1273 4002 1305 4041 τε
1322 3995 1373 4053 pro
1389 3971 1421 4038 τ’

160 4067 234 4128 &vn
303 4065 367 4128 ἀπ’
384 4067 416 4128 ἀν
432 4063 579 4144 Ἀθήνησιν
596 4071 626 4126 Μ
699 4075 729 4126 1⁰
745 4071 858 4142 κλείνης
874 4068 905 4123 Μ
921 4070 1203 4140 (mmmmm)
1270 4065 1422 4126 κατακλεί·

162 4159 264 4214 νεσύαι
281 4154 311 4209 Μ
382 4160 411 4210 ¹1
431 4155 501 4214 ίόεῑν
517 4155 549 4214 τί
565 4154 684 4214 ἐστινΜ
701 4155 770 4214 ἰδεῖν
786 4155 819 4229 γέ
835 4153 897 4212 ἔστι
914 4153 972 4220 UB,
989 4153 1020 4212 όλ
1037 4157 1096 4224 (pro
1113 4157 1156 4219 τε)
1174 4152 1198 4207 Τ
1215 4158 1244 4210 et
1259 4153 1370 4221 vulgum

164 4244 196 4297 12
213 4237 454 4312 κωιυάμνονκ
524 4245 555 4298 ιε
574 4234 704 4301 αύτοσσ
775 4246 807 4297 14
824 4239 967 4299 αιιευκ
1039 4244 1069 4296 ιε
1089 4233 1105 4298 ό
1123 4237 1225 4295 omn
1303 4243 1335 4294 ιε
1353 4233 1422 4297 τότε

163 4340 214 4396 pro
235 4316 253 4383 δ’
270 4346 302 4385 τε
319 4326 346 4384 U
450 4319 724 4400 δρχισοδιδάοκαλος
740 4326 765 4383 U
873 4331 904 4381 17
923 4318 1139 4396 ἀποδιδομένων
1156 4323 1245 4391 λίΒΜ,
1262 4315 1422 4394 ἀποδυομέ-

166 4430 225 4467 νων
241 4410 266 4465 Τ
337 4415 368 4466 18
386 4405 441 4479 ἔξω
458 4403 572 4486 γράφος
589 4411 619 4466 Μ
702 4417 733 4468 19
750 4407 956 4486 σφοδρότατόν
972 4411 1061 4482 Eup..
1078 4406 1292 4485 φοβερώτατόν
1308 4408 1370 4464 libri

162 4498 197 4549 2⁰
214 4497 275 4552 τάν
291 4510 341 4565 pro
359 4493 392 4553 ἐν
409 4494 439 4549 Μ
508 4501 541 4552 ²²
558 4491 622 4556 ίάον
638 4496 669 4551 Μ
739 4501 773 4553 ²4
790 4496 1003 4569 ειτηεαεετετίει
1021 4499 1121 4566 θαῦμα
1139 4491 1370 4566 ἐπιδεικνύμενον

161 4571 443 4653 άναγιναίσκονιαΒ
514 4586 547 4637 29
565 4579 596 4640 αλ
613 4598 665 4638 om.
683 4582 713 4637 Μ
728 4598 765 4639 τα.
783 4599 824 4654 pr.
895 4587 924 4639 ³1
945 4577 1079 4653 δεόμενοι
1096 4581 1127 4638 Μ
