3526 5264
677 364 816 422 ORATIO
834 366 946 422 Lxxll.
1375 365 1436 426 187

179 542 249 605 οἱοί
264 543 361 604 εἰσιν.
401 542 518 604 οῦκουν
534 539 694 604 δύνανται
707 537 816 626 ἡδέως
830 543 910 623 δρᾶν
925 532 1058 618 αὐτούς,
1082 538 1167 604 ἀλλά
1183 545 1435 624 προσκρούουσι
1450 544 1489 607 10

176 645 236 722 καί
260 641 494 724 διαμάχονται,
518 644 634 728 ὥσπερ
659 634 735 705 οὐδ’
762 644 796 705 οί
818 639 941 717 παῖδες
962 639 1071 728 ἡδέως
1095 644 1174 725 δρῦν
1197 640 1356 705 δύνανται
1379 645 1437 719 ούς

45 748 219 814 (ωειιιῐιάν
242 743 343 810 ἴδωσι
367 743 593 828 παιδαγωγῶν
616 753 725 832 σχῆμα
749 746 886 824 ἔχοντας
900 745 957 806 καί
972 750 1307 828 παρεσκευασμένους
1329 747 1436 821 ούτως

178 852 225 925 ῶς
253 846 507 935 ἐπιπλήξοντας
535 840 654 924 αὐτοῖς
680 850 737 912 καί
766 839 825 910 οὒκ
847 849 1100 931 ἐπιτρέψοντας
1129 849 1335 931 ἁμαρτάνειν
1358 840 1435 910 οὐδὲ

142 953 358 1037 σρρθυμεῑν.
405 954 436 1014 εί
457 953 519 1036 γάρ
542 970 597 1014 τοι
618 953 675 1013 καί
696 956 769 1026 τοῖς
798 952 919 1013 παισίν
948 947 1025 1036 ἐξῆν
1053 957 1120 1012 τῶν
1148 950 1313 1012 τοιούτων
1334 971 1435 1012 κατα-

174 1050 274 1136 γελᾶν
295 1055 352 1117 καί
376 1049 531 1138 ὑβρίζειν,
555 1043 652 1116 οὐδὲν
675 1054 716 1115 δν
740 1056 906 1135 πρότερον
927 1054 1048 1114 τούτου
1071 1054 1221 1115 ἐποίουν.

261 1147 300 1218 οδ
329 1161 447 1236 μέντοι
476 1157 626 1231 ἅπαντες
656 1157 726 1217 ἀπὸ
756 1158 880 1238 ταύτης
908 1163 968 1240 τῆς
1004 1151 1159 1229 διανοίας
1188 1157 1434 1238 προσέρχονται

174 1260 231 1321 καί
252 1255 462 1336 ἐνοχλοῦσιν,
493 1249 570 1320 ἀλλ’
596 1259 672 1320 ἔστι
692 1262 788 1339 γένος
810 1257 1007 1339 ἀνθρώπων
1038 1253 1343 1340 πολυπραγμονοῦν
1365 1275 1435 1317 τοι·

176 1363 278 1446 αύιην
301 1357 631 1444 πολυπραγμοσύνην
652 1361 709 1422 καί
724 1363 853 1443 τρόπον
868 1358 944 1421 τινά
961 1350 999 1421 οδ
1016 1361 1181 1444 πονηρόν·
1206 1357 1301 1420 ούτοι
1324 1375 1429 1443 προσ·
1446 1359 1481 1420 11

127 1473 156 1524 1ο
180 1464 272 1525 ίασιν
295 1465 354 1537 ούς
376 1464 417 1525 δν
438 1467 586 1549 ἡγῶνται
602 1460 817 1548 φιλοσόφους
832 1463 903 1524 ἀπὸ
919 1470 978 1548 τῆς
995 1458 1126 1546 στολῆς,
1150 1463 1197 1536 ῶς
1213 1462 1437 1541 ἀκουσόμενοί

174 1586 210 1627 τι
232 1554 316 1648 παρ’
341 1565 452 1628 αύτῶν
475 1569 600 1651 σοφόν,
630 1565 731 1626 δοδκ
753 1566 794 1627 ἀν
818 1553 902 1648 παρ’
929 1569 1044 1648 ἐτέρου
1075 1566 1270 1643 ἀκούσειαν,
1301 1566 1434 1628 πυνθα-

176 1670 311 1748 νόμενοι
332 1671 389 1731 καί
412 1670 492 1753 περὶ
512 1669 727 1752 Σωκράτους,
754 1671 808 1730 δτι
838 1671 947 1754 σοφός
974 1689 1011 1730 τε
1032 1663 1072 1751 ἦν
1093 1669 1150 1730 καί
1172 1662 1338 1748 διελέγετο
1362 1671 1435 1740 τοῖς

176 1777 361 1850 προσιοῦσι
384 1767 503 1853 λόγους
527 1771 729 1855 φρονίμους,
763 1771 820 1832 καί
843 1772 922 1854 περί
943 1771 1144 1851 Διογένους,
1173 1772 1226 1831 δτι
1253 1770 1310 1832 καί
1332 1769 1435 1843 αὐτὸς

175 1875 263 1956 πρὸς
286 1875 422 1935 ἅπαντα
446 1876 585 1956 εὐπόρει
609 1869 786 1954 λόγουκαὶ
809 1872 1033 1954 ἀποκρίσεως.
1077 1873 1134 1934 καί
1165 1872 1207 1933 τά
1229 1873 1290 1951 μὲν
1311 1873 1432 1932 τούτου

124 1982 154 2034 ιε
175 1975 233 2037 καί
255 1970 581 2059 διαμνημονεύουσιν
605 1976 638 2035 οἱ
662 1971 795 2050 πολλοί,
818 1974 860 2036 τά
876 1979 936 2054 μέν
951 1995 1028 2036 τινα
1045 1973 1130 2049 ἴσως
1144 1975 1303 2048 εἰπόντος
1318 1974 1430 2048 αὐτοῦ,

170 2076 213 2137 τά
237 2073 273 2138 δὲ
296 2077 353 2138 καί
375 2072 487 2137 ἄλλοιν
511 2074 713 2139 συνθέντων.
758 2083 826 2138 τῶν
840 2094 877 2157 γε
892 2079 957 2162 μην
973 2077 1061 2137 δπτά
1078 2083 1196 2161 σοφῶν
1212 2077 1273 2151 τάς
1295 2077 1429 2156 γνώμας
1445 2076 1484 2138 12

171 2179 333 2240 ἀκούουσι
353 2179 410 2240 καί
431 2179 467 2240 ίν
482 2174 636 2263 Δελφοῖς
651 2179 861 2264 ἀνατεθῆναι
877 2182 1053 2262 πρότερον,
1078 2178 1150 2241 οίον
1165 2180 1322 2261 ἀπαρχάς
1336 2197 1432 2250 τινας

172 2287 234 2366 τῆς
257 2281 384 2364 σοφίας
406 2287 466 2364 τῆς
489 2280 624 2341 ἐκείνων
644 2281 701 2342 καί
724 2282 793 2359 ἅμα
816 2289 875 2365 τῆς
897 2288 964 2343 τῶν
986 2282 1184 2362 ἀνθρώπων
1213 2285 1320 2344 ἕνεκεν
1343 2281 1431 2364 ὠφε-

172 2377 281 2458 λείας,
314 2382 361 2456 ὡς
387 2380 437 2464 τῷ
466 2383 538 2444 δντι
567 2379 606 2468 δι)
636 2383 719 2445 θεῖα
749 2390 854 2445 ταῦτα
883 2385 939 2446 καί
970 2381 1088 2462 σχεδόν
1115 2405 1150 2447 τι
1178 2391 1245 2446 τῶν
1271 2391 1431 2470 χρησμῶν

123 2497 152 2548 22
172 2483 346 2566 θειότερα,
370 2485 428 2559 ούς
448 2484 607 2570 ύΠυθία
629 2485 709 2570 ἔχρα
730 2480 921 2562 καθίζουσα
943 2487 1003 2549 ἐπί
1024 2493 1086 2548 τσῦ
1106 2483 1281 2571 τρίποδος,
1303 2489 1430 2567 ἐμπιμ-

65 2601 117 2646 ιεει
131 2581 326 2670 ιιιπλαμένη
350 2593 411 2648 τοῦ
434 2587 635 2666 πνεύματος.
679 2590 718 2649 τὸ
740 2588 803 2672 γάρ
827 2587 919 2671 αὐτῷ
938 2590 1090 2675 χρησθὲν
1113 2592 1254 2665 ἕκαστος
1284 2589 1431 2664 ἀκούσας

7 2675 13 2704 ’
171 2687 302 2765 ἄπεισι,
324 2688 382 2750 καί
404 2689 462 2751 οῦκ
484 2689 689 2752 ἀνατίθεται
710 2697 827 2768 ταῦτα,
851 2693 939 2753 ὥστε
962 2689 1001 2777 δη
1017 2693 1074 2754 καί
1096 2700 1203 2754 πᾶσιν
1226 2691 1430 2774 ἀνθρώποις

171 2789 260 2853 εἶναι
280 2792 448 2874 γνώριμα·
471 2792 513 2853 τά
537 2787 573 2854 δὲ
596 2793 731 2855 ἐκείνων
755 2789 905 2875 δόγματα
927 2793 1024 2856 κοινά
1040 2791 1230 2878 ἀπεδείχθη
1254 2797 1328 2867 τοῖς
1348 2793 1430 2878 ἀφι-

170 2897 367 2973 κνουμένοις
396 2894 490 2977 παρὰ
517 2897 576 2957 τὸν
603 2896 704 2972 θεόν,
734 2897 781 2970 ὡς
809 2897 937 2976 δμοίως
967 2893 1136 2982 ξυμφέρον
1166 2904 1273 2958 πᾶσιν
1302 2891 1429 2956 εἰδέναι

7 3011 13 3034 ’
120 3005 152 3056 ευ
172 2995 228 3056 καί
250 2995 454 3058 πείθεσθαι
490 2997 558 3059 είσλ
580 2994 615 3058 δὲ
640 2997 675 3058 οί
694 2998 751 3060 καί
771 3001 830 3060 τὸν
845 2997 1018 3060 Αἴσωπον
1033 2997 1165 3063 οἴονται
1180 2999 1334 3062 τοιοῦτόν
1349 3014 1426 3056 τινα
1441 2998 1480 3063 13

31 3110 115 3164 (m
125 3111 159 3164 Η)
173 3097 346 3178 γενέσθαι,
369 3101 479 3183 σοφὸν
500 3101 561 3178 μὲν
575 3099 631 3160 καί
648 3102 824 3184 φρόνιμον,
847 3098 989 3180 αἱμύλον
1005 3099 1041 3164 δὲ
1056 3099 1168 3178 άλλως
1181 3102 1239 3164 καί
1253 3098 1429 3179 ξυνθεῖναι

173 3196 292 3281 λύγους
315 3201 438 3277 ἱκανόν,
462 3201 544 3263 σίων
559 3197 630 3280 <οί>
643 3201 830 3286 ἄνθρωποι
844 3193 958 3287 ἥδιστ’
985 3205 1025 3266 δν
1047 3206 1212 3269 ἀκούοιεν.
1251 3207 1308 3268 καί
1330 3207 1427 3284 τυχὸν

258 3394 396 3458 1οδιωῦν
414 3399 468 3454 ΒΜ
536 3395 653 3457 δύναται
669 3400 699 3453 Μ
752 3395 826 3472 ὁρᾶν
842 3397 931 3474 ἡδέως
947 3404 1009 3468 (hoc
1027 3405 1097 3466 σεδ.)
1114 3405 1141 3460 Η
1192 3411 1426 3482 3παρασκευαο-

169 3519 312 3590 μένουςΡ
397 3488 699 3592 ίίπιστρίφδδταςΡ
774 3521 1003 3593 Ίπροσέχονται
1021 3523 1045 3578 U
1063 3539 1098 3579 m.
1116 3540 1158 3592 pr.
1230 3530 1428 3601 ὓπολυπραη.

170 3602 271 3676 μόνων
288 3604 337 3661 UB
354 3607 606 3707 πολυπραγμονῶν
623 3603 653 3658 Μ
713 3602 878 3678 ῦπονηρὸν
894 3606 943 3662 ΗΡ
960 3612 1098 3679 πονηρῶν
1114 3607 1193 3664 UBM
1269 3617 1300 3664 10
1316 3609 1429 3684 (πρὸς)

171 3751 396 3824 οδςΗετιιωδεσ
445 3709 573 3830 'ymnus
589 3758 666 3823 (εἰσί)
684 3758 711 3814 Η
728 3753 897 3831 ἧγοῦνταιΡ
915 3760 953 3820 tin
970 3775 1038 3830 σει-ς.
1055 3761 1137 3831 vulg.)
1198 3769 1226 3818 ll
1245 3769 1294 3822 καί
1313 3759 1392 3823 SUB

174 3847 206 3898 12
224 3843 367 3911 διελέγετο
385 3843 493 3913 scripsi,
510 3842 670 3915 διαλέγοιτο
686 3843 750 3900 libri
804 3848 834 3900 13
853 3840 906 3903 οὐκ
921 3860 971 3915 pro
988 3848 1038 3903 καὶ
1055 3850 1126 3917 (post
1144 3837 1198 3914 δτι)
1220 3847 1252 3904 Μ
1330 3856 1361 3906 14
1378 3853 1426 3907 καί

170 3935 234 3999 pont
249 3925 340 4002 λόγου
356 3928 450 3986 ασελ)
535 3933 584 3986 καί
601 3929 637 3988 τὰ
654 3929 708 3999 μὲν
726 3929 757 3984 Μ
775 3925 810 3989 τὰ
829 3932 932 4004 μένγε
949 3931 1034 3986 ceteri
1135 3939 1165 3987 1⁵
1182 3938 1231 3992 καί
1248 3935 1340 3991 om.P

172 4018 204 4070 1⁰
222 4012 318 4073 ἀλλων
335 4014 385 4070 ΒΗ
402 4011 496 4081 ἀλλος
513 4013 591 4070 um>
659 4015 816 4083 συνθέντος
832 4021 877 4083 (ος
893 4033 911 4071 ε
927 4017 1050 4082 σοιτίϋ
1123 4021 1154 4074 18
1171 4014 1298 4078 ἓνεκαΰ
1351 4016 1426 4094 αλφε-

171 4151 236 4218 λίας
245 4149 276 4205 Μ
330 4155 360 4204 19
372 4151 520 4225 χρησίμων
531 4149 561 4203 Μ
614 4155 647 4207 20
659 4147 750 4225 ἔχθρα
763 4152 785 4208 Ρ
808 4219 820 4232 ·
836 4150 1033 4228 ἐμπιπλαμένη
1043 4154 1117 4210 UBH
1129 4112 1358 4230 ἕμπιμπλαμένολ
1369 4160 1392 4216 Ρ

171 4272 202 4325 21
221 4265 278 4341 γὰρ
295 4285 349 4327 om.
367 4271 397 4326 Μ
415 4288 449 4326 m.
468 4287 509 4340 pr.
590 4265 670 4348 αύτῷ
687 4271 710 4326 U
729 4242 819 4331 αύτολλ
835 4273 953 4338 (siculi
1025 4277 1058 4328 22
1075 4269 1113 4334 ἄν
1130 4268 1232 4336 ἀθετεῖ
1247 4278 1357 4349 mu

171 4358 204 4410 23
221 4356 371 4429 γνώρισμα
388 4351 424 4416 τὰ
441 4356 463 4411 Ρ
486 4359 673 4430 γνωρίσματα
691 4359 720 4413 Μ
807 4363 840 4414 24
858 4363 917 4416 τῶν
938 4363 1017 4418 θεῶν
1033 4359 1083 4416 ΡΗ
1168 4365 1317 4438 ξυμφέρον
1334 4366 1356 4420 Ρ

171 4445 204 4497 26
222 4444 559 4513 ξυνθῆναιΒξυνθετναι
576 4448 611 4510 (ει
627 4458 646 4498 ε
663 4444 785 4510 corr)U
854 4449 886 4499 27
906 4438 971 4502 οἷον
988 4445 1009 4499 P
1027 4462 1062 4502 m.
1081 4461 1133 4502 εεα.
1190 4447 1255 4520 (01)
1271 4447 1425 4526 ἀνθρωττοι

170 4525 277 4596 scripsi,
295 4521 378 4586 αύτσί
396 4528 458 4584 libri
