3454 5272
922 376 1080 436 INDICES.

365 378 428 438 366

403 541 485 605 οὐδὲν
507 551 566 604 τῶν
585 540 708 620 Ὁμήρου
731 547 820 620 ψέγει.
848 537 908 618 άμα
935 551 987 620 διη-
1047 547 1193 622 γέγραφεν
1210 553 1263 604 oio.
1281 547 1309 603 11
1328 553 1389 618 116,
1408 553 1441 604 21
1465 544 1483 608 o‘
1508 549 1541 608 δὲ
1563 545 1646 608 καθ’

402 629 544 706 γούμενος
566 636 615 690 καί
637 626 779 691 διδάσκων
800 623 846 689 ότι
875 628 911 690 τά
935 633 988 702 μὲν
1048 629 1173 691 ἕκαστον
1199 637 1257 690 τῶν
1283 631 1330 692 έπί
1360 633 1466 707 μέρους
1492 631 1646 708 ἐδήλωσεν

400 717 476 776 κατά
500 714 602 786 δόξαν,
629 717 666 775 τὰ
695 718 725 776 δὲ
751 713 826 776 κατὰ
849 709 987 790 άλήθειαν
1048 717 1151 786 11111,
1170 721 1194 772 2.

821 960 852 1024 8.
887 957 1174 1027 6101181111.

1047 1139 1098 1180 uos
1110 1124 1202 1194 hebet,
1218 1138 1332 1193 quornm
1345 1123 1413 1180 uuili
1423 1139 1547 1194 nuqusm
1559 1125 1640 1180 dem·

1048 1225 1113 1264 num
1124 1208 1229 1278 stiniitp
1248 1224 1334 1279 noque
1347 1209 1502 1280 eloquentie
1514 1225 1566 1265 sus
1580 1211 1639 1266 oui·

1048 1308 1128 1362 quem
1141 1293 1253 1350 ineidiss
1267 1294 1367 1349 struxit
1377 1309 1417 1349 or.
1427 1293 1518 1351 XLVI
1531 1299 1547 1360 ς
1558 1300 1638 1350 1-8.

1046 1409 1081 1420 -
1093 1378 1160 1433 dicit
1175 1377 1227 1434 sibi
1240 1377 1353 1434 invideri
1368 1372 1415 1437 ὅτι
1425 1374 1477 1446 τὰς
1486 1379 1580 1446 στοάς
1589 1378 1637 1436 ἐπὶ

368 1126 420 1183 Dio
433 1125 662 1197 (chrysostomus)
674 1125 733 1182 eius
750 1140 837 1180 esne
854 1141 910 1182 uus
927 1141 987 1182 oum

402 1215 490 1265 mette
507 1209 542 1264 sb
560 1211 724 1280 imperatore
747 1211 834 1266 emico
853 1211 989 1268 oisitsiem

401 1294 482 1349 simui
490 1294 641 1350 Remum
652 1300 680 1350 ei
688 1297 871 1365 Apamensem
882 1297 989 1367 sooepit

405 1378 433 1433 11
452 1382 537 1446 69,1.
556 1409 588 1420 -
615 1373 631 1436 ὁ
650 1383 721 1452 γοῦν
739 1377 859 1450 πάππος
882 1377 898 1440 ό
918 1381 989 1454 έμός

404 1463 431 1520 εί
446 1460 493 1520 έπί
511 1463 601 1520 πλέον
613 1457 752 1523 άπάνατο
765 1472 815 1537 τῆς
826 1470 923 1540 φιλίας
935 1473 988 1526 τοῦ

399 1540 468 1605 τότε
486 1542 714 1621 αὐτοκράτορος,
732 1545 804 1609 άλλά
822 1548 860 1623 μὴ
878 1549 989 1626 βραχὺς

401 1637 550 1700 παντελῶς
573 1632 688 1706 ἐγένετο
713 1629 767 1704 (ὅ)
786 1628 911 1707 χρόνος,
936 1641 987 1696 διε-

400 1728 507 1784 νοεῖτο,
521 1709 561 1784 άίς
573 1737 669 1790 φασιν,
680 1717 849 1790 ἐλευθερίαν
858 1727 894 1794 τῇ
904 1717 988 1780 πόλει

398 1808 499 1876 λαβεῖν
515 1807 564 1860 καὶ
581 1800 632 1875 ἤδη
644 1807 711 1876 περὶ
726 1801 833 1863 τούτου
844 1809 986 1880 πεποίητο

399 1884 455 1946 τὸν
472 1885 563 1961 λόγον
581 1888 658 1957 1166,
669 1894 694 1944 6.
707 1919 743 1931 -
759 1895 846 1958 (osus)
862 1896 911 1948 καί
929 1895 987 1950 τοί·

400 1993 450 2030 νυν
459 1973 500 2040 είς
511 1969 602 2032 αὐτον
613 1967 748 2044 οὐδεμίαν
757 1977 891 2046 φαίνεται
902 1973 988 2050 χάριν

403 2055 594 2130 αἰτησάμενος
619 2057 651 2116 έν
681 2056 801 2132 τοιαύτη
833 2063 913 2140 φιλίᾳ
938 2065 986 2118 καί

400 2143 524 2216 σπουδῇ,
550 2147 703 2216 φυλάττων
728 2147 758 2204 δὲ
781 2150 831 2204 καί
853 2143 984 2217 ταμιευό·

399 2247 488 2298 μενος
511 2226 564 2302 τὴν
587 2235 640 2288 τοῦ
670 2225 890 2304 αὐτοκράτορος
916 2251 985 2305 προ-

397 2315 504 2383 θυμίαν
521 2315 561 2380 είς
577 2310 652 2385 ὑμᾶς
668 2315 747 2384 1111,
757 2321 782 2372 6.
801 2348 834 2358 -
852 2321 901 2374 καί
919 2319 984 2389 περὶ

399 2403 451 2456 τοῦ
469 2399 591 2457 πάππου
608 2401 638 2459 δὲ
650 2407 703 2459 τοῦ
719 2397 859 2474 ἡμετέρου
878 2397 931 2461 οὐκ
948 2397 986 2462 άν

397 2481 476 2541 εἴποι
499 2478 591 2551 οὐδεὶς
613 2482 680 2543 οὐτε
698 2481 738 2552 ὡς
755 2484 915 2560 κατρσχννε
933 2483 985 2560 τὴν

398 2564 483 2624 πόλιν
507 2565 574 2627 οὐτε
598 2565 638 2636 ὡς
665 2565 747 2629 οὐδὲν
773 2565 924 2630 άνάλωσεν
952 2571 985 2630 έκ

397 2655 456 2707 τῶν
475 2650 587 2710 ἑαυτοῦ.
620 2650 672 2725 τὴν
688 2650 745 2727 γὰρ
759 2649 862 2712 οὐσίαν
873 2650 908 2727 ἢν
925 2652 983 2729 εἶχε

398 2731 538 2811 πατρῴαν
559 2742 608 2794 καί
631 2734 779 2814 παππῴαν
801 2729 920 2796 άπασαν
943 2741 984 2809 είς

399 2824 565 2891 φιλοτιμίαν
597 2816 764 2890 άναλοίσας,
797 2813 873 2881 ιύστε
897 2826 996 2898 μηδὲν

397 2903 472 2978 ἔχειν
493 2903 610 2976 λοιπόν,
635 2905 737 2981 ἑτέραν
757 2900 900 2981 έκτήσοιτο
922 2903 982 2969 άπὸ

396 2994 527 3059 παιδείας
535 2996 584 3049 καί
593 2988 672 3066 παρὰ
685 2996 744 3050 τῶν
755 2986 983 3068 αὐτοκρατόρων

395 3077 470 3145 1111,
480 3077 982 3147 i.-putoreiushonoribussffectus

396 3177 414 3216 s
431 3161 642 3231 Prueuensibus,
661 3152 744 3229 ὐοαις
760 3163 873 3223 ἐκεῖνον
889 3164 982 3238 ἐτιμή-

396 3266 475 3312 σατε,
493 3243 533 3313 ὡς
545 3243 635 3316 ἄνδρα
649 3241 765 3320 άγαδὸν
782 3254 831 3307 καὶ
844 3241 917 3309 ὅσον
934 3249 982 3324 έζη

398 3328 510 3404 χρόνον
519 3334 636 3399 δικαίως
648 3338 821 3406 προεστῶτα
838 3341 922 3409 τῆσδε
932 3342 982 3410 τῆς

396 3413 511 3483 πόλεως
528 3417 556 3472 ΙΙ
568 3422 609 3483 61,
623 3423 660 3474 18.
679 3449 713 3458 -
730 3425 809 3488 poter
827 3421 886 3477 eius
904 3422 980 3478 Pasi-

1046 1467 1107 1521 τοῖν
1128 1467 1247 1535 θερμῶν
1273 1457 1447 1540 φ’κοδόμηκα
1473 1468 1523 1521 καὶ
1549 1463 1636 1536 έργα-

1047 1547 1150 1622 στήρια
1158 1579 1185 1588 -
1192 1550 1289 1605 καίτοι
1300 1545 1539 1621 πέντεμνριάδων
1547 1541 1636 1621 έιύνη-

1045 1654 1097 1703 μαι
1115 1633 1150 1691 τδ
1167 1635 1293 1707 χωρίον,
1322 1637 1365 1707 τῷ
1387 1635 1473 1690 παντί
1497 1635 1637 1700 πλείονος

1046 1723 1128 1790 τιμῆς
1140 1722 1189 1789 τῆς
1200 1711 1290 1784 άξίας.
1308 1715 1337 1772 11
1346 1721 1390 1786 18,
1398 1722 1441 1773 21.
1452 1747 1486 1760 -
1495 1720 1636 1774 somonam

1047 1809 1161 1873 spstre
1178 1802 1286 1872 sooopit
1306 1802 1398 1872 speeie
1421 1817 1563 1873 msguum,
1587 1804 1635 1858 sed

1047 1903 1110 1942 sero
1123 1887 1212 1944 slieno
1224 1889 1365 1944 omentum
1376 1887 1403 1942 11
1416 1891 1458 1955 11,
1470 1893 1501 1943 11
1510 1887 1635 1956 inspius

1047 1972 1180 2030 maximae
1189 1972 1399 2044 prouuddtibid.
1409 1976 1451 2028 22.
1463 2003 1497 2014 -
1509 1970 1637 2031 σπάνιον

1046 2055 1145 2116 είποτε
1155 2051 1302 2130 ἀπεδόμην
1310 2066 1394 2114 σῖτον
1401 2061 1450 2114 καὶ
1462 2053 1549 2116 τοῦθ’
1561 2049 1636 2116 ὅταν

1044 2139 1195 2215 ὑπερβάλῃ
1204 2147 1247 2218 τῷ
1255 2140 1368 2214 πλήθει,
1379 2141 1411 2200 έν
1420 2143 1451 2200 δὲ
1462 2151 1525 2210 τοῖς
1537 2139 1634 2200 τοιού·

1045 2246 1107 2294 τοις
1124 2225 1217 2286 ἔτεσιν
1235 2219 1300 2286 οὐδὲ
1323 2222 1378 2285 τὸν
1399 2223 1547 2300 άρκοῦντα
1566 2223 1633 2300 ἔχω,

1045 2306 1112 2371 άλλ’
1131 2310 1190 2372 ἔστι
1213 2333 1264 2384 μοι
1287 2307 1304 2385 ἦ
1326 2317 1407 2372 πᾶσα
1424 2311 1584 2388 ἐπικαρπία
1603 2311 1635 2380 ἐξ

1047 2395 1128 2456 οίνοο
1145 2403 1194 2456 καί
1215 2395 1411 2470 βοσκημάτων
1430 2397 1458 2451 11
1476 2401 1519 2464 18,
1539 2402 1580 2452 13.
1599 2426 1633 2436 -

1044 2477 1060 2555 ἦ
1080 2479 1228 2556 πρόφασις
1245 2485 1262 2556 ἡ
1280 2481 1428 2556 λεγομένη,
1446 2475 1488 2538 δι’
1507 2475 1543 2552 ἣν
1559 2476 1634 2551 ὐμιὶς

1043 2563 1252 2644 άποτραπῆναί
1260 2586 1330 2640 φασι
1341 2569 1389 2638 τῆς
1399 2565 1547 2640 οίκίαςτῆς
1555 2565 1633 2638 ἐμῆς,

1042 2647 1230 2722 ὐπιδομένους
1247 2657 1300 2711 τοῦ
1318 2654 1469 2710 στενωποῦ
1480 2649 1515 2707 τό
1535 2648 1633 2724 βάθος

1042 2739 1170 2807 1111126.
1183 2753 1362 2794 -uxorom
1380 2740 1408 2792 ot
1426 2737 1540 2794 παιδίον
1558 2750 1632 2791 oom-

1042 2827 1174 2879 memorut
1197 2823 1224 2878 11
1243 2828 1291 2892 80,
1309 2828 1334 2879 6.
1360 2851 1393 2862 -
1415 2825 1489 2886 (snio
1509 2821 1630 2884 exilium)

1042 2909 1237 2978 Apsmensium
1245 2907 1379 2963 oisitutem
1387 2904 1630 2975 ττοερ111166,33.

1043 2993 1113 3048 -in
1123 2991 1442 3063 nulisprsoierpstrism
1455 2989 1524 3046 urbo
1536 3005 1631 3060 egsum

1042 3079 1154 3135 sedesve
1170 3076 1292 3149 possidet
1308 3075 1336 3131 11
1346 3079 1389 3145 66,
1402 3079 1443 3132 26,
1460 3103 1496 3116 -
1506 3074 1633 3130 Romus

1042 3164 1144 3220 ominus
1161 3164 1246 3218 hsbet
1263 3169 1290 3218 et
1301 3161 1401 3216 multos
1420 3165 1586 3230 seponentes
1603 3159 1631 3214 11

1042 3251 1135 3318 69,16.
1148 3277 1181 3288 -
1194 3249 1339 3305 πλουσίων
1356 3246 1449 3312 οἰκίας
1460 3264 1493 3302 τε
1504 3249 1553 3302 καί
1561 3265 1632 3316 τρα-

1041 3333 1129 3402 πέζας
1145 3327 1321 3405 ἠπιστάμην,
1340 3325 1374 3389 οὐ
1390 3325 1485 3401 μόνον
1501 3329 1632 3397 ἰδιωτῶν,

1041 3410 1631 3490 άλίάκαὶσατραποῖνκαὶβασιλέων262,1.

395 3504 484 3557 cretes
492 3503 528 3556 sb
537 3503 736 3572 Apamensibus
746 3505 854 3560 oivitste
864 3507 981 3564 donatus
1006 3500 1128 3556 exilium:
1156 3493 1206 3560 ὅτε
1228 3500 1344 3575 φεύγειν
1360 3502 1517 3573 11111191μέ
1534 3505 1633 3574 φιλίας

393 3585 420 3640 11
430 3591 497 3655 5⁹2⁶
515 3587 638 3658 καὶμὴν
656 3592 715 3645 τιῦν
731 3607 763 3660 γε
781 3588 861 3659 έμιῦν
871 3591 981 3649 τέκνων

395 3662 442 3741 ἥδε
456 3673 561 3744 πατρίς
572 3670 633 3729 ἐστι
644 3675 755 3742 μᾶλλον
766 3676 836 3740 (soil.
848 3677 980 3746 Apsmes)

394 3755 460 3812 ibid.
479 3760 504 3811 9.
522 3785 556 3795 -
573 3763 653 3826 putor
674 3757 732 3812 eius
754 3773 861 3830 semper
877 3777 895 3816 s
912 3762 980 3817 Pru·

395 3839 538 3896 oeensibus
562 3840 689 3896 munstur
705 3846 737 3898 ut
758 3843 846 3900 bonus
871 3845 937 3901 nisis
954 3848 980 3902 11

398 3931 440 3994 16,
452 3929 494 3982 22.
508 3956 539 3965 -
553 3931 580 3980 et
592 3933 670 3997 pstor
688 3932 716 3982 et
733 3943 799 3984 esus
818 3930 980 4003 προστάται

394 4011 443 4080 τῆς
453 4013 560 4082 βουλῇς
571 4011 820 4082 ineruni1199,28.
831 4045 863 4054 -
872 4019 981 4072 metes

393 4095 459 4161 eius,
477 4083 510 4165 ἧς
527 4091 608 4164 ὑμεῖς
624 4097 694 4162 (soil.
713 4096 888 4166 Prnsuensee)
906 4098 980 4171 ίδρύ·

392 4185 486 4238 σασδε
503 4183 553 4236 καὶ
571 4176 685 4251 ἄγαλμα
703 4185 752 4239 καὶ
764 4178 845 4253 ίερύν
857 4184 884 4238 11
894 4189 935 4255 61,
947 4191 979 4242 26

395 4272 508 4336 uterque
526 4279 593 4322 esus
612 4271 639 4321 oi
656 4267 773 4324 msiores
790 4277 818 4324 et
835 4269 935 4328 iromus
953 4275 979 4328 et

393 4349 476 4406 setosi
503 4351 699 4421 consanguinei
720 4353 867 4410 honoribus
889 4357 980 4412 effecti

390 4432 455 4490 ibid.
479 4464 513 4475 -
538 4451 653 4504 magns
676 4437 821 4506 praedis
842 4440 980 4510 possidot;

391 4517 490 4576 multos
505 4519 575 4575 onim
584 4527 612 4576 et
626 4521 721 4580 diuites
732 4531 759 4578 ot
772 4538 906 4593 pauperes
916 4525 978 4582 sici·

1040 3582 1138 3644 ένεκεν
1164 3588 1318 3660 λεγομένης
1348 3580 1454 3660 άνδρὸς
1482 3582 1517 3645 οὐ
1543 3607 1631 3660 πσνη

1041 3677 1109 3744 ροῦ,
1126 3676 1185 3728 τῶν
1203 3672 1233 3730 δέ
1249 3671 1319 3730 τότε
1336 3665 1515 3741 εὐδαιμόνων
1531 3693 1564 3730 τε
1580 3677 1631 3730 καὶ

1041 3752 1194 3832 άρχόντων
1214 3752 1356 3830 έγγάτατα
1380 3753 1479 3825 ὄντος,
1501 3757 1546 3816 διά
1564 3764 1632 3816 ταῦ·

1041 3864 1076 3900 τα
1095 3843 1125 3901 δὲ
1141 3846 1191 3900 καί
1213 3835 1435 3909 άποδανόντος,
1457 3835 1498 3900 δι’
1522 3837 1631 3902 άπολ-

1040 3933 1102 3994 λοῖς
1118 3931 1168 3985 καί
1186 3921 1291 3999 σχεδὸν
1313 3931 1403 3986 πᾶσιν
1419 3919 1515 3986 έδόκει
1532 3926 1627 3999 μακά-

1042 4032 1111 4082 ριος,
1130 4008 1174 4070 διά
1192 4009 1244 4084 τὴν
1263 4011 1383 4071 ἐκείνων
1396 4011 1561 4086 οἰκειότητα
1578 4019 1629 4071 καί

1040 4096 1210 4169 ξυγγένειαν,
1224 4093 1327 4170 ταύτης
1342 4091 1629 4170 ένεχδείσηςέπ’έμὲ

1040 4186 1090 4253 τῆς
1109 4181 1211 4248 αἰτίας,
1230 4181 1270 4249 uic
1287 4182 1319 4254 δὴ
1333 4176 1431 4253 τάνδρί
1448 4183 1537 4255 φίλον
1554 4179 1627 4240 ὄντα

1039 4271 1089 4325 καὶ
1122 4265 1288 4341 σύμβουλον
1316 4273 1381 4337 119,
1402 4272 1465 4338 deq.
1497 4297 1531 4308 -
1565 4271 1629 4323 exul

1040 4351 1131 4408 iectus
1148 4350 1312 4422 Delphinum
1335 4353 1476 4409 orsoulum
1495 4354 1628 4410 oousniit:

1039 4436 1152 4496 έκέλευε
1168 4457 1256 4508 -με
1281 4430 1352 4496 αὐτὸ
1378 4443 1465 4496 τοῦτο
1488 4435 1628 4512 πράττειν

1040 4522 1072 4582 έν
1090 4513 1112 4597 ᾧ
1131 4525 1187 4594 είμι
1206 4519 1284 4594 πάση
1301 4525 1458 4603 προθυμίᾳ,
1480 4517 1520 4592 όις
1536 4521 1628 4597 καλήν
