3520 5270
322 327 387 386 136
807 323 929 382 Dloms
947 321 1083 381 IOESSUS

321 519 424 566 νοσεν.
455 503 596 585 δστερον
611 498 648 564 δέ
662 503 881 585 ηΔηιάνειρα
896 505 1087 586 μεμνημένη
1102 507 1171 563 τῶν
1192 497 1298 582 λόγων
1313 509 1376 564 τοῦ
1385 502 1578 586 Κενταάρου

320 606 378 668 καί
399 607 468 685 ἅμα
491 609 553 666 τοῦ
561 593 762 684 Ἡρακλέους
785 599 882 666 οὐδέν
897 603 1059 679 ἀνιέντος,
1082 600 1169 665 ἀλλά
1190 603 1246 666 καί
1260 607 1470 688 μακροτέραν
1492 605 1579 667 διιο-

323 705 447 794 δημίαν
474 702 778 790 ἀποδημήσαντος,
805 707 866 791 την
888 702 1083 768 τελευταίαν
1105 709 1161 768 ὅτε
1182 701 1289 783 ἐξεῖλε
1317 709 1377 792 την
1403 703 1576 786 Οἰχαλίαν,

321 811 380 872 καλ
400 805 577 891 λεγομένου
600 803 639 893 δη
663 807 710 882 ὡς
724 808 890 892 ἐρασθείη
906 816 966 894 της
983 799 1098 892 Ἰόλης,
1119 811 1310 894 ἡγησαμένη
1333 805 1468 889 βέλτιον
1491 807 1579 872 εἶναι

275 913 292 980 7
320 913 341 972 ἀ
364 907 554 995 παρῄνεσεν
576 909 761 987 ἀνίεσθαι,
784 910 983 972 έπινίθεται
1006 907 1096 992 αὐτῷ
1118 911 1191 988 καί,
1220 907 1296 972 οίον
1319 907 1357 997 δι)
1382 915 1513 997 πέφυκε
1535 913 1612 972 τάν

320 1019 387 1075 τῶν
409 1019 573 1096 γυναικῶν
596 1008 738 1092 αίμδλον
763 1014 822 1074 καί
842 1019 1051 1095 πανοῦργον,
1079 1013 1118 1074 οά
1142 1014 1308 1095 πρότερον
1331 1013 1431 1098 ἀνῆκε
1454 1001 1578 1097 πρίνῆ

321 1117 459 1179 ἔπεισεν
483 1115 584 1177 αὐτὸν
606 1115 649 1176 τά
671 1115 732 1195 μέν
755 1115 1049 1200 παραμυθουμένη
1078 1116 1136 1177 καί
1165 1115 1344 1200 φάσκουσα
1372 1115 1500 1177 ἐκείνου
1522 1115 1579 1200 κη-

322 1215 449 1282 δεσθαι
476 1220 572 1292 ὅπως
598 1219 644 1303 μη
673 1217 859 1302 κακοπαθῇ
880 1219 1003 1299 γυμνδς
1025 1223 1087 1279 τοῦ
1105 1221 1271 1295 χειμῶνος
1292 1217 1349 1278 καί
1370 1223 1433 1278 τοῦ
1453 1217 1579 1301 θέρους
1593 1196 1643 1298 [ffi’
1651 1195 1718 1300 'tvm

322 1320 449 1400 δμοίως
470 1321 650 1400 ὑπομένων
671 1321 707 1381 ἐν
729 1317 778 1401 τῷ
800 1315 942 1403 δέρματι
964 1325 1026 1380 τοῦ
1047 1315 1192 1394 λέοντος,
1215 1320 1254 1379 τὸ
1276 1319 1338 1398 μέν
1362 1314 1468 1402 δέρμα
1491 1319 1579 1380 ἀπο-

322 1422 474 1499 θέσθαι,
504 1418 626 1506 οταλην
649 1418 685 1483 δέ
708 1417 890 1502 ἀναλαβεῖν
913 1421 1035 1500 δμοίαν
1057 1425 1130 1496 τοῖς
1158 1416 1285 1496 ἀλλοις.
1335 1423 1513 1484 καὶτοῦτο
1536 1418 1575 1508 δη
1600 1429 1630 1481 10

283 1525 302 1586 8
325 1520 365 1608 ἦν
388 1525 408 1586 δ
431 1520 608 1606 λεγόμενος
629 1531 689 1608 τῆς
710 1524 918 1609 Δηιανείρας
937 1525 1052 1602 χιτών,
1075 1521 1114 1585 δν
1135 1519 1230 1585 ένέδυ
1252 1513 1461 1610 δἩρακλης.
1510 1525 1581 1604 άμα

324 1622 360 1687 δέ
386 1632 428 1710 τη
459 1621 562 1708 στολῇ
589 1625 646 1686 καί
671 1626 731 1708 την
760 1621 863 1709 ἀλλην
893 1620 1029 1686 δίαιταν
1057 1626 1220 1710 ἐποίησεν
1243 1626 1345 1687 αάτδν
1366 1621 1580 1706 μεταβαλεῖν,

322 1728 384 1788 ἐπί
411 1745 448 1788 τε
476 1728 683 1810 στρωμάτων
710 1723 923 1789 καθεύδοντα
950 1727 1008 1788 καί
1034 1727 1079 1812 μη
1108 1723 1343 1810 θυραυλοῦντα
1381 1727 1423 1788 τά
1458 1723 1580 1804 πολλά,

324 1830 440 1912 ὥσπερ
471 1829 593 1891 είώθει
616 1831 799 1912 πρότερον,
829 1826 914 1915 μηδέ
947 1829 1193 1913 αὐτουργοῦντα
1221 1826 1307 1914 μηδὲ
1337 1837 1449 1915 τροφῇ
1477 1829 1582 1912 ὁμοίᾳ

320 1931 502 2016 χρώμενον,
525 1927 610 1992 ἀλλὰ
635 1932 717 2013 σίτῳ
740 1951 777 1994 τε
794 1933 1055 2016 ἐκπεπονημένῳ
1071 1933 1129 1994 καί
1143 1933 1219 2016 ῦψῳ
1242 1935 1299 1995 καί
1321 1931 1401 2013 οἴνῳ
1424 1928 1505 2017 ηδεί·
1520 1931 1578 1993 καί
1600 1940 1630 1990 ισ

324 2037 388 2096 ὅσα
411 2030 450 2119 δὴ
467 2036 602 2108 τούτοις
616 2035 766 2114 έπόμενά
782 2035 885 2097 ἐστιν.
923 2035 959 2096 ἐκ
975 2031 1011 2097 δέ
1026 2041 1087 2119 της
1100 2031 1290 2121 μεταβολῆς
1305 2035 1440 2119 ταύτης,
1464 2034 1581 2116 ὥσπερ

324 2131 363 2220 ἦν
387 2134 484 2216 οἶμαι
506 2137 697 2218 ἀναγκαῖον,
719 2139 770 2212 τίς
792 2137 977 2199 ἀσθένειαν
998 2139 1055 2200 καί
1075 2132 1243 2216 μαλακίαν
1257 2137 1418 2216 έμπεοὼν
1433 2141 1494 2198 τοῦ
1516 2137 1582 2197 σάν-

323 2255 431 2317 ματος
452 2238 509 2300 καί
529 2241 739 2323 ἡγησάμενος
753 2231 871 2324 μηκέτ’
896 2237 984 2302 εἶναι
1006 2234 1127 2324 ῥᾴδιον
1150 2240 1329 2322 άψάμενον
1342 2246 1473 2324 τρυφης
1494 2239 1581 2299 ἀπο-

324 2341 461 2402 θέσθαι
482 2342 595 2425 αὐτην,
619 2342 726 2417 οὕτως
749 2337 788 2426 δη
812 2343 997 2427 ἐνέπρησεν
1020 2343 1137 2418 αὐτόν,
1162 2343 1231 2421 ἀμα
1253 2343 1315 2421 μέν
1336 2345 1488 2425 κρεῖττον
1511 2339 1582 2402 σίδ-

324 2461 425 2523 μενος
446 2439 671 2528 ἀπηλλάχθαι
692 2451 754 2505 τοῦ
780 2446 937 2506 τοιοῦτον
965 2444 1058 2525 βίου,
1087 2445 1157 2522 άμα
1187 2439 1223 2505 δέ
1253 2441 1495 2526 δυσχεραίνων,
1524 2444 1578 2504 δτι
1600 2450 1631 2502 20

325 2548 482 2629 ηνίοχιτο
503 2553 634 2630 τρυφῆς
656 2545 832 2626 ἅψασθαι.
872 2547 959 2624 ίχεις
983 2543 1022 2632 δη
1046 2547 1105 2607 τὸν
1121 2538 1206 2630 παρ’
1230 2547 1315 2625 ἐμοῦ
1330 2543 1438 2628 λόγον,
1460 2546 1584 2607 δποίον

286 2645 392 2728 θίγω
415 2641 585 2730 ηδυνάμην
607 2647 694 2729 άπέρ
716 2653 778 2709 τοῦ
796 2648 911 2726 μάθον
934 2648 1054 2710 εἰπεῖν.
1079 2681 1121 2694 -
1144 2649 1214 2711 Καί
1235 2647 1282 2729 μά
1310 2650 1370 2710 τδν
1392 2647 1461 2710 Δία
1485 2643 1584 2708 οδδα-

325 2755 398 2829 μῦς
421 2745 552 2834 φαῦλος
574 2745 652 2811 οδδδ
674 2749 852 2825 ἀπίθανος
875 2746 972 2813 δοκεῖ
988 2769 1049 2830 μοι
1072 2749 1170 2814 εἶναι.
1219 2753 1277 2813 καί
1306 2752 1364 2812 οῦκ
1388 2746 1465 2812 οῖδα
1488 2751 1584 2824 ὅπως

327 2847 423 2913 δοκεῖ
439 2867 501 2930 μοι
522 2856 761 2935 προσεοικέναι
783 2854 823 2914 τά
837 2859 905 2914 τῶν
921 2849 1124 2940 φιλοσόφων
1139 2853 1239 2916 ένίων
1261 2854 1342 2936 περί
1363 2853 1443 2928 τους
1465 2848 1585 2934 λόγους

326 2953 482 3036 ἀμηγέπη
505 2951 552 3035 τῷ
575 2959 643 3016 τῶν
663 2950 903 3036 κοροπλάθων.
938 2954 995 3016 καί
1016 2956 1078 3039 γάρ
1101 2957 1224 3018 ἐκεῖνον
1245 2958 1353 3018 τύπον
1375 2953 1451 3017 τινά
1475 2957 1578 3037 παρέ·
1601 2960 1632 3014 Ἀ

324 3073 456 3134 χοντες,
480 3055 602 3116 δποίον
624 3055 666 3117 ἀν
688 3051 797 3139 πηλὸν
820 3057 869 3130 είς
890 3064 1010 3118 τοῦτον
1032 3054 1243 3138 ἐμβάλωσιν,
1271 3060 1390 3137 ὅμοιον
1412 3055 1460 3139 tq]
1481 3058 1578 3137 τύπῳ
1591 3068 1715 3122 (mm

325 3158 364 3220 οδ
388 3153 480 3231 εἶδος
501 3153 738 3220 ἀποτελοῦσιν·
761 3159 818 3220 καί
832 3164 899 3220 τῶν
915 3155 1118 3244 φιλοσόφων
1133 3157 1196 3246 ἢδη
1212 3161 1302 3234 τινές
1316 3165 1469 3222 τοιοῦτον
1489 3161 1582 3240 γιγά-

326 3273 434 3336 νασιν,
457 3257 544 3321 ὥστε
567 3259 688 3321 δποῑον
711 3259 752 3321 ἀν
773 3259 887 3340 μῦθον
908 3261 928 3345 η
953 3258 1051 3342 λόγον
1067 3258 1218 3344 λάβωσιν
1232 3258 1384 3336 ἕλκοντες
1396 3261 1453 3323 καί
1476 3255 1582 3321 πλάτ-

327 3379 442 3436 τοντες
462 3361 548 3422 κατά
576 3363 636 3447 την
665 3361 775 3424 αὐτῶν
805 3358 960 3426 διάνοιαν
989 3360 1164 3450 ὠφέλιμον
1192 3365 1249 3426 καί
1279 3361 1473 3450 φιλοσοφίᾳ
1501 3365 1583 3445 πρί-

150 3509 152 3514 -
281 3467 439 3528 ίθποντα
461 3460 661 3541 ἀπέδειξαν·
690 3463 763 3527 οίον
786 3461 824 3551 δι)
847 3462 996 3545 μάλιστα
1019 3468 1184 3548 ἀκούομεν
1205 3467 1385 3551 Σωκράτην
1406 3465 1578 3548 γενέσθαι.
1600 3475 1633 3525 σι

233 3565 237 3572 ’
326 3566 452 3640 ἐκεῖνος
478 3565 541 3649 γάρ
564 3568 615 3642 είς
637 3568 792 3643 ἅπαντας
821 3564 859 3653 δὴ
885 3564 1003 3651 λόγους
1030 3571 1088 3632 καί
1115 3571 1234 3644 πάσας
1254 3566 1432 3652 διατριβάς
1452 3569 1582 3644 καθίει,

411 3810 653 3888 ῦπαρῄνεοανθ
737 3809 870 3874 άνίιοθαι
888 3816 936 3873 BU
954 3833 989 3875 m.
1006 3833 1049 3888 pr.
1151 3813 1221 3877 7τά
1239 3817 1293 3888 μέν
1308 3821 1359 3875 καί
1375 3818 1517 3875 delendum
1533 3822 1584 3873 καί

326 3898 428 3956 οκοίδίί
443 3897 547 3968 aliquid
563 3904 625 3969 post
642 3901 888 3974 παραμυθουμένη
904 3899 1048 3970 ΒολιΗαις
1073 3902 1132 3958 scil.
1149 3901 1204 3975 (τὰ
1221 3905 1268 3972 δὲ)
1285 3907 1335 3962 καὶ
1436 3905 1584 3964 ἐκείνου

327 3997 398 4040 εστι.
418 3983 442 4041 U
457 3984 534 4054 (quid
551 4000 586 4040 m.
604 4000 648 4053 pr.
665 3985 787 4054 dubium)
856 3991 872 4042 8
890 3991 1032 4057 amem
1051 3991 1104 4044 τοῦ
1120 3988 1227 4062 θέρους
1243 3993 1293 4047 καί
1310 3993 1363 4048 τοῦ
1378 3993 1522 4061 χειμῶνος

329 4074 360 4125 1²
378 4063 430 4143 τὴν
453 4067 606 4142 στολήνλί
712 4076 743 4126 15
768 4091 800 4129 τε
817 4071 1124 4136 καλΰίιαδκοίδεί.
1141 4087 1178 4129 n.
1195 4079 1248 4143 pr.)
1353 4065 1583 4147 Πολμαιῆνῐί

324 4154 388 4218 (hoo
404 4153 475 4220 ανδ.)
545 4158 576 4209 1⁸
594 4149 747 4226 δυόμενος
764 4154 813 4212 UB
885 4161 915 4211 19
933 4149 1025 4214 αὐτὸν
1043 4157 1096 4212 ΒΜ
1173 4160 1299 4231 κρείπα
1315 4156 1515 4232 γενόμενοςΒ

326 4245 359 4294 2³
376 4241 448 4311 συκῇ
463 4257 513 4309 μοι
530 4239 581 4297 Βῑί
598 4256 634 4298 ια.
652 4255 693 4311 pr.
789 4247 822 4296 24
839 4243 1037 4298 ιαοιίιαάιαια
1054 4242 1129 4298 ταλαί
1145 4239 1245 4317 ἔργον,
1268 4239 1440 4315 ἐπιτήδευμα
1463 4245 1522 4300 τίκα.
1540 4255 1584 4299 εα-

325 4325 443 4394 quiritur
457 4330 520 4394 pont
536 4321 651 4398 λόγους.
669 4321 804 4399 ἔντεχνον
820 4326 938 4384 addebat
956 4327 1084 4384 Βοίιίάοκ
1152 4335 1185 4384 κν
1202 4325 1237 4386 τὸ
1254 4343 1307 4398 pro
1325 4330 1366 4400 τῷ
1384 4326 1432 4383 UB
1494 4347 1583 4398 κηρο·

325 4409 489 4466 πίαθῦνλί
558 4413 589 4464 27
608 4403 821 4470 άποτιλοῦοιῦ
872 4415 905 4465 30
918 4407 1053 4486 σωκράκη
1064 4413 1135 4480 libri,
1146 4429 1217 4470 corr.
1229 4411 1388 4483 εροςτιραε
1439 4415 1470 4467 81
1483 4413 1583 4470 καθίει

326 4493 447 4561 λοῦεαίι,
464 4490 564 4565 κατῄει
582 4496 644 4552 libri
