3466 5268
679 301 817 362 omno
834 302 945 361 xhvu.
1397 301 1439 366 θλ

186 474 271 540 ἀλλά
291 479 336 564 μὴ
354 473 508 539 δαπανιῖν
522 478 584 556 μὲν
599 474 636 556 ἐξ
651 474 773 560 ὀλίγων
787 475 1019 562 ύπαρχόντων,
1042 474 1269 557 ἀσχολεῖσθαι
1286 475 1321 541 δί
1337 479 1437 558 ἀσχο·
1449 478 1491 542 23

187 577 262 655 λίας
287 575 490 666 ἀνωφελεῖς,
526 582 565 641 τὸ
595 577 630 645 δὲ
664 587 776 663 σῶμα,
814 582 1007 666 θεραπείας
1039 573 1198 660 δεόμενον
1226 582 1284 647 καί
1311 578 1440 668 πολλῆς

186 689 367 768 προσοχῆς,
390 681 638 767 καταφθείρειν
654 681 851 764 ἀμελοῦντα,
873 679 932 768 τὴν
949 680 984 746 δύ
1008 678 1118 768 ψυχὴν
1140 690 1303 748 τοσοῦτον
1317 675 1439 767 χρόνον

186 785 245 846 ίάν
266 775 463 866 (ἄγευστον)
486 779 698 870 φιλοσοφίας
725 788 782 854 καί
809 793 877 849 τῶν
906 787 1070 848 τοιούτων
1090 785 1322 870 μαθημάτων,
1353 786 1441 870 πρύς

151 882 225 950 σδὲ
254 887 312 950 τὸν
342 882 434 949 δεῖνα
463 881 685 964 ἐξετάζεσθαι
713 889 733 973 ἢ
763 889 822 952 τὸν
853 885 946 952 δεῖνα
968 889 1025 951 καί
1045 894 1154 964 κακῶς
1176 888 1309 952 ἀκούειν
1331 887 1440 950 ύνίοτε

58 1002 171 1056 mm
183 989 240 1053 καί
255 984 452 1052 δάκνεσθαι.
490 989 577 1072 πρὸς
599 989 692 1052 θεῶν
715 991 735 1054 δ
757 997 862 1054 ταῦτα
884 991 970 1076 ὑπὲρ
986 991 1070 1070 ἐμοῦ
1085 984 1273 1075 φροντίζων
1287 991 1344 1057 καί
1367 986 1439 1052 δια-

5 1077 7 1084 ’
187 1086 362 1172 λεγόμενος
386 1091 444 1170 ούχ
466 1087 565 1166 οδτύς
587 1093 680 1155 ἐστιν
703 1093 900 1180 ἀνθρώπων
929 1095 1091 1158 ἁπάντων
1120 1092 1342 1166 ούνούστατος
1364 1091 1441 1170 ἐμοί

184 1192 241 1254 καί
267 1187 416 1272 μάλιστα
445 1193 514 1255 ύπύ
541 1195 626 1273 ἐμοῦ
653 1191 838 1281 φιλεῖσθαι
866 1193 1015 1272 δίκαιος,·
1148 1197 1228 1261 ὅταν
1258 1192 1294 1257 δε
1328 1194 1439 1260 ἀκούω
1546 1181 1550 1188 ’

186 1290 292 1378 λίχειν
306 1294 382 1358 τινά
399 1296 446 1369 ὡς
461 1297 541 1380 περί
555 1299 727 1382 τυράννου,
751 1295 947 1384 παράδοξον
961 1299 1038 1378 ίμοί
1054 1297 1213 1384 φαίνεται
1227 1299 1284 1360 καί
1297 1293 1438 1378 γελοῖον.

138 1408 168 1462 1⁰
189 1397 253 1478 ἐγὼ
275 1396 336 1480 γάρ
352 1398 543 1478 ἐπίσταμαι
556 1405 624 1463 τῶν
638 1402 808 1484 τυράννων
827 1402 906 1488 ἀρχα
921 1407 1073 1476 τοιαῦτα,
1094 1401 1264 1482 μοιχεύειν
1278 1402 1436 1481 γυναῖκας
1448 1397 1490 1459 24

189 1494 367 1582 ἀλλοτρίας
386 1501 443 1567 καί
458 1495 677 1587 διαφθείρειν
693 1500 832 1588 παῖδας,
854 1503 1063 1589 ἀκθρώποος
1077 1499 1279 1589 ἐλευθέρους
1301 1502 1441 1562 τύπτειν

186 1596 278 1682 (καί)
299 1597 494 1678 αἰκίζεσθαι
524 1605 661 1666 πάντων
691 1606 863 1691 δρώντων,
890 1607 970 1682 τούς
998 1603 1034 1668 δὲ
1056 1607 1113 1670 καί
1142 1600 1338 1686 στρεβλοῦν,
1367 1599 1440 1664 οῖον

7 1751 33 1780 ,.
78 1718 128 1768 (τοο
140 1717 173 1772 Ι)
186 1706 236 1782 είς
252 1700 367 1781 ζέοντα
385 1702 507 1790 λέβητα
524 1706 718 1786 καθιέντας,
742 1705 864 1786 ἀλλους
887 1705 923 1771 δὲ
945 1715 1251 1782 καταπιττοῦντας·
1275 1703 1321 1768 ὧν
1344 1699 1441 1768 ούδίν

186 1808 250 1888 ἀχὼ
275 1815 385 1872 ποιῶ·
409 1812 526 1892 ἑτέρον
549 1805 585 1873 δὲ
611 1816 749 1892 γυναῖκα
765 1814 926 1897 τύραννον
940 1812 1137 1893 Σεμίραμιν,
1160 1812 1213 1873 ύτι
1229 1808 1441 1894 πρεσβυτέρα

137 1919 168 1970 ιο
189 1911 248 1996 τήν
270 1906 401 1992 ἠλικίαν
424 1909 509 1973 οδσα
530 1913 588 1976 καί
608 1910 736 1992 μάχλος
757 1908 919 1998 ἠνάγκαζε
949 1912 1190 1996 συγγίγνεσθαί
1210 1931 1305 1988 τινας
1327 1914 1440 1996 ἑαυτῇ.

185 2017 252 2075 τῶν
281 2008 317 2074 δὲ
347 2015 520 2094 τυράννων
539 2017 597 2078 ἕνα
627 2016 752 2100 ἀκήκοα
782 2023 886 2079 ταῦτα
917 2023 1100 2092 ποιοῦντα,
1131 2014 1323 2098 πρεσβύτην
1354 2012 1440 2094 θρα-

188 2115 256 2176 σύν.
306 2112 353 2176 ὦν
374 2115 410 2180 τί
431 2118 519 2198 πρὸς
547 2117 607 2198 ἐμέ
636 2119 747 2192 ίστιν;
775 2119 794 2203 ἢ
825 2119 879 2182 δτι
908 2119 967 2208 τρι
997 2117 1107 2184 οίκίαν
1134 2113 1303 2196 οίκοδομύῖ
1334 2110 1437 2178 πολο-
1451 2109 1493 2173 25

184 2214 305 2292 “ww
334 2207 408 2278 ἀλλ’
435 2218 493 2279 ούκ
514 2219 558 2280 λῶ
582 2220 743 2296 πίπτειν;
771 2221 790 2305 ἢ
814 2222 869 2285 δτι
890 2222 1071 2305 πορφύραν
1101 2219 1203 2294 αάτύς
1225 2218 1437 2303 ύμφίεσμαω

184 2309 261 2383 ἀλλ’
287 2319 325 2380 ού
349 2316 478 2404 φαῦλον
500 2322 679 2408 τριβώνιον
686 2344 698 2398 ,·
727 2315 803 2385 ἀλλ’
828 2325 882 2386 ύτι
902 2329 994 2403 κομῶ
1017 2326 1074 2386 καί
1094 2327 1205 2404 χέκεια
1229 2322 1314 2400 ῖχω,·
1336 2325 1436 2382 τοῦτο

133 2439 164 2498 χρ
186 2410 217 2483 δ’
243 2419 327 2496 ἴσως
349 2421 387 2484 ού
409 2427 603 2507 τυραννικόν
625 2427 729 2503 ἐστιν,
751 2421 836 2489 ἀλλὰ
858 2422 1044 2506 βασιλικόν.
1084 2427 1149 2511 ἔφη
1167 2415 1201 2488 δ’
1228 2422 1286 2488 οδν
1309 2441 1363 2497 τις
1384 2422 1440 2484 ὅτι

182 2524 239 2586 καί
259 2525 297 2585 τύ
320 2531 429 2600 κακῶς
450 2526 583 2590 ἀκούειν
605 2524 715 2604 καλῶς
738 2535 902 2592 ποιοῦντα
926 2530 982 2592 καί
1003 2535 1103 2592 τοῦτο
1137 2523 1313 2610 βασιλικόν
1335 2526 1438 2588 ἐστιν.

710 2850 908 2859 --.

45 3225 169 3280 ‹mn›
379 3203 452 3283 (31)
484 3201 793 3286 ΠΟΛΙΤΙΚΟΣ
826 3201 898 3284 ΕΝ
924 3200 1260 3286 ΕΚΚΑΗΣΙΑΙ.

273 3494 417 3578 Πρῶτον
431 3497 502 3573 μέν,
527 3493 699 3581 ὥάνδρες,
722 3495 771 3578 τῷ
792 3496 959 3580 κρατίστῳ
988 3493 1150 3580 Ούαρηνῲ
1175 3493 1231 3558 δεῖ
1238 3498 1337 3580 χάριν
1352 3499 1440 3581 ἡμᾶς
1464 3497 1481 3558 1

189 3593 316 3660 εἰδέναι
337 3597 394 3660 καί
416 3594 473 3659 διὰ
496 3600 556 3683 τὴν
578 3595 682 3684 ἀλλην
705 3599 921 3683 προθυμίαν,
948 3598 987 3681 ἣν
1014 3593 1245 3660 ἐπιδέδεικται
1276 3599 1362 3680 πρὸς
1384 3599 1444 3682 τὴν

188 3694 301 3775 πόλιν,
322 3699 379 3761 καί
400 3700 453 3762 δτι
467 3696 688 3780 βουλομένοις
701 3705 781 3786 ἡμῖν
796 3697 1016 3785 ἐκκλησιάσαι
1030 3695 1135 3762 πάλιν
1150 3701 1272 3784 ἐφῆκεν
1287 3699 1326 3759 ού
1341 3701 1444 3778 μόνον

138 3824 170 3875 25
191 3800 345 3880 ετοίμως,
362 3796 447 3862 ἀλλά
461 3803 518 3865 καί
528 3799 644 3886 ἡδέως.
667 3809 767 3866 τοῦτο
779 3803 841 3886 χύρ
856 3798 896 3887 ἦν
908 3802 1130 3876 πιστεύοντος
1145 3803 1223 3880 ύμῖν
1238 3803 1294 3864 καί
1311 3799 1443 3877 εἰδότος

550 3963 932 3970 -.—--—.-—..--——-.—

273 4056 289 4106 4
307 4047 448 4124 ἄγευστον
465 4051 526 4105 αδδ.
545 4051 661 4120 Ριοίιὶες
680 4055 738 4110 ταῖν
755 4056 811 4123 φιλ
829 4051 892 4109 libri
1000 4053 1015 4103 5
1033 4053 1082 4107 καί
1098 4065 1149 4120 pro
1167 4045 1186 4123 ἢ
1205 4049 1252 4105 UT
1362 4053 1378 4104 6
1395 4054 1445 4108 καί

187 4129 264 4208 πρὸς
281 4133 330 4192 U'l'
418 4142 446 4192 11
467 4137 678 4210 ἀιαφθείρηνΒ
767 4139 796 4192 12
814 4138 863 4194 καί
878 4134 939 4192 εδδ.
959 4133 1059 4190 Βοῖελιε
1151 4140 1182 4190 13
1199 4139 1446 4203 καταπιττοῦντας

189 4219 263 4289 wil„
279 4225 474 4280 καταπιττούν
491 4221 554 4276 libri
625 4228 655 4276 15
674 4221 861 4295 αεγγίνεσθαί
878 4220 950 4278 ΰΒΤ
1033 4218 1178 4292 ίναντῆΰ
1253 4225 1284 4276 16
1302 4215 1352 4280 ἕνα
1371 4219 1446 4288 wil..

189 4304 225 4359 οδ
242 4305 378 4362 Tiberium
396 4306 531 4374 referens,
555 4299 656 4365 ούδὲνα
674 4307 735 4365 libri
832 4309 864 4362 ²0
883 4301 937 4378 ἔφη
954 4297 980 4362 δ’
1000 4296 1053 4363 οὖν
1070 4325 1125 4372 uc:
1148 4305 1207 4362 sest
1225 4305 1402 4362 Antisthenes
1417 4305 1447 4362 in

191 4389 615 4463 Cyrocf.Eplct.Disu.1V‚6
668 4396 699 4448 21
719 4395 875 4460 ποιοῦντας
891 4391 962 4458 libri,
980 4406 1051 4447 corr.
1070 4390 1204 4462 uptonius
1269 4395 1301 4449 22
1320 4383 1447 4466 ούαρῖνῳ

191 4472 240 4529 UT
258 4467 388 4552 ούαρὴνφ
405 4479 460 4534 ΒΜ
527 4482 561 4534 24
578 4470 728 4550 ἅφῆκενΒ
