3520 5270
360 363 421 422 160
813 363 937 422 ΒΙΟΝΙὸ
956 365 1006 421 DE
1024 364 1162 422 GLORIA

358 541 444 602 ούται
473 541 530 602 καί
557 545 577 626 ή
601 543 680 625 τύχη
703 541 818 623 κύριον
848 531 968 602 οὐδένα
992 545 1093 603 ποιεῖ
1109 547 1177 602 τῶν
1198 533 1261 628 ἀφ’
1288 543 1390 630 αὐτῆς
1419 539 1620 622 διδομένων,

358 642 416 705 όάν
437 644 482 728 μή
508 650 621 727 προσῇ
642 644 682 704 τό
704 643 789 722 μετά
813 650 874 704 νοῦ
893 645 949 705 καί
972 644 1170 729 φρονήσεως
1192 644 1268 707 τινά
1293 640 1486 726 λαμβάνειν.

309 743 348 804 15
447 745 482 805 οί
501 745 563 823 μέν
586 740 709 806 πολλοί
730 742 798 808 τῶν
820 745 1018 836 ἀνθρώπων
1047 747 1217 808 εἰώθασιν
1239 737 1485 826 εὐδαιμονίζειν
1510 739 1619 822 εὐθύς

358 843 410 920 οῖς
432 846 473 906 ἀν
496 842 602 929 δρῶσι
623 845 665 907 τά
688 846 782 929 παρὰ
804 854 864 932 τῆς
885 849 986 931 τύχης
1007 849 1212 929 ὑπάρχοντα,
1236 849 1351 932 ὥσπερ
1375 854 1449 924 τοῖς
1471 845 1617 912 πλέουσι
1625 870 1675 920 (εοι
1684 870 1716 916 ιο

358 944 559 1033 συνήδονται
587 954 718 1028 πνεῦμα
748 947 891 1033 δρῶντες
919 951 1057 1028 ἐπέχον,
1095 942 1153 1012 οὐκ
1182 946 1311 1025 ιίδότες
1340 942 1412 1013 οὐτ’
1444 953 1475 1013 εί
1504 954 1651 1036 φορύνε

357 1041 474 1125 αὐτοῖς
496 1053 596 1112 τοῦτό
618 1051 711 1113 έστιν
734 1039 806 1112 οὔτ’
834 1054 865 1114 εί
886 1051 1087 1137 κυβερνήτην
1109 1053 1246 1132 έχουσιν
1269 1052 1442 1136 ἔμπειρον.
1488 1054 1553 1134 έγώ
1577 1044 1613 1115 δ’

358 1149 456 1231 οἶμαι
479 1153 557 1214 τότε
579 1147 650 1214 δεῖν
671 1154 857 1235 μακαρίους
884 1154 1009 1238 κρίνειν
1037 1156 1117 1229 τούς
1145 1155 1181 1216 έν
1211 1154 1385 1240 ἀφθόνοις
1414 1157 1514 1229 όντας
1542 1159 1617 1230 τοῖς

357 1253 450 1338 παρά
472 1260 532 1338 τής
554 1247 669 1338 τύχης,
699 1255 779 1316 όταν
808 1246 925 1330 αὐτοῖς
950 1257 1006 1317 καί
1034 1257 1072 1317 τό
1101 1259 1239 1341 φρονεῖν
1269 1262 1372 1339 παρή.
1417 1247 1503 1318 καθ’
1530 1259 1615 1319 αὑτά

354 1355 417 1439 γάρ
440 1361 545 1416 ταῦτα
571 1348 763 1440 δηλον<ότι>
784 1357 815 1418 εί
837 1361 910 1432 τοῖς
936 1357 1094 1442 ἀνοήτοις
1108 1360 1240 1439 γένοιτο
1256 1355 1410 1420 κινδύνου
1425 1359 1482 1420 καί
1497 1355 1615 1422 δυστυ·

352 1457 431 1536 χίας
454 1455 557 1519 αἴτια,
1639 1478 1668 1528 10

883 1575 1084 1592 *⁶²*-

596 1811 668 1890 (49)
697 1807 850 1893 ΠΕΡΙ
880 1808 1082 1891 ΔΟΞΗΣ
1112 1809 1373 1895 ΠΡΩΤΟΣ.
1624 1836 1742 1884 (annm

318 2113 333 2173 1
444 2103 524 2165 Είσί
544 2122 643 2178 τινες,
667 2103 702 2163 οί
722 2103 803 2176 τούς
823 2103 884 2181 μὲν
909 2093 1169 2188 φιλαργύρουςῆ
1187 2100 1359 2189 φιλόψους
1375 2095 1394 2190 ἢ
1411 2101 1615 2190 οἰνόφλυγας

349 2193 376 2290 ἢ
400 2207 479 2289 περὶ
501 2209 658 2287 γυναῖκας
685 2191 705 2289 ἢ
730 2199 859 2278 παῖδας
885 2205 1115 2288 ἐπτοημένους
1144 2207 1297 2281 ἀσώτους
1326 2203 1537 2269 ἀποκαλοῦσι
1559 2210 1615 2270 καί

359 2303 542 2386 δυστυχεῖς,
563 2309 770 2371 καὶτούτων
793 2309 932 2368 ἕκαστον
955 2310 1113 2391 ήγούνται
1136 2309 1174 2369 τό
1189 2311 1348 2388 μέγιστον
1372 2307 1512 2387 όνειδος,
1535 2312 1614 2385 τούς

360 2407 396 2471 δέ
425 2406 628 2495 φιλοτίμους
654 2410 710 2470 καί
739 2405 942 2494 φιλοδόξους
969 2400 1166 2471 τούναντίον
1194 2410 1411 2488 ἐπαινοῦσιν,
1449 2413 1496 2486 ὡς
1531 2409 1612 2492 λαμ-

357 2514 480 2593 προύς·
512 2511 599 2573 ὥστε
626 2513 682 2574 καί
705 2501 807 2584 αὐτός
835 2513 975 2585 ἕκαστος
997 2508 1187 2597 ὀψοφαγῶν
1215 2513 1276 2590 μέν
1305 2500 1326 2595 ἢ
1350 2513 1459 2575 πίνων
1480 2502 1501 2598 ἢ
1523 2511 1609 2597 όρῶν
1634 2527 1663 2578 ιο

357 2631 450 2688 τινος
472 2614 667 2691 αἰσχύνεται
686 2613 742 2675 καί
765 2608 979 2695 περιστέλλει
1001 2615 1061 2699 τήν
1081 2614 1256 2697 ἀκρασίαν,
1281 2610 1476 2691 δοξοκοπῶν
1500 2612 1536 2677 δέ
1558 2619 1615 2677 καί

358 2711 642 2800 φιλοτιμούμενος
672 2706 790 2776 οὐδένα
821 2715 1017 2796 ἀνθρώπων
1046 2711 1205 2795 βούλεται
1235 2712 1433 2792 λανθάνειν,
1464 2713 1548 2778 ἀλλά
1576 2721 1613 2778 έν

315 2815 404 2900 ῖτῲ
432 2821 525 2898 μέσῳ
554 2825 659 2879 ταῦτα
689 2822 793 2880 ποιεῖ.
844 2823 912 2878 τῶν
941 2817 1003 2900 γάρ
1033 2813 1168 2879 πολλῶν
1198 2819 1338 2893 έκαστος
1372 2809 1523 2902 εὐφημεῖ
1552 2820 1612 2904 τήν

355 2921 514 3004 τοιαύτην
537 2923 653 2996 νόσον,
684 2915 868 2981 λυσιτελεῖν
890 2920 1073 3004 ήγούμενος
1096 2918 1196 3002 αύτῴ.
1242 2921 1299 2982 καί
1322 2917 1470 3004 δημοσίᾳ
1495 2918 1612 3002 σχεδόν

357 3023 394 3084 αί
417 3019 536 3096 πόλεις
558 3023 693 3083 ἅπασαι
716 3017 856 3083 δελέατα
872 3017 1069 3106 ἐξευρήκασι
1085 3028 1232 3085 παντοῖα
1256 3027 1329 3097 τοῖς
1345 3024 1512 3108 ἀνοήτοις,
1537 3042 1609 3085 στε-
1633 3033 1664 3082 κο

360 3127 488 3210 φόνους
510 3125 566 3186 καί
589 3120 773 3207 προεδρίας
795 3125 850 3186 καί
871 3125 1075 3208 κηρύγματα.
1119 3133 1297 3208 τοιγαροῦν
1326 3121 1389 3210 ήδη
1419 3125 1515 3200 τινάς
1537 3128 1612 3186 τού-

357 3246 426 3289 των
441 3227 697 3306 έπιθυμούντας
712 3222 857 3300 ἀθλίους
872 3227 928 3287 καί
944 3230 1092 3310 πένητας
1107 3223 1301 3305 ἀπέδειξαν,
1327 3218 1424 3289 οὐδὲν
1440 3229 1612 3310 ὀρέγοντες

355 3333 441 3411 μέγα
465 3319 542 3390 οὐδὲ
559 3327 769 3407 θαυμαστόν,
793 3319 870 3389 ἀλλ’
889 3329 999 3403 ένίους
1014 3329 1084 3390 ἀπό
1101 3325 1236 3390 θαλλοῦ
1249 3329 1478 3412 περιάγοντες,
1496 3330 1611 3411 ὥσπερ

356 3432 397 3494 τό
421 3433 595 3514 πρόβατα,
619 3419 639 3515 ἢ
663 3433 830 3515 στέφανόν
852 3452 928 3493 τινα
950 3419 971 3516 ἢ
994 3432 1127 3493 ταινίαν
1149 3427 1400 3512 έπιβάλλοντες.
1454 3421 1570 3492 οὐκοῦν
1594 3431 1612 3490 δ

357 3541 527 3610 τοιοῦτος,
551 3529 626 3610 έξδν
649 3523 738 3616 αὐτῶ
761 3534 917 3616 μυρίους,
941 3535 972 3594 εί
993 3530 1128 3611 ἐθέλοι,
1153 3535 1341 3618 στεφάνους
1364 3537 1490 3616 προῖκα
1513 3533 1609 3612 ἔχειν,
1632 3542 1663 3592 ιο

357 3624 395 3698 οὐ
417 3639 521 3717 μόνον
543 3632 661 3710 όλαίας
682 3623 703 3719 ἢ
727 3631 836 3717 δρυός,
859 3632 944 3697 ἀλλά
966 3636 1022 3698 καί
1043 3642 1160 3698 κιττοῦ
1179 3637 1235 3698 καί
1255 3636 1427 3720 μυρρίνης,
1451 3631 1614 3709 πολλάκις

358 3781 464 3788 -—-.-
488 3782 498 3787 -
515 3781 526 3786 -
747 3781 947 3787 ———

446 3843 937 3922 ικαίήΡΗό’ἦΜδήκαίῐίΒ
1009 3845 1186 3922 ῖάνμήΡι
1252 3847 1615 3921 θοίμδνδὴΡΗοίμὲν

359 3925 411 3993 οὐν
427 3935 464 3989 Ρι
483 3933 512 3992 οί
528 3935 582 4005 μὲν
600 3936 628 3988 Μ
653 3951 687 3990 m.
711 3951 752 4004 pr.
773 3937 822 3992 καί
847 3933 875 3992 οί
896 3935 949 4006 μὲν
968 3933 1014 3990 UB
1118 3934 1257 3994 είῶθαοιν
1280 3930 1484 4006 εὐδαιμονίζειν
1505 3950 1523 3990 ι
1546 3949 1614 3990 corr.

356 4021 534 4089 supersum?
608 4020 669 4078 ύεί
685 4017 795 4091 ἔφορον
812 4021 843 4076 Μ
929 4021 992 4080 ύόὲ
1009 4020 1057 4075 ΡΗ
1145 4028 1240 4088 ’ίτοῑς
1257 4037 1306 4090 pro
1325 4015 1392 4088 τούς
1409 4021 1433 4078 U
1451 4036 1486 4074 m.
1506 4035 1546 4089 pr.

356 4109 406 4176 τῆς
422 4120 472 4175 pro
490 4115 553 4173 τοῖς
569 4106 591 4161 Ρ
610 4122 644 4161 m.
662 4123 703 4175 pr.
773 4112 788 4162 8
807 4104 841 4164 τὸ
860 4122 913 4161 om.
932 4106 955 4163 U
1032 4099 1105 4164 καθ’
1124 4101 1196 4165 αὐτοὶ
1215 4107 1278 4161 ΗΡι
1295 4101 1368 4164 κατ’
1385 4098 1458 4164 αὐτὰ
1479 4104 1507 4157 Μ
1525 4097 1614 4162 ταύτὰ

355 4191 379 4246 Β
397 4183 469 4248 αὐτὰ
489 4189 535 4245 Ul>
604 4195 620 4246 9
638 4187 768 4264 δηλονότι
786 4191 866 4260 wil„
889 4195 975 4264 δῆλον
998 4191 1059 4246 libri
1134 4192 1161 4249 εί
1177 4191 1254 4248 PHM
1278 4192 1305 4250 εί
1318 4195 1368 4249 καί
1388 4191 1421 4246 P!
1440 4185 1480 4258 ῶς
1496 4190 1546 4246 UB

358 4279 389 4329 ¹0
408 4275 486 4332 αίτία
503 4275 534 4330 M
624 4280 653 4330 15
672 4269 767 4334 αὐτῶν
784 4273 906 4343 ἕκαστος
923 4275 950 4331 Η
1039 4280 1069 4332 16
1087 4274 1304 4348 αίσχύναιταιΡ
1381 4273 1614 4344 όοξακομνιῶνῑί

355 4359 567 4429 (μειραοιῑσιυ
586 4368 699 4427 acon.)
769 4367 798 4416 17
817 4361 953 4435 βούλεται
971 4362 1141 4433 supersenl’
1195 4366 1226 4417 19
1245 4355 1323 4437 αὐτῷ
1340 4361 1402 4416 libri
1420 4358 1562 4430 praeterU

356 4448 388 4498 23
407 4447 535 4502 θαλαῦΒ
603 4443 877 4519 περιάγιιιοντεςΰ
964 4453 998 4505 24
1016 4448 1235 4523 προβάλλοντες
1252 4448 1315 4503 Wil.
1403 4451 1435 4501 25
1454 4443 1615 4516 στεφάνους

355 4529 408 4598 μὲν
427 4530 504 4586 UBM
585 4537 617 4586 26
635 4535 683 4588 καί
700 4537 765 4602 post
782 4527 853 4591 ἀλλὰ
873 4551 925 4590 σοι.
944 4534 970 4592 U
1038 4537 1155 4608 μυρίνης
1173 4535 1201 4589 M
