3452 5264
336 385 377 444 34
701 383 826 441 DIONIS
844 383 895 441 AD
913 383 1215 441 NICOMEDIENSES

335 563 404 624 ύπδ
427 562 623 647 ἀφροσύνης
645 557 787 646 ἄρξηται
811 555 1005 638 στασιάζειν
1025 564 1113 646 πρὸς
1135 562 1275 638 αύτούς,·
1296 564 1316 646 ή
1340 557 1376 622 δέ
1400 556 1594 646 ἀδελφότης

287 666 374 736 16τί
402 661 485 726 ἀλλο
513 665 605 726 ἐστίν
627 664 646 748 ἠ
671 660 828 750 ἀδελφῶν
851 665 1012 744 δμόνοια,·
1039 669 1059 750 ή
1090 661 1126 727 δέ
1150 661 1250 750 φιλία
1273 664 1309 724 τί
1330 658 1413 724 ἀλλο
1435 664 1455 748 ή
1480 660 1593 750 φίλων

337 768 500 847 δμύνοια,·
528 766 585 828 καί
606 773 711 828 ταῦτα
735 769 847 828 πάντα
871 767 909 828 σύ
931 769 1036 847 μόνον
1058 767 1175 848 ἀγαθά
1197 767 1272 828 ἐστι
1294 767 1350 828 καί
1370 761 1473 842 καλά,
1503 763 1591 828 ἀλλά
1610 777 1700 832 (4731)

335 870 392 931 καί
414 865 552 953 ήδιστα·
575 867 616 929 τά
641 864 677 929 δέ
700 869 835 931 ἐναντία
858 871 993 944 τούτοις
1016 869 1054 931 σύ
1076 869 1160 930 κακά
1177 871 1290 949 μόνον,
1314 863 1399 929 ἀλλὰ
1415 869 1471 930 καί
1486 865 1591 955 ἀηδῆ·

334 973 391 1034 καί
412 973 504 1051 ύμως
527 971 610 1033 αύτά
634 967 799 1047 πολλάκις
822 973 896 1035 ἀντί
910 979 977 1034 τῶν
992 968 1141 1057 ήδίστων
1156 972 1299 1054 ἀγαθῶν
1316 970 1591 1054 προαιρούμεθα.
1615 978 1631 1029 ⁵

335 1075 414 1149 τούς
436 1075 497 1153 μὲν
521 1073 579 1135 ούν
607 1069 778 1154 πολέμους
805 1070 867 1158 ήδη
897 1077 987 1150 τινὲς
1016 1075 1091 1137 ἀντὶ
1119 1082 1179 1160 τῆς
1207 1075 1342 1159 εἰρήνης
1370 1068 1592 1134 ἐπανείλοντο

334 1172 488 1258 μεγάλων
516 1177 622 1238 ύντων
650 1183 716 1238 τῶν
740 1172 933 1262 διαφόρων,
964 1177 1022 1256 σύχ
1053 1177 1100 1252 ὡς
1122 1179 1160 1239 τά
1182 1177 1359 1256 μάχεσθαι
1379 1178 1531 1260 κρεῖττον
1555 1175 1593 1238 δν

334 1280 353 1363 ή
378 1275 475 1363 ήδιον
496 1278 553 1340 καί
576 1273 785 1362 δικαιότερον
807 1285 869 1340 τού
889 1281 948 1364 τήν
971 1280 1104 1364 εἰρήνην
1127 1279 1236 1360 ἀγειν,
1263 1269 1340 1340 ἀλλ’
1365 1278 1401 1339 οί
1421 1278 1483 1357 μέν
1505 1279 1593 1362 ὑπὲρ

335 1376 522 1460 βασιλείας,
547 1380 582 1440 σί
602 1375 638 1441 δέ
660 1380 746 1464 ύπέρ
769 1376 978 1463 ἐλευθερίας,
1002 1381 1036 1441 σί
1059 1377 1096 1442 δέ
1117 1387 1178 1466 γήν
1199 1380 1365 1462 κτώμενοι
1386 1381 1430 1466 μή
1449 1381 1592 1458 ἔχοντες,

336 1484 370 1545 σί
393 1479 430 1544 δέ
453 1477 629 1544 θάλατταν
651 1484 949 1566 περιποιούμενοι·
972 1483 1029 1546 καί
1049 1478 1255 1568 τηλικούτων
1270 1484 1361 1562 ὅμως
1383 1489 1450 1544 τῶν
1468 1478 1589 1546 ἀθλων
1613 1487 1643 1541 lo

163 1668 166 1674 1
335 1589 498 1665 κειμένων
520 1586 556 1647 ἐν
578 1582 626 1667 τῴ
647 1588 740 1666 μέσῳ
773 1580 896 1646 πολλοί
924 1585 1109 1647 κατέθεντο
1139 1587 1197 1647 τὸν
1227 1582 1377 1666 πόλεμον
1401 1584 1447 1659 ὡς
1470 1583 1528 1646 οὐκ
1551 1586 1593 1648 ἀν

288 1695 325 1758 17
339 1689 418 1750 δντα
442 1684 519 1750 ούδέ
542 1689 617 1751 ἀντί
638 1695 705 1750 τῶν
727 1687 895 1770 μεγίστων
918 1687 1102 1773 αίρεθῆναί
1123 1705 1244 1774 σφισιν
1265 1685 1371 1766 ἀξιον.
1415 1689 1454 1749 τὸ
1478 1684 1514 1750 δέ
1537 1689 1595 1750 καί

333 1792 438 1874 χωρίς
451 1791 656 1865 ὑποθέσεως
670 1786 833 1870 πολεμεῖν
847 1791 905 1852 καί
918 1791 1092 1870 μάχεσθαι
1107 1793 1142 1853 τί
1157 1787 1240 1853 ἀλλο
1261 1793 1281 1877 ή
1304 1793 1409 1872 μανία
1426 1785 1595 1875 παντελής

337 1895 411 1955 ἐστι
432 1894 490 1955 καί
512 1890 569 1956 διά
592 1895 716 1977 ταύτην
737 1898 846 1954 κακῶν
862 1893 1034 1973 ἐπιθυμία
1041 1914 1054 1968 ,·
1076 1894 1117 1954 τά
1133 1895 1194 1973 μὲν
1211 1893 1268 1956 οὖν
1283 1894 1392 1979 θηρία
1416 1888 1472 1954 διά
1491 1899 1592 1953 τούτο
1710 1965 1712 1978 A

337 1991 486 2076 μάλιστα
509 1996 544 2056 οἰ
572 1993 757 2077 ἅνθρωποι
786 2001 969 2074 μισοῦμεν,
999 1997 1053 2058 δτι
1081 1991 1232 2076 πόλεμος
1259 1998 1338 2077 ήμῖν
1369 1991 1594 2070 ἀδιάλλακτος
1618 1971 1712 2073 uuffi'

339 2099 426 2181 πρὸς
448 2098 553 2159 ταῦτά
577 2099 670 2160 ἐστιν
693 2096 756 2158 ἀεί.
795 2092 919 2159 πολλοί
944 2093 979 2158 δέ
1001 2097 1059 2159 καί
1073 2117 1162 2172 τινες
1183 2101 1277 2180 ήμῶν
1290 2098 1347 2160 καί
1369 2102 1442 2174 τοῖς
1458 2098 1593 2183 ἀνθρώ-

339 2218 421 2275 ποις
444 2200 491 2275 ώς
513 2199 653 2284 θηρίοις
672 2201 841 2283 χρώμενοι
859 2200 1020 2280 χαίρουσι
1042 2206 1084 2284 τῇ
1112 2201 1199 2283 πρὸς
1226 2201 1266 2262 τδ
1289 2197 1463 2286 δμόφυλον
1483 2219 1594 2283 γιγνο-

338 2305 419 2385 μένῃ
442 2303 540 2386 μάχῃ.
591 2302 648 2364 καί
670 2297 746 2363 ούδέ
768 2307 836 2362 τῶν
860 2302 1008 2386 σημείων
1031 2302 1276 2381 αἰσθανόμεθα
1298 2309 1369 2365 τῶνΙ
1388 2302 1505 2374 θείων,
1528 2305 1594 2365 ύσα

289 2411 328 2475 18
342 2400 558 2478 διδάσκοντες
579 2407 666 2486 ήμοῖς
690 2404 844 2482 ὁμονοεῖν
868 2405 983 2478 αὐτοῖς
1005 2405 1232 2489 ἐπεφήμισαν.
1282 2406 1338 2466 καί
1366 2405 1429 2489 γάρ
1455 2405 1595 2490 κήρυκές

337 2526 427 2581 τινες
448 2508 485 2568 ἐκ
506 2511 574 2567 τῶν
595 2505 689 2567 θεῶν
711 2504 800 2567 εἶναι
822 2501 992 2586 λέγονται,
1020 2506 1078 2568 καί
1106 2502 1163 2568 διὰ
1193 2513 1292 2568 τούτο
1320 2508 1377 2568 καί
1399 2498 1486 2591 παρ’
1509 2512 1591 2593 ήμῖν
1614 2513 1645 2566 2)

338 2610 450 2694 εἰρήνη
466 2609 527 2688 μὲν
542 2608 817 2692 ἐπικηρύσσεται,
834 2604 980 2686 πόλεμοι
996 2603 1032 2669 δέ
1049 2607 1095 2682 ὡς
1106 2608 1166 2670 ἐπί
1180 2610 1219 2669 τά
1236 2605 1398 2671 πλεῖστον
1413 2609 1593 2694 ἀκήρυκτοι

337 2710 517 2793 γίγνονται.
561 2710 618 2771 καί
631 2710 749 2792 γυμνσί
772 2709 1018 2792 πρεσβεύουσιν
1041 2710 1091 2783 είς
1106 2705 1341 2789 ὡπλισμένους
1356 2712 1443 2795 ύπέρ
1458 2713 1593 2798 εἰρήνης

337 2814 394 2876 καί
415 2809 576 2898 ἀδικῆσαι
598 2811 657 2874 ούκ
678 2808 808 2888 ἐξεστιν
838 2812 947 2874 αὐτῶν
977 2809 1112 2885 ούδένα,
1142 2813 1188 2886 ὡς
1217 2819 1284 2874 τῶν
1313 2813 1407 2876 θεῶν
1437 2815 1593 2891 ἅπαντας

338 2916 417 2990 τούς
445 2916 532 2997 ύπέρ
561 2909 680 3000 φιλίας
708 2910 875 2996 ἀγγέλους.
931 2914 988 2975 καί
1016 2916 1097 2977 δταν
1128 2919 1376 2997 συνερχομένων
1406 2917 1455 2992 εἰς
1482 2919 1592 3002 μάχην

340 3024 492 3101 στρατῶν
513 3017 533 3102 ή
558 3013 720 3101 διοσημία
744 3023 835 3101 φανῇ
857 3012 1032 3102 αἰφνίδιος
1060 3017 1080 3102 ή
1112 3023 1171 3101 τῆς
1191 3024 1251 3102 γῆς
1272 3021 1410 3103 γένηται
1439 3022 1589 3099 σεισμός,
1612 3025 1644 3077 2⁵

340 3121 620 3204 ἀποστρέφονται
635 3118 739 3193 εύθύς
756 3119 790 3179 σί
805 3118 990 3202 ἄνθρωποι
1011 3119 1068 3180 καί
1083 3118 1322 3202 ἀποχωροῦσιν
1339 3109 1404 3181 ἀπ’
1429 3117 1593 3207 ἀλλήλων,

290 3227 330 3291 19
342 3223 389 3297 ὡς
404 3229 471 3284 τῶν
486 3221 579 3283 θεῶν
596 3221 633 3282 ού
648 3216 862 3300 βουλομένων
878 3219 1000 3296 αύτούς
1013 3221 1197 3300 μάχεσθαι.
1233 3218 1384 3302 πολέμου
1401 3219 1437 3286 δὲ
1454 3227 1595 3308 σημεῖον

341 3321 437 3386 οὐδέν
458 3324 558 3386 θεῖόν
580 3324 674 3385 ἐστιν
695 3318 954 3406 ὑπειλημμένον.
998 3325 1055 3386 καί
1084 3325 1147 3385 ὅσα
1177 3319 1213 3386 δέ
1243 3320 1281 3410 δή
1312 3321 1434 3409 ἥδιστά
1463 3345 1499 3387 τε
1520 3329 1595 3400 τοῖς

339 3427 606 3510 ἀνθρώποιςκαί
617 3421 834 3505 εὐδαιμονίας
847 3421 1010 3506 σύμβολα,
1022 3433 1127 3488 ταῦτα
1140 3427 1252 3489 πάντα
1265 3435 1440 3507 ποιοῦμεν,
1452 3422 1594 3489 ἐπειδάν

340 3531 453 3616 εἰρήνη
476 3530 701 3613 γένηται,καί
724 3528 989 3613 στεφανούμεθα
1009 3529 1066 3591 καί
1089 3529 1218 3608 θύομεν
1233 3530 1289 3590 καί
1311 3523 1527 3612 ἑορτάζομεν·
1550 3528 1593 3590 τά
1616 3538 1647 3590 ω

340 3629 377 3695 δέ
400 3631 535 3694 ἐναντία
560 3633 671 3694 πάντα
694 3631 824 3707 ἐντοῖς
847 3628 1029 3711 πολέμοις,
1059 3631 1174 3714 ὥσπερ
1197 3631 1232 3691 ἐν
1255 3634 1328 3703 τοῖς
1351 3628 1517 3706 πένθεσι,
1540 3631 1596 3694 καί
1613 3641 1707 3694 (m)

342 3731 588 3816 συγκλειόμεθα
611 3734 679 3796 ἔσω
703 3729 819 3795 πυλῶν
841 3735 897 3795 καί
920 3729 1115 3812 δεδοίκαμεν
1138 3733 1250 3793 πάντα
1278 3731 1334 3793 καί
1364 3726 1599 3812 ἀπελπίζομεν

341 3838 499 3912 ἑαυτούς·
525 3838 581 3900 καί
604 3836 642 3899 αί
662 3841 814 3918 γυναῖκες
843 3839 920 3898 τότε
948 3836 1034 3918 ύπέρ
1064 3840 1131 3896 τῶν
1153 3829 1285 3917 ἀνδρῶν
1305 3828 1463 3897 κλαίουσι
1483 3836 1541 3897 καί
1564 3836 1601 3897 σί

426 4045 524 4123 λῆδε
541 4051 711 4124 φιλαδελφία
730 4048 802 4105 UBT
871 4043 942 4106 ἀλλο
961 4045 1080 4104 ἐστίνΒ
1165 4044 1389 4107 6ἐπανείλαντσ
1409 4048 1439 4104 λλ
1507 4053 1600 4106 ’ἰδια-

341 4139 444 4210 φοραῖν
460 4136 532 4202 libri,
550 4151 620 4192 corr.
640 4134 741 4191 Beiske
809 4125 845 4205 ἦν
861 4147 911 4204 pro
930 4128 967 4190 δν
984 4130 1057 4188 UBT
1143 4127 1327 4204 8ἢίδιονΤ
1404 4133 1495 4190 malim
1513 4129 1530 4204 ἢ
1546 4150 1600 4203 pro

340 4226 389 4280 καί
476 4227 506 4277 11
526 4215 567 4288 ὥς
583 4213 637 4279 αύκ
654 4215 692 4278 ἀν
710 4216 781 4277 δντα
800 4217 879 4288 Emp.
898 4213 939 4284 ῶς
958 4211 992 4276 οὐ
1008 4213 1186 4275 κακὸνταΜ
1205 4213 1245 4286 ἀς
1263 4211 1297 4277 οὗ
1313 4212 1409 4276 κακὸν
1426 4214 1601 4286 δνταΒάις

340 4307 435 4365 κακδν
453 4303 525 4365 ὄντα
542 4305 591 4364 UT
663 4309 693 4360 λλ
712 4303 865 4379 αἱρεθῆναί
882 4321 955 4361 τισιν
971 4303 1043 4366 libri,
1062 4317 1133 4359 corr.
1153 4301 1298 4375 Emporius
1371 4295 1489 4373 ἀνάξιον
1506 4305 1529 4358 Β

344 4398 373 4448 Η
391 4391 469 4450 ἐστιν
486 4392 510 4447 Τ
581 4395 614 4448 19
630 4383 730 4457 αύτοῖς
748 4388 826 4446 MUT
905 4393 937 4445 23
957 4383 1046 4455 ὄντας
1063 4402 1114 4458 pro
1132 4379 1265 4456 ἅπαντας
1283 4389 1341 4458 U'l',
1360 4385 1449 4456 ὄντας
1465 4379 1600 4455 ἅπαντας

341 4477 427 4534 dubit.
445 4477 525 4548 Emp.
595 4481 626 4532 25
645 4471 662 4548 ἦ
681 4475 730 4532 UT
800 4473 990 4548 διοσημεῑαῦ
1060 4469 1207 4546 αἰφνήάιος
1224 4475 1253 4530 Μ
1351 4479 1383 4531 21
1401 4472 1602 4549 βουλομένους

341 4561 415 4620 UBT
484 4565 517 4617 28
534 4555 736 4631 ὑπειλιμμέναν
753 4559 782 4615 Μ
852 4565 884 4616 32
903 4554 1095 4633 ουγκειόμεθα
1114 4559 1144 4615 Μ
1214 4563 1246 4616 33
1263 4559 1419 4618 κλέουσιΤ
