3452 5264
643 354 780 412 ORATIO
797 355 924 412 xxxvl.
1371 355 1410 416 13

153 545 277 612 ματος·
305 532 348 594 τά
373 529 408 595 δέ
432 527 517 594 ἀλλα
539 531 624 594 κατά
648 527 786 618 πλῆθος
807 531 939 615 ἀθρόα,
969 528 1231 617 διανενεμημένα
1261 529 1311 608 είς
1334 551 1410 596 τινα

156 637 308 720 σχήματα
330 635 387 698 καί
408 636 554 719 μορφάς.
592 635 612 696 ό
631 635 693 714 μέν
716 631 755 720 δή
780 631 1020 717 λαμπρότατος
1043 635 1153 710 ίππος
1173 635 1230 698 καί
1247 630 1410 698 ποικιλώ·
1421 637 1463 698 45

154 755 257 812 τατος
285 736 377 820 αύτῷ
404 757 441 801 τε
469 737 531 801 Διί
559 733 875 823 προσφιλέστατος,
912 734 980 799 ὧδέ
1008 755 1083 812 πως
1111 738 1317 818 ὑμνούμενος
1344 727 1406 800 ὑπ’

157 839 277 917 αὐτῶν,
299 839 428 915 θυσίας
449 859 486 902 τε
506 841 563 903 καί
584 839 686 920 τιμάς
709 841 768 902 άτε
791 845 929 924 πρῶτος
951 841 1089 914 είκότως
1112 841 1251 924 πρώτας
1278 835 1409 920 έλαχεν·

120 951 138 1003 ῦ
159 939 314 1026 δεύτερος
338 938 374 1004 δέ
395 933 469 1022 μετ’
493 944 620 1004 ἐκεῖνον
642 943 834 1022 ἁπτόμενος
857 943 962 1004 αὐτοῦ
980 943 1037 1004 καί
1052 938 1292 1026 πλησιώτατος
1304 933 1412 1026 Ἥρας

75 1089 88 1095 -
155 1046 350 1125 ἐπώνυμος,
380 1045 511 1130 εὐήνιος
537 1046 594 1108 καί
624 1041 789 1125 μαλακός,
820 1043 908 1108 πολύ
940 1042 976 1107 δέ
998 1046 1108 1130 ήττων
1129 1047 1214 1106 κατά
1237 1065 1275 1108 τε
1296 1047 1411 1132 ῥώμην

155 1147 213 1210 καί
233 1147 344 1226 τάχος.
385 1146 506 1230 χροιάν
528 1143 565 1209 δέ
587 1154 629 1231 τῇ
651 1148 712 1227 μὲν
735 1148 840 1210 αὑτοῦ
862 1149 963 1232 φύσει
985 1143 1105 1228 μέλας,
1130 1143 1352 1232 φαιδρύνεται
1375 1146 1411 1211 δὲ

156 1250 210 1312 ἀεί
237 1251 276 1311 τό
305 1245 609 1331 καταλαμπόμενον
627 1238 747 1332 Ἡλίῳ·
777 1252 816 1312 τό
847 1247 883 1313 δὲ
915 1250 1080 1312 σκιασθὲν
1109 1251 1145 1312 έν
1172 1259 1215 1336 τῇ
1238 1249 1411 1337 περιφορᾷ

153 1354 215 1438 τήν
244 1353 349 1414 αύτοῦ
373 1347 625 1434 μεταλαμβάνει
657 1359 716 1437 τῆς
748 1355 853 1436 χρόας
888 1348 992 1415 ίδέαν.
1048 1351 1163 1436 τρίτος
1190 1349 1411 1432 Ποσειδῶνος
1425 1358 1465 1423 46

108 1461 138 1514 ισ
158 1455 258 1539 ίερός,
279 1462 343 1517 τοῦ
363 1450 519 1536 δευτέρου
541 1451 755 1540 βραδύτερος.
792 1456 913 1517 τούτου
937 1451 973 1517 δὲ
995 1450 1249 1538 μυθολογοῦσιν
1269 1452 1412 1518 εἴδωλον

157 1557 192 1618 οί
213 1557 356 1642 ποιηταί
376 1556 540 1639 γενέσθαι
561 1548 647 1642 παρ’
672 1559 886 1641 ἀνθρώποις,
909 1559 987 1637 έμοί
1008 1554 1128 1636 δοκεῖν,
1152 1560 1266 1621 όντινα
1290 1561 1411 1639 ἀνομά-

156 1652 253 1735 ζουσι
273 1660 445 1746 Πήγασον,
467 1659 526 1722 καί
548 1676 654 1746 φασιν
677 1661 808 1724 ἀνεῖναι
828 1662 951 1747 κρήνην
972 1661 1008 1723 έν
1031 1660 1195 1745 Κορίνθῳ
1217 1658 1411 1748 χαράξαντα

154 1768 199 1846 τῇ
223 1759 322 1847 όπλή.
368 1763 387 1824 ό
410 1760 446 1825 δὲ
471 1759 510 1849 δή
533 1767 694 1848 τέταρτος
717 1765 852 1826 είκάσαι
867 1765 1005 1827 πάντων
1020 1765 1255 1842 ἀτοπώτατος,
1279 1767 1414 1848 στερεός

155 1883 193 1926 τε
214 1865 271 1927 καί
292 1864 459 1950 ἀκίνητος,
483 1865 541 1944 ούχ
563 1867 659 1940 όπως
675 1868 858 1949 πτερωτός,
881 1867 1061 1947 ἐπώνυμος
1078 1853 1218 1942 Ἑστίας.
1263 1868 1354 1946 όμως
1377 1863 1412 1929 δὲ

109 1975 139 2028 ιι
161 1966 219 2027 ούκ
241 1965 498 2048 ἀποτρέπονται
520 1975 580 2052 τῆς
602 1969 747 2044 είκόνος,
775 1964 861 2030 ἀλλά
884 1963 1080 2047 ἐνεζεῦχθαί
1102 1984 1190 2054 φασι
1217 1968 1274 2031 καί
1294 1977 1414 2032 τοῦτον

158 2065 206 2150 τῴ
230 2069 365 2151 ἅρματι,
387 2071 502 2147 μένειν
524 2065 560 2130 δὲ
582 2067 667 2132 κατά
693 2071 807 2153 χώραν
833 2065 972 2148 χαλινὸν
1000 2065 1194 2148 ἀδάμαντος
1222 2067 1413 2134 ἐνδακόντα.

161 2165 363 2252 συνερείδειν
382 2164 418 2231 δέ
432 2170 651 2248 πανταχόθεν
663 2169 753 2253 αύτῷ
766 2175 840 2246 τοῖς
850 2175 980 2254 μέρεσι,
994 2171 1051 2234 καί
1064 2171 1112 2232 τὼ
1128 2168 1191 2234 δύο
1200 2172 1248 2233 τώ
1262 2168 1408 2258 πλησίον
1424 2180 1463 2242 47

160 2271 287 2351 ὁμοίως
304 2273 392 2354 πρός
414 2271 516 2334 αύτόν
530 2268 700 2354 ἐγκλίνειν,
723 2273 869 2354 ἀτεχνῶς
884 2272 1115 2337 ἐπιπίπτοντε
1128 2273 1186 2336 καί
1209 2273 1413 2354 ὠθουμένω·

160 2375 219 2436 τόν
235 2369 271 2435 δέ
286 2369 444 2450 ἐξωτάτω
462 2366 622 2457 [πρῶτον]
642 2374 695 2437 ἀεί
710 2376 789 2458 περί
803 2377 862 2437 τόν
878 2378 1009 2437 έστῶτα
1026 2375 1074 2450 ὡς
1089 2377 1216 2438 νύσσαν
1233 2376 1414 2461 φέρεσθαι.

112 2483 144 2535 20
164 2477 204 2537 τό
233 2477 294 2555 μὲν
325 2474 382 2538 οδν
411 2471 500 2537 πολι)
530 2467 607 2556 μετ’
638 2477 772 2562 είρήνης
798 2478 855 2540 καί
878 2473 997 2563 φιλίας
1020 2473 1233 2541 διατελοῦσιν
1256 2475 1416 2560 ἀβλαβεῖς

19 2591 61 2644 (ευ
77 2587 100 2634 ιι
114 2589 147 2641 σν
160 2568 223 2640 ὑπ’
249 2573 411 2663 ἀλλήλων.
455 2574 519 2664 ήδη
542 2575 581 2641 δέ
602 2597 687 2640 ποτε
702 2580 738 2642 έν
752 2581 850 2664 μήκει
863 2582 984 2663 χρόνου
998 2581 1055 2644 καί
1071 2576 1216 2656 πολλοῖς
1238 2578 1416 2664 περιόδοις

161 2681 297 2763 ἰσχυρόν
326 2679 447 2761 ἆσθμα
476 2687 539 2744 τοῦ
565 2683 703 2766 πρώτου
727 2685 926 2766 προσπεσόν
949 2684 1100 2760 ἀνωθεν,
1130 2683 1187 2745 οἱα
1211 2681 1250 2770 δή
1273 2684 1415 2764 θυμοει-

159 2778 249 2859 δοῦς,
270 2783 438 2868 ἐθέρμηνε
460 2785 539 2860 τούς
561 2780 700 2861 ἄλλους,
728 2782 958 2871 σφοδρότερόν
979 2805 1016 2868 γε
1037 2788 1103 2872 μήν
1124 2787 1183 2848 τόν
1205 2782 1414 2849 τελευταῖον·

48 2897 99 2946 (ιω
115 2895 148 2948 ιι)
160 2885 220 2969 τήν
242 2905 278 2946 τε
301 2881 340 2970 δή
360 2887 482 2971 χαίτην
496 2881 718 2972 περιέφλεξεν
741 2888 853 2964 αὐτοῦ,
875 2879 898 2972 ᾗ
919 2885 1069 2967 μάλιστα
1093 2884 1264 2973 ήγάλλετα,
1285 2891 1344 2953 καί
1356 2893 1416 2952 τόν

109 2993 140 3046 w
161 2987 296 3048 ἅπαντα
310 2988 446 3067 κόσμον.
483 2995 583 3050 τοῦτο
607 2985 643 3050 δὲ
665 2990 704 3050 τό
728 2990 847 3064 πάθος
863 2985 957 3066 ἅπαξ
968 2981 1129 3075 Ἕλληνας
1143 2993 1414 3074 μνημονεύοντάς
1426 2997 1467 3062 48

159 3105 248 3168 φασι
272 3089 449 3152 Φαέθοντι
470 3091 701 3173 προσάπτειν,
733 3091 771 3152 ού
795 3088 999 3171 δυναμένους
1020 3093 1225 3178 μέμφεσθαι
1247 3093 1307 3178 τήν
1328 3096 1416 3171 Διός

159 3192 342 3274 ήνιόχησιν,
364 3194 445 3266 τούς
466 3183 629 3255 τεἩλίσυ
646 3191 791 3276 δρόμους
807 3195 866 3256 ούκ
880 3191 1065 3269 ἐθέλοντας
1087 3198 1217 3277 ψέγειν.
1256 3193 1311 3258 διό
1327 3215 1415 3284 φασι

159 3293 322 3372 νεώτερον
351 3295 503 3378 ήνίοχον,
526 3281 643 3357 Ἡλίου
667 3294 775 3359 παῖδα
804 3297 951 3381 θνητόν,
979 3297 1244 3383 ἐπιθυμήσαντα
1263 3295 1416 3387 χαλεπῆς

159 3397 216 3459 καί
237 3392 435 3482 ἀξυμφόρου
458 3402 545 3459 πᾶσι
565 3401 639 3471 τοῖς
653 3397 796 3482 θνητοῖς
812 3396 964 3477 παιδιάς,
989 3403 1216 3485 αἰτησάμενον
1238 3402 1333 3486 παρά
1356 3411 1417 3465 τοῦ

111 3505 143 3557 ³⁰
164 3500 295 3581 πατρός
316 3500 499 3582 έπιστηναι
521 3496 568 3580 τῷ
592 3494 714 3582 δίφρφ,
739 3503 925 3585 φερόμενόν
946 3522 985 3565 τε
1005 3503 1158 3578 ἀτάκτως
1180 3505 1293 3566 πάντα
1315 3525 1415 3567 κατα-

162 3596 285 3687 φλέξαι
307 3595 375 3683 ζηλα
390 3603 447 3664 καί
463 3603 562 3686 φυτά,
585 3602 641 3664 καί
656 3597 752 3676 τέλος
774 3603 875 3666 αὐτὸν
894 3599 1133 3690 διαφθαρῆναι
1156 3600 1325 3689 πληγέντα
1348 3607 1415 3669 ύπδ

158 3704 350 3788 κρείττονος
373 3706 489 3786 πυρός.
534 3700 639 3766 πάλιν
672 3700 708 3766 δέ
737 3706 817 3768 όταν
840 3703 897 3768 διά
921 3701 1088 3768 πλειόνων
1110 3708 1195 3769 έτῶν
1219 3707 1238 3768 ό
1259 3709 1414 3793 Νυμφῶν
1426 3712 1466 3774 49

161 3808 218 3868 καί
232 3804 451 3882 Ποσειδῶνος
467 3807 556 3890 ίερύς
569 3803 686 3882 πῶλος
696 3808 883 3894 ἐπαναστῇ,
901 3808 995 3893 παρὰ
1010 3810 1049 3871 τό
1064 3809 1211 3893 σύνηθες
1223 3809 1416 3890 ἀγωνιάσας

160 3909 218 3970 καί
245 3909 447 3993 ταραχθείς,
483 3905 603 3992 ίδρῶτι
631 3905 748 3993 πολλῷ
777 3907 956 3974 κατέκλυσε
990 3913 1048 3974 τόν
1078 3911 1179 3972 αύτόν
1207 3917 1327 3973 τοῦτον
1357 3913 1416 3974 ἅτε

665 4088 793 4095 .--—--

248 4195 260 4246 1
281 4191 454 4264 νενεμημένα
473 4191 546 4248 UBT
643 4199 658 4249 ³
678 4188 695 4250 ὁ
714 4193 743 4251 δὲ
761 4209 811 4263 pro
829 4185 883 4252 ὦδε
901 4191 931 4245 Μ
1008 4199 1023 4250 '1
1042 4197 1157 4268 οχραιάι
1175 4193 1205 4252 δὲ
1222 4193 1246 4250 U
1264 4190 1368 4266 σχροιά
1386 4197 1417 4254 δὲ

161 4277 186 4332 τ
201 4271 289 4352 μετὰ
306 4275 414 4344 τινα,
434 4292 503 4333 corr.
522 4278 601 4350 Eup.
676 4271 888 4337 ειειοεαστ
977 4285 1008 4336 ιε
1023 4277 1159 4353 κινέειν
1177 4281 1207 4335 ιι
1289 4284 1318 4336 ιι
1338 4275 1417 4358 αὐτῷ

162 4361 226 4418 libri
311 4367 343 4418 18
359 4356 488 4434 αἰέγνως
504 4361 554 4420 UT
639 4361 844 4423 δπιπίιιτονται
861 4365 891 4420 Μ
980 4371 1011 4422 19
1028 4371 1088 4424 τῶν
1104 4367 1134 4426 δὲ
1153 4365 1225 4423 UBT
1297 4369 1417 4441 πρῶτον

162 4448 263 4504 seduli
313 4451 346 4504 22
364 4445 581 4522 προσπεσὼνΤ
634 4455 667 4506 24
684 4445 737 4523 τήν
752 4451 783 4509 δὲ
799 4447 831 4523 δὴ
849 4451 920 4520 libri,
938 4467 1009 4509 corr.
1027 4451 1107 4523 Emp.
1160 4455 1192 4508 2⁷
1210 4472 1299 4525 φασιν
1312 4453 1365 4508 ΒΜ

164 4537 197 4588 ³⁴
214 4533 377 4607 κατακλύση
396 4533 504 4590 flocum
