3466 5268
647 306 783 364 ORATIO
800 306 861 364 xh.
1344 307 1383 368 57

131 488 219 549 ούτω
253 483 412 566 πολίχνια
446 492 513 548 τῶν
546 486 774 566 ἐπιτυχόντων
807 483 1004 567 ἀνθρώπων
1035 486 1092 548 καί
1132 485 1216 570 έθνη
1253 485 1383 571 ἀσθενῆ

128 596 347 652 κατοικοῦντα
376 590 412 650 έν
440 593 536 673 μέρει
558 596 617 674 τῆς
638 595 699 674 γῆς
723 587 760 649 ού
778 583 918 650 όύναται
939 588 999 672 την
1022 588 1162 672 ἡσυχίαν
1186 588 1280 669 ἀγειν
1307 583 1384 650 ούόὲ

129 692 312 776 ἀθορύβως
341 687 499 776 ἀλλήλοις
534 697 698 773 γειτνιάν;
730 682 808 752 ἀλλ’
840 689 977 774 όρνιθες
1008 691 1069 769 μὲν
1098 691 1193 772 ἐγγύς
1230 685 1382 774 ἀλλήλων
1395 694 1436 756 40

23 807 71 854 ιιεε
83 805 115 859 1)
131 796 360 879 ποιησάμενοι
382 793 535 868 νεοττιάς
558 794 616 855 ούκ
638 789 918 874 ἐπιβουλεύουσιν
935 794 1051 867 αὐτοῖς
1067 789 1143 855 ούάὲ
1161 789 1385 878 διαφέρονται

9 861 13 984 λ
94 907 109 956 5
133 898 213 982 περί
234 903 363 983 τροφῆς
379 891 472 978 (καί)
491 897 678 982 φρυγάνων,
702 891 779 958 ούόὲ
794 897 963 980 μύρμηκες
977 890 1124 979 πλησίον
1139 894 1229 969 όπάς
1244 895 1385 973 ἔχοντες,

128 1001 164 1061 έκ
193 1006 253 1083 της
285 989 388 1084 αὐτῆς
418 995 488 1060 ἅλω
512 993 677 1072 πολλάκις
699 999 937 1082 εἰσφερόμενοι
969 1002 1079 1074 σῖτον,
1110 993 1195 1058 ἀλλά
1226 1016 1385 1080 παραχω-

129 1107 247 1186 ρούσιν
271 1101 386 1176 αὐτοῖς
414 1103 471 1165 καί
492 1107 560 1163 τῶν
582 1096 670 1163 όόῶν
691 1101 912 1179 ἐκτρέπονται
938 1100 995 1162 καί
1024 1093 1280 1182 συνεργάζονται
1302 1097 1385 1163 πολ-

129 1201 241 1281 λάκις,
272 1192 348 1265 σιἰόέ
379 1205 477 1285 έσμοί
506 1200 662 1278 πλείονες
688 1199 869 1282 μελιττῶν,
898 1205 955 1265 ἕνα
987 1203 1044 1264 καί
1071 1204 1131 1264 τόν
1159 1193 1260 1265 αὐτόν
1289 1206 1385 1283 νεμό-

129 1326 228 1386 μενοι
245 1301 403 1385 λειμῶνα,
426 1313 493 1368 τῶν
509 1305 614 1391 έργων
630 1301 858 1390 ἀμελήσαντες
874 1306 954 1387 περί
967 1311 1034 1366 τῶν
1050 1305 1168 1366 ἀνθῶν
1183 1311 1242 1390 τῆς
1261 1301 1385 1388 ἀρόσου

79 1417 107 1470 1⁰
130 1405 363 1493 διαφέρονται.
413 1409 470 1470 καί
496 1409 562 1492 μην
590 1402 708 1490 ἀγέλαι
735 1407 826 1487 βοῶν
853 1425 889 1468 τε
917 1407 973 1468 καί
995 1406 1114 1468 ίππων
1136 1407 1382 1488 ἀναμιχθεῖσαι
1395 1407 1433 1472 41

10 1522 114 1574 mnu)
129 1507 295 1585 πολλάκις
323 1509 505 1593 ἀθορύβως
534 1511 591 1572 καί
612 1502 733 1593 πρᾴως
756 1513 931 1589 νέμονται,
962 1509 1049 1570 ὥστε
1078 1508 1160 1588 μίαν
1189 1507 1226 1587 έξ
1254 1512 1384 1597 ἀμφοῖν

129 1609 250 1698 ἀγέλην
280 1611 447 1698 ἀρᾶσθαι·
484 1611 535 1674 έτι
565 1607 601 1674 ἀὲ
631 1608 775 1674 αἰπόλια
804 1613 860 1673 καί
888 1611 1033 1690 ποίμνια
1064 1613 1296 1692 συμμιχθέντα
1326 1616 1386 1678 έπί

128 1723 233 1801 νομῆς
255 1711 521 1801 όιημερεύσαντα
544 1711 671 1799 ρᾳἀίως
693 1715 749 1779 καί
770 1710 891 1797 πρᾴως
913 1715 980 1776 ὑπό
1010 1720 1077 1776 τῶν
1106 1719 1236 1795 νομέων
1263 1713 1384 1800 όιεκρί·

130 1818 255 1903 θησαν.
301 1818 486 1902 ἄνθρωποι
509 1814 545 1880 δέ
568 1818 790 1902 βοσκημάτων
812 1818 869 1879 καί
890 1816 1024 1901 θηρίων
1044 1817 1194 1903 χείρους,
1217 1821 1264 1894 ὡς
1286 1819 1384 1898 έοικε,

83 1929 111 1979 ιο
133 1921 175 1983 τά
200 1922 287 2006 πρὸς
310 1917 429 2006 φιλίαν
451 1922 509 1984 καί
529 1923 574 1983 τό
591 1924 764 1982 κοινωνεῖν
786 1915 954 2004 ἀλλήλοις.
993 1919 1014 1980 ἀ
1036 1920 1097 2003 γάρ
1120 1924 1139 2005 η
1165 1923 1268 2006 φύσις
1290 1923 1386 1986 έποί-

130 2041 210 2109 ησεν
240 2015 375 2098 εὐνοίας
403 2026 513 2102 ἕνεκα,
543 2031 648 2086 ταῦτα
676 2019 762 2086 ἰάεἴν
792 2023 884 2084 έστιν
914 2022 1042 2104 ἔχθρας
1068 2024 1125 2086 καί
1146 2023 1268 2101 μίσους
1292 2022 1385 2086 αἴτια

129 2129 318 2209 γιγνόμενα.
377 2117 495 2189 αὐτίκα
531 2131 549 2212 η
588 2127 705 2211 πρώτη
740 2125 796 2187 καί
824 2123 964 2208 μεγίστη
998 2120 1097 2208 φιλία
1130 2131 1264 2207 γονεῦσι
1299 2127 1387 2211 πρός

132 2226 262 2304 παῖδας
278 2225 306 2291 *.

660 2449 862 2459 -α-ι

243 2739 317 2818 (24)
349 2732 494 2816 ΠΡΟΣ
524 2732 784 2815 ΑΠΑΜΕΙΣ
810 2732 946 2816 ΠΕΡΙ
975 2732 1282 2816 ΟΜΟΝΟΙΑΣ.

708 2891 811 2902 --

209 3002 285 3074 Ὅτι
312 3013 373 3090 μέν
401 3013 512 3091 ὑμεῖς,
540 3008 567 3071 ὦ
590 3006 693 3096 βουλε)
724 3012 781 3073 καί
802 3018 868 3074 τῶν
891 3008 1002 3074 ἀλλων
1025 3013 1060 3073 σί
1082 3013 1249 3095 παρόντες
1272 3009 1306 3072 ol
1326 3027 1384 3089 με·
1410 3023 1424 3085 1

83 3119 113 3170 ιο
135 3115 335 3199 τριώτατοι,
366 3111 488 3197 πρᾴως
511 3115 598 3198 πρὸς
620 3113 678 3193 ἐμὲ
704 3115 761 3177 καί
784 3111 927 3200 φιλικῶς
955 3115 1061 3195 έχετε,
1091 3111 1177 3177 δοκῶ
1204 3133 1265 3194 μοι
1287 3119 1386 3174 τοῦτο

133 3217 337 3299 γιγνώσκειν.
386 3207 489 3291 αὐτός
511 3236 547 3278 τε
569 3216 631 3301 γάρ
654 3217 799 3296 ἐμαυτόν
823 3214 899 3280 οίάα
923 3220 1003 3302 περί
1031 3214 1162 3280 πολλοῦ
1181 3216 1387 3295 ποιούμενον

131 3320 191 3404 την
214 3309 299 3402 παρ’
324 3320 417 3399 ὑμῶν
439 3319 572 3381 εὔνοιαν
593 3319 650 3380 καί
663 3316 837 3404 μηόέποτε
858 3318 962 3404 μηόὲν
978 3321 1130 3384 ἰναντίον
1144 3320 1229 3405 μήτε
1244 3318 1386 3380 εἰπόντα

130 3423 214 3508 μήτε
230 3418 416 3506 πράξαντα,
437 3423 495 3484 καί
508 3422 604 3502 ὑμεῖς
619 3411 723 3496 εὐθύς
738 3422 796 3500 ἐμὲ
812 3423 1018 3507 ἀφικόμενον
1040 3423 1222 3508 ἐτιμήσατε
1239 3417 1386 3504 όημοσίᾴ

10 3547 118 3599 ιεοιιιι)
133 3524 334 3610 ψηφίσματι
349 3528 559 3606 πέμψαντες,
577 3519 797 3608 συνηδόμενοι
812 3531 872 3610 τῆς
882 3521 1035 3586 καθόόου
1046 3525 1104 3586 καί
1115 3518 1388 3607 παρακαλοῦντες

221 3725 233 3775 1
253 3715 323 3794 ἔθνη
339 3724 388 3778 καὶ
406 3721 468 3788 (hoe
480 3721 550 3790 ord.)
563 3719 676 3788 ΗΒΜΤ,
693 3724 924 3791 transposuerunt
940 3719 1065 3792 impressi
1117 3724 1133 3775 3
1150 3718 1204 3790 μὲν
1220 3733 1274 3777 οτι.
1286 3717 1337 3776 UT

133 3811 151 3860 4
169 3797 267 3873 αύτοῖς
283 3806 356 3877 libri,
374 3821 444 3863 corr.
463 3807 541 3879 Eup.
629 3813 644 3864 5
662 3810 711 3864 καί
728 3805 789 3864 add.
807 3805 888 3878 Emp.
986 3801 1141 3880 φρυγάνων
1158 3819 1210 3860 om.
1228 3803 1303 3862 UBT

133 3893 263 3965 πλησίων
278 3891 309 3948 Μ
360 3887 499 3951 θάλωῦ
546 3899 567 3952 ,7
586 3885 684 3960 αὐτοῖς
702 3892 774 3962 libri,
792 3907 861 3948 corr.
879 3891 959 3962 Emp.
1014 3889 1202 3966 ἐκτρέπονται
1219 3890 1250 3946 Μ
1302 3887 1389 3950 8τὸν

132 3977 227 4034 ασκΒ
297 3973 499 4049 νεμόμενοιΜ
578 3971 683 4036 9ἀνθ’
701 3967 744 4035 ὦν
760 3977 789 4033 Π
808 3971 963 4037 ἀνθέωνΒ
1035 3983 1066 4033 10
1082 3980 1165 4050 βοῶν
1182 3996 1214 4034 τε
1231 3975 1338 4047 scripsi,
1356 3995 1388 4034 τε

132 4065 216 4136 βοοῖν
232 4061 296 4119 libri
381 4057 578 4137 ἀναμιχύῆσαι
594 4063 625 4117 Μ
713 4069 744 4120 12
761 4059 798 4122 αί
810 4083 837 4122 τι
854 4079 904 4135 pro
922 4058 964 4122 ἔτι
982 4063 1011 4117 Μ
1117 4066 1146 4118 13
1164 4059 1388 4137 διημερεύσαντα

134 4145 272 4215 Remus,
289 4151 338 4207 καί
354 4143 552 4223 ἦμερεύοαντα
569 4149 632 4205 libri
685 4151 817 4221 νομαίων
833 4149 862 4206 Μ
917 4155 947 4205 15
967 4143 1002 4208 τά
1021 4164 1074 4205 om.
1092 4147 1123 4204 M
1183 4145 1218 4206 τὸ
1237 4163 1289 4204 om.
1308 4146 1339 4202 M

136 4238 167 4290 1⁰
186 4229 283 4293 ἕνεκεν
299 4234 356 4292 UM
372 4231 453 4294 ἕνεκα
470 4234 495 4290 Τ
579 4239 714 4306 μισοῦσαι
731 4237 774 4304 τίς
790 4235 820 4290 Μ
913 4251 979 4306 mrg.
998 4233 1061 4290 BT:
1081 4236 1146 4307 περὶ
1165 4225 1305 4304 ὁμονοίας
1323 4227 1390 4300 τοὺς

130 4313 268 4391 Ἀπαμεῖς
285 4325 449 4396 παρακαλεῖ
464 4319 540 4393 πρὸς
557 4321 626 4389 τοὺς
643 4321 793 4394 Προυσίας
872 4325 904 4378 2²
923 4314 996 4394 παρ’
1013 4315 1079 4392 ύμῖν
1090 4317 1203 4390 UBMT,
1220 4311 1293 4393 παρ’
1310 4321 1391 4390 υμῶν

134 4403 274 4475 λωρτετκὶς
291 4406 410 4463 fortune
426 4399 492 4478 ύμῖν
509 4405 561 4462 ruit
578 4411 641 4478 pont
658 4405 800 4474 ἐναντίον,
818 4407 890 4464 unde
906 4407 962 4464 hue
978 4407 1115 4465 uberavit
1212 4409 1245 4461 2³
1263 4406 1390 4482 όημοσίηι

135 4488 209 4546 UB'I'
278 4493 312 4547 24
331 4487 464 4565 ψήφισμα
481 4491 547 4550 Wss.
616 4499 679 4560 τοῖς
694 4507 745 4564 pro
763 4496 812 4565 τῆς
828 4494 859 4550 Μ
