3452 5264
562 364 812 425 commu
829 364 968 422 XXXVII.

4 703 78 810 μοι
90 760 122 810 ου
520 760 592 843 (20)
616 756 1012 840 ΚΟΡΙΝΘΙΑΚΟΣ.

215 1025 292 1096 Ὅτε
306 1035 346 1095 τό
362 1040 499 1116 πρῶτον
520 1031 718 1120 ἐπεδήμησα
739 1043 781 1120 τῇ
803 1030 904 1097 πόλει
925 1040 967 1119 τῇ
987 1035 1143 1117 ὑμετέρᾳ,
1165 1024 1229 1120 ἀφ’
1256 1029 1298 1094 ού
1311 1028 1389 1094 δέκα
1415 1035 1430 1095 1

138 1136 195 1221 ἐτη
214 1133 341 1215 σχεδόν,
363 1137 419 1198 καί
434 1142 500 1198 τῶν
517 1133 623 1219 λόγων
644 1133 817 1216 μετέδωκα
830 1134 878 1219 τῳ
902 1133 995 1222 δήμῳ
1018 1137 1075 1198 καί
1096 1139 1170 1210 τοῖς
1192 1131 1304 1196 τέλεσι
1318 1137 1392 1207 τοῖς

21 1255 78 1308 (ιω
91 1253 123 1304 Η)
137 1239 322 1321 ὑμετέροις,
337 1234 439 1314 ἐδοξα
453 1235 649 1324 ἐπιτήδειος
664 1235 752 1301 εἶναι
763 1231 827 1321 [ἐτι
842 1230 889 1322 δέ]
901 1240 979 1317 ὑμῖν
996 1239 1083 1300 οὑτω
1101 1234 1235 1322 σφόδρα
1252 1236 1298 1308 ὡς
1314 1229 1391 1297 οόδέ

133 1336 255 1423 Ἀρίων
268 1341 287 1400 ό
300 1337 541 1423 Μηθυμναῖος.
568 1329 722 1424 Ἀρίονος
733 1344 842 1422 μένγε
852 1342 961 1402 τύπον
978 1340 1036 1401 ούκ
1050 1337 1277 1423 ἐποιήσασθε.
1312 1338 1392 1398 όταν

103 1455 118 1504 ί
141 1440 177 1504 δέ
193 1444 277 1522 ὑμᾶς
292 1437 386 1523 λέγω,
409 1443 488 1516 τούς
504 1444 691 1525 προγόνους
707 1438 791 1524 λέγω
813 1443 893 1517 τούς
915 1443 1095 1526 ὑμετέρους
1109 1442 1165 1503 καί
1180 1433 1393 1523 Περίανδρον

137 1545 195 1606 τὸν
211 1538 372 1624 Κυψέλου
388 1544 446 1605 τόν
464 1546 582 1628 σοφόν,
605 1534 664 1628 ἐφ’
684 1540 726 1605 οὑ
734 1532 856 1627 Ἀρίων
872 1544 1013 1625 ἐγένετο,
1030 1534 1091 1626 [ὃς]
1106 1543 1162 1605 καί
1178 1539 1393 1622 διθύραμβον

138 1652 274 1730 πρῶτος
296 1644 493 1728 ἀνθρώπων
515 1646 659 1730 ἐποίησε
679 1647 736 1707 καλ
754 1647 911 1726 ὠνόμασε
925 1645 982 1707 καλ
997 1640 1150 1722 ἐδίδαξεν
1165 1647 1201 1706 έν
1216 1642 1390 1726 Κορίνθῳ.

137 1745 308 1834 θεοφιλης
328 1748 391 1826 μέν
412 1746 474 1830 γάρ
499 1748 605 1822 οὑτως
626 1742 666 1831 ἦν
695 1747 781 1809 ὥστε
810 1743 990 1810 ἀναπλέων
1020 1746 1170 1809 ἐνταῦθα
1198 1744 1283 1825 μετὰ
1310 1745 1433 1830 χρη-2

4 1863 123 1920 [mm
136 1853 253 1930 μάτων
274 1845 445 1932 μεγάλων,
476 1846 522 1910 ὥν
553 1849 665 1928 ἔτυχεν
693 1851 913 1932 είργασμένος
941 1849 1021 1932 περί
1046 1849 1202 1932 Τάραντα
1230 1848 1287 1910 καί
1314 1848 1393 1921 τούς

90 1964 119 2015 10
141 1955 248 2015 ἐκεῖσε
268 1942 444 2035 Ἕλληνας,
480 1947 611 2030 μέλλων
640 1952 689 2026 είς
717 1953 776 2036 την
805 1948 982 2012 θάλατταν
1010 1950 1078 2012 ὑπδ
1108 1955 1175 2011 τῶν
1204 1949 1393 2032 πορθμέων

137 2058 293 2117 ἐκπεσεῖν
315 2043 363 2115 δι’
390 2053 474 2114 αὑτά
490 2071 558 2114 που
574 2059 678 2114 ταῦτα
693 2053 734 2114 τά
747 2055 913 2138 χρήματα,
937 2053 1158 2138 παρῃτήσατο
1181 2052 1303 2125 αύτούς
1325 2053 1393 2135 πρδ

138 2165 198 2243 τῆς
213 2151 352 2240 ἐκβολῆς
367 2133 462 2236 ᾆσαι,
478 2155 594 2238 ὥσπερ
613 2155 699 2239 φασί
713 2155 792 2228 τοὺς
807 2156 944 2228 κύκνους
958 2149 1143 2233 μέλλοντας
1158 2150 1393 2236 ἀποθνῄσκειν

137 2258 194 2320 καλ
223 2259 484 2339 προορωμένους
513 2257 571 2317 τόν
602 2255 755 2317 θάνατον
784 2250 977 2337 ἐμβιβάζειν
1013 2257 1072 2340 την
1102 2256 1211 2340 ψυχὴν
1242 2254 1314 2316 οίον
1344 2255 1393 2329 είς

139 2360 246 2444 όχημα
269 2360 307 2420 τό
329 2354 440 2438 μέλος.
479 2359 573 2436 ὑμίν
596 2354 635 2444 δη
658 2338 735 2442 ᾖδε·
757 2360 814 2420 καί
835 2358 898 2443 γὰρ
913 2353 953 2442 ἦν
968 2357 1107 2442 νηνεμία
1128 2358 1185 2418 καλ
1208 2357 1283 2442 σιγὴ
1307 2355 1391 2418 κατά
1415 2357 1435 2420 3

91 2473 122 2524 16
143 2459 335 2524 θάλατταν·
358 2461 415 2523 καί
435 2462 473 2522 τό
495 2457 598 2539 μέλος
618 2451 772 2544 ᾔσθοντο
796 2457 961 2546 δελφῖνες,
985 2460 1234 2539 αίσθανόμενοι
1256 2455 1292 2520 δέ
1316 2458 1395 2540 περί

141 2571 221 2629 ναῦν
242 2559 338 2649 ἦσαν.
376 2567 596 2643 παυσαμένου
620 2561 656 2625 δέ
678 2571 741 2625 τοῦ
751 2554 904 2648 Ἀρίονος
924 2563 981 2625 καί
1002 2569 1070 2626 τῶν
1086 2562 1275 2646 πορθμέων
1298 2556 1395 2622 οόδέν

139 2662 290 2746 μαλακὸν
312 2662 523 2743 ἐνδιδόντων,
547 2667 567 2727 δ
586 2667 648 2746 μέν
670 2667 811 2750 ἔρριψεν
832 2659 987 2747 (ἐαυτὸν)
1011 2666 1061 2741 είς
1082 2665 1140 2726 τόν
1161 2666 1298 2740 πόντον,
1322 2659 1395 2726 δελ-

141 2771 201 2855 φίς
224 2757 257 2831 δ’
282 2763 445 2830 ὑπελθὼν
461 2765 634 2846 ἐξεκόμισε
656 2769 714 2830 τόν
737 2759 825 2850 ᾠδόν
848 2769 907 2829 ἐπὶ
924 2769 1093 2850 Ταίναρον
1115 2768 1162 2842 ὡς
1181 2764 1248 2845 εἶχε
1272 2767 1332 2827 σύν
1353 2772 1395 2849 τῇ

143 2877 251 2956 σκευῇ.
297 2863 419 2954 Ἀρίων
450 2872 511 2950 μὲν
541 2869 599 2932 οόν
627 2877 746 2932 τοῦτον
774 2871 834 2932 τδν
862 2873 991 2951 τρόπον
1022 2870 1151 2944 σωθείς
1172 2868 1228 2930 καλ
1251 2867 1395 2952 φθάσας

91 2983 123 3036 2⁰
143 2975 223 3047 τούς
252 2971 434 3055 πορθμέας
462 2973 498 3034 ἐν
527 2971 689 3056 Κορίνθῳ
713 2967 770 3056 ἦν,
800 2970 885 3033 αὑτά
915 2967 953 3057 δη
978 2977 1082 3033 ταῦτα
1106 2967 1325 3056 διηγούμενος
1346 2966 1393 3051 τῳ

140 3069 351 3156 Περιάνδρῳ.
388 3074 684 3154 ἐπικαταγομένων
701 3069 737 3135 δέ
760 3079 827 3134 τῶν
842 3072 1031 3156 πορθμέων
1046 3073 1102 3134 καί
1117 3078 1179 3134 τοῦ
1194 3073 1393 3156 πράγματος
1416 3077 1435 3135 4

141 3175 307 3254 ἀχθέντος
322 3176 371 3248 είς
386 3170 528 3256 ἔλεγχον,
546 3174 580 3234 οί
593 3175 654 3254 μέν
669 3174 900 3258 ἀπέθνησκον,
917 3162 1038 3258 Ἀρίων
1055 3170 1093 3236 δέ
1107 3170 1157 3249 (οὑ
1173 3172 1235 3255 γὰρ
1250 3171 1397 3256 Περίαν·

144 3274 232 3361 δρος,
256 3266 333 3337 ἀλλ’
356 3266 490 3359 Ἀρίων)
515 3277 748 3360 ποιησάμενος
762 3275 897 3361 μίμημα
910 3271 1053 3354 χαλκοῦν
1077 3275 1115 3336 οὑ
1131 3278 1216 3357 μέγα
1231 3275 1397 3359 ἀνέθηκεν

141 3380 202 3442 ἐπί
219 3380 399 3462 Ταινάρου,
416 3368 492 3461 [καί]
509 3377 609 3440 αὑτὸν
624 3379 684 3441 ἐπί
698 3385 760 3439 τοῦ
775 3379 946 3460 εὐεργέτου
961 3377 1166 3462 καθήμενον.
1266 3377 1396 3459 ἐγένετο

92 3492 122 3544 25
146 3477 181 3543 δέ
204 3481 272 3542 ὑπὸ
294 3482 353 3541 τὸν
376 3479 477 3541 αὑτὸν
499 3485 618 3540 τοῦτον
630 3481 750 3563 χρόνον
771 3480 828 3542 καί
841 3475 956 3541 Σόλων
977 3481 1039 3558 μὲν
1060 3481 1097 3541 ἐν
1119 3478 1293 3563 Κορίνθῳ,
1318 3479 1397 3563 φεύ·

141 3601 209 3664 γων
231 3583 291 3668 τήν
313 3581 566 3665 Πεισιστράτου
588 3577 784 3663 τυραννίδα,
816 3581 854 3641 οὑ
878 3582 1010 3665 φεύγων
1034 3577 1069 3642 δέ
1092 3583 1152 3666 την
1173 3576 1396 3662 Περιάνδρου.

240 3759 421 3835 Ῑπρδτερου
437 3760 468 3816 Μ
555 3755 775 3831 θῆμετίροιςΒ
862 3756 1005 3833 ἐπιτήδίος
1022 3760 1046 3817 U
1063 3776 1100 3816 m.
1117 3774 1159 3830 pr.
1227 3757 1268 3817 ἔτι
1286 3759 1316 3817 δέ
1333 3760 1398 3815 secl.

142 3850 216 3917 wit,
233 3846 499 3921 ἐτιμοίμηνθυαλίυε
567 3841 768 3921 λἰἷρείωνΒλλ
837 3846 1069 3918 μιθυμναίοςΠΒ
1138 3841 1331 3920 άρίωνοςΒΜ

142 3931 241 3992 τόπων
257 3935 287 3990 Μ
364 3925 547 4005 ὑδρείωνΒ
622 3927 656 3999 δς
672 3948 724 3989 om.
743 3932 773 3986 M
789 3949 824 3988 m.
843 3949 884 4002 pr.
966 3937 997 3988 10
1017 3923 1170 3989 θάλασσαν
1187 3931 1217 3986 Μ
1296 3934 1326 3985 11
1345 3949 1399 3988 πα·

144 4015 301 4094 ραιτὴοατο
319 4019 349 4074 Μ
420 4023 452 4074 13
470 4021 506 4090 τῇ
523 4021 600 4091 ψυχῇ
619 4015 709 4076 οίονεὶ
728 4013 822 4090 ὄχημα
839 4018 889 4075 ΠΒ
907 4017 962 4080 (λύε
980 4011 1045 4076 οἷον
1062 4017 1097 4083 εί)
1168 4021 1200 4072 ¹4
1212 4009 1288 4088 οιιγλγ
1301 4015 1331 4070 Μ

144 4111 176 4161 15
194 4104 229 4162 τὸ
247 4104 336 4178 μέρος
352 4103 384 4158 Μ
464 4102 570 4159 malim:
588 4107 654 4176 περὶ
671 4098 758 4175 (τὴν)
775 4107 846 4160 ναῦν
861 4101 950 4175 (ουν)
966 4106 1054 4174 §om
1071 4102 1123 4174 τὴν
1140 4102 1221 4157 etiam
1239 4100 1401 4156 nonomen

142 4191 206 4246 addi
217 4190 301 4245 voluit
362 4190 534 4262 ίθαρίωνος
544 4188 598 4244 ΒΜ
658 4186 871 4261 πορθμείωνλδ
935 4193 965 4243 17
979 4191 1089 4258 μᾶλλον
1101 4203 1153 4257 pro
1163 4182 1295 4256 μαλακὸν
1307 4186 1355 4242 UB

143 4272 248 4334 ἑαυτου
264 4273 355 4330 addidi
373 4275 448 4341 (item
460 4274 589 4342 Οοίιείοε)
661 4279 691 4330 18
704 4274 928 4346 ταίρανονῦιο.
945 4290 987 4344 pr.
1059 4278 1090 4328 19
1110 4267 1258 4347 α’ρείονΜ
1327 4275 1360 4328 20
1372 4273 1402 4331 δὲ

143 4376 194 4430 pro
211 4363 245 4430 δη
262 4359 292 4414 Μ
345 4362 377 4414 2³
396 4351 546 4432 άρείωνΜ
613 4357 764 4431 χαλκοῦῐλ
834 4363 867 4415 24
884 4361 933 4416 καί
951 4351 1040 4416 αὑτὸν
1059 4357 1112 4415 UM
1129 4361 1178 4416 καί
1197 4351 1287 4416 αὑτον
1303 4358 1336 4425 Β,
1353 4362 1403 4416 καί

143 4443 258 4500 seclusit
279 4442 359 4512 Emp.
464 4448 496 4499 26
517 4441 706 4520 αιοιοτράτου
727 4445 756 4500 Μ
861 4445 925 4500 huie
947 4444 1000 4514 μέν
1023 4444 1169 4514 respondet
1188 4436 1258 4502 ἄλλ’
1277 4435 1357 4515 ὅμως
1373 4462 1400 4517 p.

149 4533 189 4594 18,
201 4533 231 4583 Π
301 4521 336 4586 οὖ
354 4558 388 4570 -
405 4526 579 4602 μυριάνδρου
596 4546 647 4587 om.
667 4530 697 4586 Μ

196 4621 254 4666 D10.
267 4619 300 4664 II.
1179 4617 1194 4669 2
