3526 5264
336 359 397 420 182
743 361 868 418 DIONIS
885 361 938 418 DE
955 360 1186 419 Pfflhosofflo

334 539 393 600 τόν
414 529 473 620 [γε]
495 545 555 622 τῆς
577 534 694 612 ἐλαίας
715 533 856 614 θαλλόν,
879 538 911 598 εἰ
931 538 976 623 μῆ
1000 545 1195 622 τεκτονικῆς
1217 539 1417 622 ἐπιστήμων
1439 532 1498 621 Im
1519 545 1596 612 πῶς

336 631 371 701 δ’
397 640 437 700 ἀν
461 634 641 721 περιέβαλε
664 639 722 700 τόν
745 635 922 718 θάλαμον,
951 639 1049 725 εἰμὴ
1072 641 1129 702 καί
1159 635 1383 724 οἰκοδομῆσαι
1405 641 1596 722 ῆπίστατο,·

338 747 413 816 πῶς
436 733 469 802 δ’
494 742 535 802 ἀν
558 742 738 824 εἰργάσατο
761 743 821 826 τῆν
845 737 981 820 σχεδίαν
997 742 1056 802 ούκ
1078 743 1125 803 ῶν
1142 741 1306 824 ἔμπειρος
1321 743 1512 826 ναυπηγίας
1519 764 1531 819 ;
1554 742 1595 803 τά

337 841 373 906 δὲ
397 845 477 927 περί
500 843 641 928 φυτείαν
662 844 719 904 καί
741 844 904 925 γεωργίαν
927 844 1032 919 εύθύς
1054 845 1091 905 ἐκ
1112 841 1248 906 παίδων
1270 840 1493 918 ἐσπουδακὼς
1516 846 1596 929 φαί-

335 967 428 1008 νεται
457 945 551 1028 παρά
578 951 641 1006 τοῦ
668 948 798 1029 πατρὸς
827 942 947 1030 δένδρα
977 949 1082 1007 αἰτῶν
1109 947 1167 1008 καί
1195 942 1386 1025 ἀμπέλους·
1417 942 1528 1021 ἄλλως
1554 957 1629 1008 τεῦ

334 1049 390 1112 καί
411 1055 474 1109 τοῦ
495 1050 625 1131 πατρὸς
653 1054 802 1131 γεωργοῦ
830 1050 927 1123 όντος
958 1050 1047 1110 πάνυ
1075 1044 1260 1128 ἐπιμελοῦς
1287 1067 1324 1109 τε
1352 1049 1409 1109 καί
1430 1049 1595 1130 ἐμπείρου

334 1151 424 1224 εἰκός
450 1145 491 1234 ἦν
520 1149 620 1210 αύτδν
649 1156 754 1212 ταῦτα
781 1152 826 1236 μῆ
851 1150 999 1231 ἀγνοεῖν,
1028 1152 1117 1212 όπου
1149 1167 1185 1232 γε
1214 1150 1271 1211 καί
1293 1146 1516 1234 προκαλεῖται
1537 1153 1595 1212 τόν

335 1251 529 1333 Εὐρύμαχον
550 1252 607 1312 καί
628 1251 759 1337 ἀμῆσαι
779 1253 836 1314 καί
858 1253 992 1335 ἀρόσαι.
1044 1247 1129 1313 ἀλλά
1154 1267 1241 1337 φησι
1261 1252 1318 1313 καί
1341 1257 1408 1314 τῶν
1430 1254 1594 1314 τοιούτων

336 1354 499 1436 ἐμπειρος
520 1352 619 1431 εἶναι,
641 1361 837 1440 μαγειρικῆς
860 1374 896 1416 τε
919 1355 976 1416 καί
999 1355 1170 1434 οἰνοχοΐας
1184 1353 1241 1416 καί
1263 1361 1323 1439 τῆς
1338 1350 1442 1438 άλλῆς
1458 1355 1595 1439 άπάσῆς

295 1456 315 1516 5
337 1451 519 1533 διακονίας,
543 1457 565 1517 ά
584 1472 671 1541 φησι
684 1457 765 1531 τούς
776 1457 933 1539 χείρονας
947 1461 1021 1532 τοῖς
1035 1456 1184 1538 ἀγαθοῖς
1200 1452 1448 1518 διακονεῖσθαι.
1485 1464 1590 1519 ταῦτα
1615 1468 1643 1519 10

333 1559 396 1637 μὲν
418 1557 476 1620 οόν
506 1556 591 1633 ἴσως
608 1548 745 1633 Ἱππίας
772 1560 829 1620 καί
853 1547 1033 1632 Ὀδυσσεύς
1061 1554 1161 1620 δεινὼ
1190 1559 1311 1642 ῆστην·
1342 1559 1407 1640 ἐγὼ
1436 1555 1476 1621 δέ
1506 1579 1595 1644 φημι

335 1663 393 1722 τόν
423 1657 616 1746 φιλόσοφον
644 1660 706 1734 τάς
726 1662 788 1740 μὲν
816 1664 934 1740 τέχνας
966 1659 1023 1740 ούχ
1047 1659 1120 1723 οίόν
1149 1679 1186 1722 τε
1209 1657 1298 1722 εἶναι
1330 1662 1445 1736 πάσας
1466 1658 1595 1725 εἰδέναι

334 1759 495 1842 (χαλεπόν
516 1763 578 1846 γάρ
600 1763 657 1824 καί
670 1762 752 1842 μίαν
768 1762 915 1846 ἀκριβῶς
929 1761 1157 1846 ἐργάσασθαι)
1180 1769 1326 1848 ποιῆσαι
1342 1754 1375 1824 δ’
1401 1764 1442 1825 ἀν
1458 1765 1594 1826 ἅπαντα
1605 1778 1722 1828 (mm
1743 1747 1746 1760 “

335 1861 468 1945 βέλτιον
490 1867 555 1940 ό,τι
577 1865 618 1926 άν
646 1866 726 1947 τύχῃ
750 1870 861 1926 ποιῶν
883 1870 951 1926 τῶν
974 1861 1086 1926 ἀλλων
1115 1863 1329 1948 ἀνθρώπων,
1361 1867 1418 1928 καί
1444 1865 1487 1927 τά
1508 1867 1594 1927 κατὰ

335 1966 397 2040 τάς
417 1969 552 2044 τέχνας,
574 1967 616 2027 ἀν
638 1967 704 2049 ἀρα
728 1967 929 2051 ἀναγκασθῇ
952 1985 1038 2029 ποτε
1061 1967 1228 2048 ἅψασθαι
1249 1970 1407 2029 τοιούτου
1430 1971 1532 2045 τινός,
1557 1970 1595 2030 ού
1618 1978 1647 2033 11

334 2068 420 2129 κατά
442 2069 503 2152 τῆν
524 2073 640 2153 τέχνην
657 2065 864 2154 διαφέροντα
879 2099 922 2112 -
936 2075 1036 2131 τοῦτο
1051 2069 1115 2153 γάρ
1132 2069 1190 2148 οὐχ
1206 2067 1279 2130 οίόν
1294 2089 1341 2146 τι,
1363 2076 1426 2131 τοῦ
1438 2074 1651 2146 τέκτονος(
1665 2087 1697 2137 111

334 2171 393 2232 τόν
408 2165 548 2255 ἰδιώτην
564 2171 702 2251 ἀμιινον
718 2173 865 2258 ποιῆσαί
878 2193 913 2234 τι
927 2173 1012 2234 κατά
1034 2174 1095 2257 τῆν
1117 2174 1307 2258 τεκτονικῆν
1331 2173 1349 2258 ῆ
1366 2179 1429 2234 τοῦ
1443 2181 1594 2258 γεωργοῦ

335 2273 394 2335 τόν
417 2274 475 2335 ούκ
497 2275 578 2335 όντα
599 2275 764 2358 γεωργίας
784 2277 949 2358 ἔμπειρον
973 2275 1009 2336 ἐν
1038 2271 1085 2357 τῴ
1109 2279 1224 2336 ποιεῖν
1253 2295 1287 2336 τι
1315 2281 1383 2336 τῶν
1404 2283 1593 2360 γεωργικῶν

296 2371 316 2435 δ
338 2376 579 2460 ἐμπειρότερον
610 2385 759 2462 φανῆναι
786 2409 827 2422 -
854 2384 924 2439 ποῦ
945 2367 979 2439 δ’
1005 2377 1046 2439 ἀν
1069 2373 1253 2462 διαφέροι,·
1279 2373 1327 2458 τῷ
1351 2380 1593 2464 συμφερόντως

337 2483 451 2541 ποιεῖν
465 2480 485 2563 ῆ
500 2480 545 2564 μῆ
563 2483 678 2540 ποιεῖν
693 2480 749 2540 καί
764 2481 819 2541 ὅτε
835 2476 893 2541 δεῖ
901 2481 958 2541 καί
973 2481 1061 2541 όπου
1083 2478 1140 2541 καί
1162 2480 1220 2541 τόν
1243 2480 1361 2564 καιρόν
1383 2486 1509 2562 γνῶναι
1529 2487 1592 2542 τοῦ
1612 2493 1641 2545 2]

338 2576 544 2665 δημιουργοῦ
563 2578 691 2661 μάλλον
712 2582 769 2643 καί
789 2583 828 2643 τό
853 2577 1003 2644 δυνατόν.
1042 2581 1160 2643 αύτίκα
1177 2582 1216 2642 ού
1239 2578 1335 2644 δοκεῖ
1344 2601 1406 2662 μοι
1418 2578 1593 2657 Δαίδαλος

335 2678 446 2757 καλῶς
460 2682 645 2763 εἰργάσθαι
659 2684 696 2745 ἐν
710 2683 826 2768 Κρήτῃ
842 2685 901 2745 τόν
916 2683 1153 2766 Λαβύρινθον,
1178 2681 1220 2746 ού
1233 2684 1463 2768 εἰσερχόμενοι
1477 2679 1592 2746 ἀπώλ-

337 2781 435 2847 λυντο
457 2784 492 2846 οἰ
515 2781 656 2848 πολῖται
677 2785 782 2847 αἰτοῦ
801 2787 858 2848 καί
882 2786 920 2847 αἰ
942 2783 1133 2861 πολίτιδες·
1163 2787 1201 2848 ού
1229 2787 1291 2870 γάρ
1321 2783 1461 2862 δικαίως
1483 2789 1593 2871 εἰργά-

337 2904 430 2950 σατο.
482 2889 708 2971 συμπράττων
735 2879 787 2970 (δ’
819 2882 880 2970 αδ)
906 2896 948 2974 τῆ
977 2891 1066 2971 νόσῳ
1096 2897 1156 2974 τῆς
1177 2890 1367 2975 Πασιφάης
1396 2889 1455 2952 οῦκ
1477 2889 1593 2973 ὀρθῶς

335 2991 532 3073 εἰργάσατο·
555 2990 594 3051 ού
616 2991 679 3073 γάρ
706 2996 888 3076 συνέφερεν
909 2987 988 3054 ούδί
1010 2987 1050 3076 ἦν
1073 2987 1204 3054 δίκαιον
1227 2987 1304 3053 ούδέ
1326 2987 1428 3054 καλὸν
1449 2997 1590 3054 τοιαῦτα
1613 3009 1643 3062 25

337 3093 567 3176 συμπράττειν
589 3088 666 3154 ούδέ
694 3095 845 3178 μηχανάς
874 3095 1039 3176 εύρίσκειν
1066 3095 1127 3157 ἐπί
1153 3095 1195 3155 τά
1223 3095 1345 3178 αἰσχρά
1375 3096 1432 3158 καί
1460 3095 1591 3156 ἀνόσια.

336 3189 413 3255 οὐδὲ
435 3195 482 3268 ὡς
503 3195 562 3255 τόν
573 3183 701 3279 Ἴκαρον
723 3196 927 3278 ἐπτέρωσεν,
950 3196 982 3257 εἰ
1001 3196 1062 3282 χρῆ
1089 3198 1263 3259 πιστεύειν
1277 3195 1325 3278 τῷ
1347 3197 1461 3280 μύθῳ,
1482 3195 1593 3272 καλῶς

421 3458 507 3520 1τάν
524 3481 556 3520 τε
573 3462 604 3518 Μ
705 3483 739 3537 γε
762 3462 813 3522 del.
830 3464 958 3522 Reiskius
1062 3410 1250 3540 ίπεριέβαλε
1272 3465 1295 3520 P
1320 3465 1510 3540 περιεβάλετο
1529 3469 1593 3532 (σοι.

333 3543 397 3614 τὸν)
414 3546 441 3601 II
526 3551 541 3602 ³
559 3541 673 3622 άμπέχο
691 3565 761 3604 corr.
779 3551 806 3605 in
824 3547 961 3626 ἔμπειρος
978 3552 999 3606 Ρ
1087 3557 1103 3607 1
1121 3554 1282 3625 γεωργείαν
1299 3552 1329 3607 Μ
1416 3560 1431 3609 ῦ
1450 3554 1540 3612 αἰτιύν
1557 3554 1593 3609 σί.

333 3631 413 3690 Hom.
432 3632 481 3689 011
499 3633 591 3690 XXIV
609 3638 658 3690 ³37
722 3640 954 3710 ῦγεωργοῦντος
971 3635 1051 3694 ΜΡΗ
1126 3643 1193 3710 ’ίγε
1210 3639 1259 3694 καί
1277 3635 1327 3692 ΡΗ
1344 3659 1378 3710 γε
1396 3637 1445 3694 UB
1462 3659 1495 3698 τε
1512 3639 1542 3694 Μ

335 3723 544 3792 προσκαλεῖται
561 3720 582 3775 Ρ
601 3719 638 3777 ef.
657 3719 707 3777 Οδ.
724 3721 817 3777 XVIII
834 3726 885 3778 3611
893 3739 934 3792 sq.
1040 3728 1055 3779 8
1074 3723 1109 3778 σί.
1128 3722 1179 3780 Οδ.
1197 3723 1250 3779 XV
1267 3726 1313 3778 321
1328 3739 1368 3794 ιο.
1457 3729 1489 3779 10
1507 3726 1593 3796 φήσει

333 3803 414 3861 unu
509 3809 540 3861 12
559 3803 716 3864 σίονταιΜ
819 3804 937 3880 τάςρεο
960 3803 1072 3866 sluaa?
1178 3813 1208 3863 13
1226 3804 1263 3866 άν
1281 3824 1332 3864 om.
1351 3808 1401 3863 PII
1507 3805 1592 3864 11τά

334 3905 388 3946 om.
405 3889 484 3945 ΜΡΗ
572 3897 602 3947 15
621 3886 673 3959 τάς
690 3908 742 3947 om.
759 3892 786 3948 II
888 3889 926 3952 άν
942 3887 971 3951 δ’
989 3889 1049 3966 ἀρα
1066 3893 1147 3951 UBII
1247 3889 1383 3950 τοιοῦτόν
1399 3910 1478 3957 τινος
1495 3891 1525 3946 Μ

1172 3981 1188 4018 ο

336 4028 368 4079 16
386 4023 438 4096 τὴν
455 4025 549 4082 omn
651 4024 847 4101 διαφερόντως
863 4029 889 4086 U
907 4045 943 4084 m.
966 4044 1007 4100 pr.
1030 3981 1244 4102 όιαφίρονιάΡ
1348 4025 1460 4085 α’ίονται
1478 4025 1507 4080 Μ

336 4115 368 4166 19
385 4109 420 4168 ιδ
441 4108 647 4184 συμφερόντως
663 4112 691 4168 II
793 4111 875 4187 ίῦόῆ
899 4129 950 4184 pro
973 4117 1018 4172 όιϊ
1036 4111 1115 4170 Um.
1133 4129 1174 4183 pr.
1194 4113 1249 4169 ΒΜ
1351 4115 1594 4183 21όαίδαλοςίαι

335 4197 496 4264 τουτωί]
600 4195 894 4256 11άιιάίἰυντοΜΠ
910 4215 945 4254 ιιι.
962 4214 1004 4268 pr.
1108 4201 1140 4252 2³
1164 4191 1314 4273 ἠργάσατο
1340 4199 1370 4254 Μ
1474 4205 1507 4256 11
1525 4221 1594 4272 συμ-

335 4277 524 4354 πράττων-
544 4278 644 4357 ὀρθῶς
661 4281 817 4357 εἰργάσατο
839 4299 892 4340 σοι.
911 4283 960 4339 PII
976 4284 1075 4355 (suppl.
1098 4299 1116 4338 ε
1141 4289 1305 4352 conectere)
1415 4293 1480 4357 pont
1497 4283 1593 4362 εἰργά-

335 4385 408 4424 σατο
425 4367 543 4436 mter
558 4369 717 4439 Intemnxi
820 4361 862 4438 (δ’
881 4359 1052 4439 αύ>1οιεεοῖ
1173 4366 1249 4442 νῆσῳ
1267 4369 1296 4423 Μ
1409 4364 1463 4430 ούκ
1480 4373 1510 4427 Μ
1528 4367 1595 4431 ούδέ

334 4451 418 4506 ceteri
519 4459 551 4508 11
574 4451 740 4527 είκαρανΜ
841 4443 1036 4526 οιαίίιιῆριο
1054 4447 1095 4521 ὡς
1196 4455 1329 4512 fortasse:
1351 4462 1448 4525 καλῶς
1466 4453 1594 4530 <αύτὸν>

334 4535 460 4612 ἐξευρεῖν
