3466 5268
320 249 361 310 56
551 248 743 305 1110118111]
762 247 973 305 conconnm
990 246 1066 304 CUM
1084 246 1343 307 APAMENSIBVS

320 425 481 508 ὁμονοίας
511 420 686 508 σῴζεσθαι
721 420 830 509 φιλεῖ,
863 427 905 486 τά
934 444 971 486 τε
1001 424 1198 508 ἰσχυρότερα
1233 424 1289 485 καί
1317 417 1419 502 μείζω
1446 425 1504 486 καί
1533 425 1721 492 τὰαιτιτια

319 525 449 590 έλάττω
473 525 511 613 δη
538 525 708 589 δοκοῦντα.
760 528 884 611 ταύτης
913 523 948 588 δέ
978 532 1037 610 τῆς
1065 526 1243 600 κοινωνίας
1272 521 1495 610 διαλυθείσης
1519 528 1579 589 καί

322 633 474 706 στάσεως
496 633 736 714 ἐπιγενομένης
752 629 810 708 οὑχ
827 629 934 703 οὑτως
949 623 1148 710 ἀνώλεθρος
1163 619 1241 692 οὐδέ
1258 627 1441 714 ἄφθαρτος
1464 619 1578 692 αὑτῶν

320 737 340 818 η
366 734 484 820 φύσις,
516 734 602 794 ὥστε
624 734 668 818 μη
694 731 907 818 ταραχθῆναι
929 732 1066 816 κοίτην
1089 731 1258 815 ἀμήχανόν
1280 749 1317 791 τε
1337 731 1393 792 καί
1416 731 1577 808 άπιστον,

269 837 308 901 37
323 835 369 910 ὥς
393 851 514 921 φασιν,
543 837 727 914 ὑπομεῖναι
757 833 895 920 φθοράν
917 835 953 895 ἐκ
975 841 1037 895 τοῦ
1057 834 1153 908 όντος
1176 833 1226 908 είς
1248 834 1286 894 τό
1309 835 1353 918 μη
1378 834 1424 895 όν.
1468 837 1488 918 η
1512 835 1576 914 μέν
1598 843 1721 898 511971

319 935 382 1018 γάρ
413 932 570 1020 λεγομένη
599 937 693 1020 παρὰ
721 941 795 1010 τοῖς
825 941 950 1022 σοφοῖς
979 937 1202 1020 ἐπικράτησις
1230 935 1387 1019 αἰθέρος,
1416 937 1452 996 έν
1483 925 1511 1018 ᾦ
1536 938 1577 998 τδ

319 1035 499 1120 βασιλεῦον
520 1040 577 1103 καί
599 1041 637 1100 τό
659 1040 867 1119 κυριώτατον
889 1045 949 1124 τῆς
974 1045 1116 1123 ψυχικῆς
1145 1033 1317 1118 δυνάμεως
1346 1037 1383 1098 δν
1407 1026 1465 1099 οὑκ
1488 1037 1577 1100 ἀπο·

320 1144 505 1224 τρέπονται
528 1147 596 1225 πῦρ
620 1135 796 1222 ὀνομάζειν
819 1137 1001 1218 πολλάκις,
1030 1141 1095 1224 όρῳ
1120 1159 1156 1201 τε
1178 1139 1234 1201 καί
1255 1135 1377 1223 πρᾴως
1398 1145 1576 1226 γιγνομένη

320 1243 355 1306 έν
388 1259 458 1306 τισι
488 1245 625 1327 χρόνοις
658 1248 890 1326 τεταγμένοις,
922 1244 1007 1324 μετά
1038 1244 1152 1327 πάσης
1181 1237 1299 1327 φιλίας
1326 1241 1384 1303 καί
1413 1242 1578 1320 ὁμονοίας

318 1345 407 1408 έοικε
431 1345 636 1426 συμβαίνειν.
680 1351 700 1432 η
725 1343 761 1408 δέ
784 1353 850 1408 τῶν
873 1342 984 1408 ἀλλων
1007 1341 1186 1421 πλεονεξία
1207 1345 1263 1408 καί
1286 1339 1437 1428 διαφορά
1461 1363 1573 1428 παρα·
1598 1355 1627 1405 1ο

319 1449 431 1528 νόμως
459 1453 635 1534 γιγνομένη
668 1451 726 1511 τόν
757 1450 898 1528 ἔσχατον
927 1450 996 1529 ἔχει
1027 1444 1180 1510 κίνδυνον
1209 1443 1371 1529 ὀλέθρου,
1401 1448 1481 1531 περὶ
1508 1453 1578 1510 τῶν

319 1546 406 1612 ύλων
429 1551 555 1614 ούποτε
577 1553 737 1631 ἐσόμενον
761 1548 881 1614 διὰτὸ
910 1558 1026 1613 πᾶσαν
1056 1552 1189 1635 είρηνην
1217 1550 1274 1612 καὶ
1301 1545 1517 1632 δικαιοσύνην
1541 1551 1578 1612 έν

321 1656 436 1727 αὑτοῖς
458 1653 621 1736 ὑπάρχειν
643 1656 701 1716 καί
724 1661 899 1734 πανταχοῦ
913 1656 1024 1716 πάντα
1044 1648 1214 1715 δουλεύειν
1235 1652 1292 1714 καί
1314 1647 1578 1727 ξυνακολουθεῖν

270 1753 310 1819 38
323 1755 507 1838 εὐγνώμονι
536 1759 628 1838 νόμῳ
658 1756 852 1837 πειθόμενα
879 1758 936 1819 καὶ
964 1754 1106 1819 εἴκοντα.
1162 1755 1220 1834 ούχ
1256 1755 1355 1837 όράτε
1387 1759 1486 1815 τοῦτο
1514 1756 1578 1834 μέν

319 1853 416 1941 ἥλιον
439 1858 531 1920 νυκτὶ
558 1858 811 1938 μεθιστάμενον
838 1859 896 1920 καί
924 1861 1113 1941 παρέχοντα
1144 1851 1318 1918 ἀνατεῖλαι
1347 1860 1420 1931 τοῖς
1446 1855 1574 1941 άφανε-
1597 1868 1627 1920 15

321 1964 454 2045 στέρύις
476 1961 626 2044 ἄστροις,
649 1967 749 2023 τοῦτο
773 1958 809 2022 δέ
834 1956 974 2045 σελήνην
990 1961 1098 2022 ἐῶντα
1113 1955 1338 2040 καταλάμψαι
1359 1959 1420 2044 την
1436 1959 1577 2020 άπασαν

319 2070 379 2148 γῆν
401 2064 436 2124 ἐν
458 2063 581 2148 ἐρημίη
603 2069 665 2125 τοῦ
678 2063 868 2144 κρείττονος
885 2065 1019 2149 φωτός,·
1041 2069 1140 2124 τοῦτο
1158 2058 1193 2124 δέ
1209 2062 1318 2146 ἀστρα
1333 2061 1576 2144 ὑποχωροῦντα

319 2159 402 2248 ηλίῳ
437 2166 494 2228 καί
525 2161 629 2249 μηδὲν
662 2166 829 2249 ηγούμενα
864 2167 1008 2244 πάσχειν
1041 2161 1126 2248 μηδέ
1163 2159 1385 2225 ἀπόλλυσθαι
1425 2160 1481 2227 διά
1516 2165 1577 2249 τὴν

318 2266 445 2330 ἐκείνου
476 2261 550 2351 [τοῦ
583 2261 681 2350 θεοῦ]
714 2265 874 2348 δόναμιν,·
903 2274 1002 2330 τοῦτο
1033 2263 1068 2329 δέ
1099 2265 1142 2327 αδ
1169 2267 1227 2328 τόν
1250 2262 1345 2351 ἥλιον
1368 2267 1449 2349 περί
1469 2270 1577 2350 μέσην

318 2371 426 2432 ένίοτε
455 2373 582 2455 ημέραν
604 2371 889 2451 ἐπισκοτούμενον
917 2366 1057 2454 σεληνης
1079 2364 1360 2454 ὑποδραμούσης,
1388 2358 1471 2453 ᾖτδ
1496 2375 1572 2453 φῶς
1594 2379 1624 2430 κθ

320 2471 421 2545 αὑτός
452 2467 590 2548 δίδωσι,
621 2468 787 2547 πολλάκις
815 2491 852 2554 γε
882 2473 948 2558 μην
975 2473 1044 2534 ὑπὸ
1075 2477 1143 2533 τῶν
1172 2471 1434 2534 ἀσθενεστάτων
1462 2477 1576 2556 νεφῶν

319 2571 621 2656 ἀποκρυπτόμενον
643 2575 664 2658 η
687 2593 779 2648 τινος
794 2575 917 2658 ἀραιᾶς
940 2570 1078 2659 όμίχλης
1101 2575 1232 2659 περίτι
1256 2570 1375 2652 λίμνας
1389 2575 1445 2636 καί
1468 2593 1574 2635 ποτα·
1589 2587 1711 2639 (1181111)

317 2676 404 2753 μοὺς
427 2675 623 2760 ἱσταμένης,
654 2677 700 2751 ὡς
722 2666 805 2737 ἔσθ’
829 2679 885 2739 ότε
906 2678 967 2756 μέν
990 2674 1170 2759 εἴργεσθαι
1191 2671 1382 2754 παντελῶς,
1406 2677 1513 2739 ἐνίοτε
1536 2672 1573 2738 δὲ

269 2774 309 2840 39
322 2773 448 2863 ἀδρανῆ
471 2781 531 2864 την
553 2779 670 2842 ἀκτῖνα
691 2780 748 2841 καί
771 2775 895 2866 λεπτην
919 2776 1143 2859 διαπέμπειν·
1166 2786 1266 2841 τοῦτο
1291 2775 1327 2841 δέ
1350 2784 1417 2840 τῶν
1440 2774 1574 2840 πλανω-

319 2882 429 2958 μένων
453 2881 604 2966 ἀστέρων
626 2883 686 2967 την
709 2883 885 2944 ἄπαυστον
898 2881 1045 2965 χορείαν,
1069 2877 1276 2966 άμηόέποτε
1292 2877 1451 2966 ἀλληλοις
1465 2882 1571 2961 έμπα-
1593 2891 1623 2943 25

319 2978 386 3045 δὼν
410 2983 565 3060 ίσταταις
594 2986 681 3069 πρός
710 2981 746 3047 δέ
778 2983 821 3046 αὑ
842 2993 881 3070 γη
904 2987 965 3064 μέν
988 2987 1047 3070 την
1075 2987 1258 3046 κατωτάτω
1284 2986 1398 3068 χώραν
1427 2979 1574 3062 λαχοῦσα

317 3085 498 3164 ὑπομένει,
528 3086 688 3171 καθάπερ
718 3089 803 3170 ἐρμα
835 3088 935 3164 νεώς,
964 3082 1055 3170 ὑόωρ
1086 3083 1122 3148 δέ
1153 3087 1232 3170 περί
1260 3088 1363 3170 ταύτῃ
1385 3089 1574 3166 κεχυμένον,

321 3187 474 3272 ύπερθεν
498 3184 533 3250 δέ
557 3190 686 3274 ἀμφοῖν
709 3191 773 3275 ἀηρ
794 3185 945 3269 μαλακός
973 3209 1009 3252 τε
1031 3190 1088 3252 καί
1110 3189 1271 3266 εύπνους,
1304 3190 1322 3250 ό
1351 3185 1387 3252 δέ
1411 3189 1573 3252 ἀνωτάτω

318 3290 376 3351 καί
413 3285 590 3369 ξύμπαντα
624 3293 708 3370 έχων
742 3292 849 3377 αίθηρ
883 3293 991 3377 πυρὸς
1030 3291 1130 3355 θείου
1163 3288 1269 3373 κύκλῳ
1304 3287 1575 3376 περιδραμόντος

319 3391 453 3467 αὑτοῑς;
485 3393 541 3454 καί
579 3399 683 3455 ταῦτα
717 3399 796 3473 μέν,
833 3395 940 3470 οὑτως
975 3395 1094 3478 ἰσχυρά
1126 3395 1183 3456 καί
1210 3389 1354 3475 μεγάλα,
1390 3395 1450 3478 την
1482 3394 1571 3474 πρός
1592 3403 1622 3456 θα

321 3488 449 3578 ἄλληλα
477 3495 656 3558 κοινωνίαν
686 3496 839 3576 ἀνέχεται
860 3498 918 3560 καί
946 3493 1098 3560 διατελεῖ
1113 3498 1216 3580 χωρίς
1238 3496 1381 3582 ἔχθρας·
1410 3495 1512 3580 μικρά
1537 3491 1573 3557 δέ

1029 3661 1137 3668 —-—-—-

403 3745 418 3798 2
437 3742 468 3816 όη“
487 3745 578 3817 Εαιμ,
596 3745 626 3804 όέ
642 3746 705 3802 libri
773 3750 863 3805 ταῦτα
881 3747 904 3802 B
924 3737 1028 3820 ταύτης
1045 3751 1086 3820 (ης
1103 3761 1122 3803 ε
1138 3751 1218 3813 τοτε.)
1236 3746 1261 3804 U
1330 3752 1346 3804 6
1364 3745 1399 3808 εδ
1419 3754 1576 3822 βασιλεῦον

316 3827 423 3898 scripsi,
441 3827 476 3886 τὸ
494 3835 645 3905 βασίλειον
661 3831 723 3888 libri
810 3838 824 3887 7
844 3835 893 3905 τῆς
912 3837 1003 3905 ψυχῆς
1020 3829 1166 3902 δυνάμεως
1182 3831 1232 3891 UT
1250 3838 1300 3905 τῆς
1318 3839 1409 3908 ψυχῆς
1424 3838 1475 3893 καί
1491 3829 1575 3893 δυνό-

316 3931 394 3981 μεως
411 3913 440 3967 Μ
508 3918 628 3975 fortune
646 3911 664 3976 δ
682 3915 734 3978 οὑκ
751 3934 802 3990 pro
821 3913 857 3977 δν
874 3913 929 3977 οὑκ
945 3918 1117 3975 εσιίὑεαὺαια
1133 3920 1177 3974 est
1261 3920 1447 3994 ὑγιγνομένη
1463 3919 1575 3989 Maka,

317 3993 491 4072 γιγνόμενον
507 4003 569 4059 libri
641 4009 669 4060 11
690 4004 825 4077 γινομένη
841 4003 897 4062 UM
975 4007 1005 4058 :2
1022 3998 1165 4073 ἐσόμενον
1181 4003 1287 4074 εατῑμεὶ,
1304 4003 1446 4075 ἐσομένου
1462 4003 1524 4061 ίῖοεί

323 4089 355 4138 14
372 4082 538 4157 πειθόμεθα
556 4089 580 4144 Β
686 4093 717 4145 ιθ
734 4091 823 4148 τοῦτο
843 4089 873 4148 δὲ
889 4089 942 4145 hoc
959 4087 1021 4144 loco
1037 4087 1168 4159 ineptum,
1186 4104 1236 4159 pro
1254 4105 1308 4159 quo
1325 4093 1374 4147 καί
1391 4089 1575 4160 reponendum

317 4173 360 4225 ταί
433 4175 464 4228 18
481 4165 663 4233 ἀπόλλυσθαι
682 4179 839 4246 suspectum
928 4177 959 4229 19
977 4177 1030 4232 τοῦ
1047 4178 1119 4232 θεοῦ
1136 4175 1235 4232 seclusi
1319 4166 1356 4233 αὑ
1373 4172 1427 4234 τὸν
1444 4175 1468 4230 Β
1486 4171 1577 4235 αὑτὸν

317 4255 400 4310 σείει-ί
452 4261 485 4314 20
502 4253 722 4334 ὑποδραμούσης
739 4259 858 4318 Οαὺείιαι
875 4250 1085 4333 ἀναδραμούσης
1102 4258 1165 4316 libri
1216 4260 1468 4335 κατατηκόμεναι
1485 4259 1535 4318 UT

316 4327 474 4409 ἤτινοςΰ
578 4365 609 4404 τε
627 4361 679 4404 om.
697 4344 772 4403 UBT
875 4350 909 4402 24
926 4343 1153 4415 πλανομέιωνΒ
1276 4349 1306 4400 31
1327 4341 1422 4418 ἔχεται
1442 4344 1490 4402 UT

316 4420 464 4498 σμυιρὰΒ
