3466 5268
334 379 376 439 82
819 374 943 434 nloms
964 375 1095 433 couclo

335 547 407 640 [τῆς
430 547 575 634 πόλεως]
600 553 638 614 οδ
661 549 768 627 πολύς
791 553 865 614 ἐστι
889 549 986 633 λόγος
1010 548 1086 614 οὐδὲ
1102 547 1331 636 Κολοφῶνος·
1354 553 1468 614 καίτοι
1490 571 1593 636 ποιη-

334 658 393 742 την
423 647 461 718 οδ
488 656 624 739 χείρονα
650 645 794 739 Ὁμήρου
825 658 1010 737 παρέχεται
1038 655 1097 715 τδν
1117 645 1326 716 Ἀπόλλωνα.
1378 648 1593 737 Πυθαγόρας

335 755 372 821 δέ
407 761 443 820 ἐκ
475 757 590 838 Σάμου
625 759 686 837 μέν
721 757 842 841 ἔφυγεν
876 757 960 818 ἐκών
993 760 1274 841 τυραννουμένης,
1317 755 1410 840 παρὰ
1445 753 1482 818 δέ
1517 759 1592 830 τοῖς

335 857 452 936 άλλοις
482 861 612 921 ἅπασιν
640 859 859 942 ἀνθρώποις,
888 854 1037 939 μάλιστα
1067 855 1103 920 δέ
1133 855 1231 938 οἶμαι
1261 857 1340 941 περὶ
1367 859 1427 944 την
1447 847 1591 919 Ἰταλίαν

293 965 313 1026 6
336 965 475 1044 ἐτιμᾶτο
499 964 546 1038 ῶς
567 959 661 1037 θεός.
697 963 733 1024 τί
754 961 830 1037 οόν;
853 958 962 1024 πάλαι
984 981 1037 1036 τις
1051 958 1113 1046 ἤδη
1130 961 1282 1046 κάθηται
1297 956 1411 1042 λέγων,
1436 961 1476 1021 σε)
1499 963 1624 1043 πρδςο

325 1059 474 1150 Ὅμηρον
506 1066 563 1127 καί
591 1059 803 1148 Πυθαγόραν
839 1065 895 1126 καί
930 1065 1071 1149 Ζήνωνα
1107 1059 1339 1147 παραβάλλεις
1373 1051 1493 1138 αὑτόν,·
1526 1063 1590 1124 Μὰ

333 1159 394 1229 Δί’
421 1160 479 1230 οὐκ
500 1167 619 1250 ἔγωγε,
643 1163 731 1252 πλην
757 1169 810 1229 ὅτι
833 1173 919 1228 πᾶσι
940 1170 1013 1242 τοῖς
1036 1161 1246 1251 φιλοσόφοις
1267 1161 1363 1241 ἐδοξε
1382 1161 1533 1244 χαλεπὸς
1555 1167 1591 1228 ἐν

333 1277 374 1356 τῇ
390 1267 533 1354 πατρίδι
548 1271 567 1332 δ
580 1269 665 1352 βίος.
701 1269 778 1332 ἐπεὶ
793 1271 828 1330 τί
843 1267 962 1331 οἴεσθε
968 1287 980 1344 ;
997 1260 1069 1348 οὐχί
1086 1265 1198 1354 φιλεῖν
1213 1267 1275 1342 τὰς
1290 1262 1479 1351 πατρίδας,·
1501 1262 1587 1328 ἀλλά
1603 1279 1680 1330 (m
1690 1279 1720 1330 [Ι]

332 1371 391 1435 τὸν
412 1365 559 1457 Ὅμηρον
588 1373 674 1454 ὑπὲρ
706 1371 767 1451 μέν
793 1363 982 1446 Ὀδυσσέως
1012 1367 1201 1456 ὀδύρεσθαι
1228 1373 1285 1434 καί
1315 1372 1459 1456 φάσκειν
1488 1361 1590 1432 αὐτὸν

332 1472 467 1537 ἐθέλειν
494 1475 553 1535 τδν
580 1474 710 1535 καπνόν
741 1469 856 1534 ἐδόντα
885 1473 944 1533 τδν
972 1473 1008 1533 ἐκ
1035 1479 1095 1556 της
1113 1462 1248 1558 Ἰθάκης
1271 1479 1475 1558 παραχρῆμα
1499 1473 1586 1534 ἀπο·
1611 1479 1639 1531 1⁰

332 1579 464 1654 θανεῖν,
488 1576 589 1638 αὐτόν
607 1572 643 1637 δέ
658 1575 702 1660 μη
722 1579 870 1658 στέργειν
885 1577 945 1661 την
961 1575 1066 1636 αὑτοῦ
1085 1572 1196 1653 πόλιν,
1220 1567 1296 1636 ἀλλ’
1322 1575 1361 1637 οδ
1384 1577 1442 1637 τδν
1466 1575 1591 1638 οίκεΐον

333 1682 442 1764 ἐρωτα
465 1679 521 1740 καί
542 1679 602 1764 την
624 1677 816 1756 ἐπιθυμίαν
839 1672 1016 1759 ὁμολογεῖν
1023 1726 1033 1756 ,
1063 1677 1102 1762 ἣν
1132 1675 1200 1758 εἶχε
1228 1685 1288 1764 της
1318 1673 1501 1761 πατρίδος,
1530 1669 1587 1738 ἐπ’

294 1781 312 1842 7
336 1785 478 1862 ’ὀνόματι
506 1785 568 1842 τοῦ
585 1771 792 1855 Ὀδυσσέως;
821 1777 859 1854 δς
890 1777 926 1842 δέ
955 1781 1068 1842 πάντα
1098 1783 1157 1844 τόν
1185 1782 1306 1866 χρόνον
1335 1781 1464 1860 ἔμεινεν
1491 1780 1526 1840 ἐν
1549 1783 1591 1862 τῇ

334 1881 493 1969 πατρίδι,
524 1884 684 1968 πράττων
712 1884 776 1959 ό,τι
807 1877 922 1967 δοκοίη
946 1887 1019 1958 τοῖς
1042 1880 1202 1958 πολίταις
1222 1883 1279 1946 καί
1300 1887 1373 1956 τοῖς
1395 1884 1529 1962 νόμοις,
1559 1882 1592 1942 εί

331 1993 393 2068 μέν
415 2007 450 2048 τι
471 1991 555 2066 μέγα
572 1985 681 2070 ῶνησε
695 1985 775 2060 τοὺς
786 1975 1003 2069 Ἀθηναίους,
1027 1985 1084 2046 οδκ
1099 1987 1164 2065 έχω
1181 1987 1307 2048 εἰπεῖν’
1330 1987 1390 2070 την
1406 1980 1442 2046 δέ
1457 1979 1587 2068 βλάβην
1609 1989 1638 2040 1⁵

332 2090 523 2169 ἐπίσταμαι
551 2090 611 2173 την
639 2090 819 2172 γενομένην
850 2087 974 2162 αὐτοῖς.
1019 2089 1070 2150 ἐτι
1099 2089 1162 2170 γάρ
1185 2095 1242 2150 νῦν
1266 2081 1488 2164 ὀνειδίζονται
1510 2085 1592 2169 περὶ

331 2193 541 2275 Σωκράτους,
564 2191 610 2265 ώς
632 2190 709 2252 οὔτε
734 2186 874 2265 δικαίως
896 2189 972 2251 οὔτε
996 2191 1101 2265 άσίως
1115 2187 1164 2272 τῷ
1181 2185 1279 2274 ἀνδρί
1293 2187 1590 2272 προσενεχθέντες,

331 2294 388 2355 καί
416 2295 555 2355 πάντων
584 2293 699 2366 αὐτοῖς
727 2295 794 2354 τῶν
822 2293 963 2376 ὕστερον
990 2297 1178 2373 γενομένων
1207 2297 1316 2354 κακῶν
1351 2293 1474 2376 ταύτην
1504 2291 1592 2376 φασί

332 2396 501 2480 συμβῆναι
522 2396 581 2480 την
604 2395 726 2456 αίτίαν.

290 2491 310 2556 8
417 2504 522 2559 ταῦτα
544 2498 605 2576 μὲν
625 2496 790 2580 ἀκηκόατε
806 2492 917 2572 άλλως
932 2497 1026 2582 παρὰ
1047 2497 1236 2582 ἀνθρώπου
1253 2495 1425 2582 πλάνητος
1437 2496 1494 2559 καλ
1509 2489 1589 2557 ἀδο·
1611 2501 1641 2554 w

333 2596 460 2678 λέσχου.
520 2597 540 2660 δ
569 2589 601 2661 δ’
633 2597 691 2661 οδν
720 2600 817 2684 ἐφην,
844 2607 1079 2683 παραιτοῦμαι
1108 2601 1195 2679 ὑμᾶς
1223 2597 1350 2686 μηδένα
1372 2601 1532 2661 ἀπαιτεῖν
1553 2597 1589 2658 ἐν
1603 2607 1719 2658 ‹mn›

311 2698 379 2783 ’τῷ
402 2702 548 2785 παρόντι
570 2692 655 2785 παρ’
680 2703 765 2781 ἐμοῦ
786 2697 883 2783 λόγον
904 2699 1142 2788 μεγαλόφρονα
1164 2704 1221 2765 καί
1244 2704 1369 2788 σοφόν,
1393 2691 1469 2763 ἀλλ’
1495 2696 1590 2763 ίδοω·

331 2805 424 2866 τικὸν
450 2805 507 2866 καί
537 2799 683 2888 φαῦλον,
713 2805 819 2866 δποῖα
848 2805 904 2866 καί
933 2804 974 2866 τά
1006 2807 1188 2889 πράγματά
1218 2807 1320 2868 ἐστιν.
1379 2803 1419 2868 εδ
1448 2795 1480 2866 δ’
1506 2800 1589 2880 ἴστε,
1604 2815 1654 2863 (ατ
1666 2813 1698 2864 εει

333 2907 449 2988 ὥσπερ
471 2902 678 2990 προειλόμην
702 2911 812 2988 σιγᾶν,
841 2898 906 2992 ἀφ’
939 2903 982 2968 οδ
1000 2913 1057 2969 νῦν
1079 2907 1176 2993 ἧκον,
1205 2909 1264 2970 οδκ
1291 2907 1332 2971 δν
1358 2902 1589 2993 ἐφθεγξάμην,

331 3009 362 3071 εί
382 3010 428 3094 μη
450 3027 486 3070 τι
507 3009 688 3090 ἀναγκαῖον
712 3009 922 3094 συμβεβήκει.
972 3011 1037 3091 ἐγὼ
1066 3010 1129 3095 γάρ
1158 3014 1300 3095 ηιμάμην
1324 3012 1539 3095 πράγματος,
1568 3013 1587 3073 δ
1609 3019 1638 3072 25

329 3130 390 3191 μοι
419 3106 555 3172 πολλῶν
583 3107 631 3193 τῷ
661 3113 734 3174 όντι
763 3113 971 3196 πραγμάτων
1001 3111 1111 3174 αἴτιον
1147 3118 1262 3196 γέγονε
1294 3113 1352 3176 καί
1386 3113 1590 3199 θαυμαστῆς

329 3208 461 3296 άηδίας.
506 3212 594 3275 ὥστε
617 3216 783 3297 πρότερον
805 3215 867 3293 μέν
890 3214 948 3276 οδκ
969 3206 1065 3299 ᾔδειν
1088 3215 1127 3277 τὸ
1151 3221 1219 3278 τῶν
1244 3212 1423 3279 Θετταλῶν
1445 3215 1481 3278 τί
1503 3219 1591 3278 ποτέ

331 3314 407 3376 ἐστι
427 3315 466 3375 τὸ
488 3301 548 3399 ἐφ’
574 3315 678 3391 αὑτάς
700 3317 759 3401 την
786 3311 926 3402 σεληνην
940 3319 1107 3399 κατάγειν,
1131 3325 1187 3381 νῦν
1204 3313 1240 3381 δέ
1256 3315 1428 3398 ἐπιμελῶς
1450 3319 1587 3400 ἔγνωκα.

289 3413 310 3477 9
330 3416 387 3478 καί
409 3417 467 3478 τὸν
484 3406 723 3504 Ἀριστοτέλην
745 3417 853 3481 ἐνίοτε
875 3413 1086 3504 ἐμακάριζον,
1108 3422 1203 3495 ὅστις
1224 3420 1443 3506 Σταγειρίτης
1464 3421 1511 3484 ῶν
1532 3422 1588 3499 (τά

331 3513 366 3580 δὲ
389 3519 555 3603 Στάγειρα
577 3521 671 3605 κώμη
695 3528 754 3606 τῆς
774 3515 954 3597 Ὀλυνθίας
974 3515 1026 3607 ἦν)
1048 3519 1196 3609 άλοόσης
1224 3520 1261 3585 δέ
1280 3511 1447 3586 Ὀλύνθου
1472 3537 1584 3606 συγγε-
1607 3535 1638 3586 ³0

330 3622 469 3700 νόμενος
494 3612 702 3708 Ἀλεξάνδρῳ
731 3624 788 3686 καί
811 3619 979 3707 Φιλίππῳ
1015 3619 1223 3710 διεπράξατο
1253 3627 1453 3712 οἰκισθῆναι
1481 3623 1588 3689 πάλιν

329 3724 368 3784 τδ
388 3725 526 3808 χωρίον,
548 3727 605 3789 καί
625 3729 729 3806 μόνον
753 3725 853 3789 αδτδν
875 3727 1026 3812 ἐφασκον
1049 3727 1229 3812 εὐτυχῆσαι
1250 3732 1310 3816 την
1333 3729 1486 3810 εὐτυχίαν
1508 3731 1587 3790 ταδ-

418 3907 504 3986 ίτῆς
523 3908 590 3962 ante
613 3901 727 3972 πόλεως
750 3921 802 3962 om.
821 3905 859 3974 Τ,
881 3911 931 3978 τῆς
952 3906 1068 3976 πόλεως
1088 3913 1219 3980 numm
1239 3909 1352 3967 Βείεῐιίο
1454 3913 1587 3982 κολοφαῖ·

328 4007 416 4056 νοτες
433 3987 457 4044 U
525 3993 575 4047 καί
592 3987 647 4048 τὸν
664 3987 785 4064 ποιητὴν
798 3991 853 4047 ΤΜ
905 3999 921 4049 δ
938 3995 983 4060 τίς
1000 3994 1027 4052 U
1078 3992 1299 4070 δτιαραβάλλης
1315 3997 1344 4052 in
1360 4015 1414 4064 -εις
1430 3995 1534 4054 ωιλῦ

330 4065 421 4130 αὐτὸν
436 4072 468 4129 Μ
521 4079 536 4130 ’ί
554 4079 619 4131 tute
637 4065 683 4133 ότι
701 4089 798 4131 rasura
815 4076 844 4132 in
861 4077 887 4134 U
939 4082 954 4134 8
973 4071 1037 4152 οόχὶ
1055 4083 1149 4152 φιλεῖν
1160 4081 1249 4151 amp„
1268 4074 1321 4141 οόκ
1336 4079 1457 4153 ἐφίλουν
1472 4080 1535 4137 fibri

328 4207 365 4264 α.
385 4208 435 4266 οι.
458 4215 516 4276 κιο
589 4215 621 4267 ιο
639 4178 756 4272 πολίω
772 4215 880 4279 (acutus
897 4219 925 4270 ιι
942 4207 977 4273 ιι
995 4228 1013 4270 ι
1031 4215 1156 4282 ωηατ
1222 4221 1250 4272 ιι
1271 4210 1362 4276 mos>
1379 4216 1458 4274 ειισ
1510 4209 1583 4276 dua

329 4289 383 4352 τὸν
400 4298 462 4362 (om.
480 4289 525 4362 οδ)
544 4293 616 4353 ῦΒΤ
687 4302 718 4353 12
736 4287 770 4369 ἦν
786 4313 837 4368 pro
854 4291 890 4371 ἢν
907 4298 956 4355 UT
1028 4305 1058 4356 ιθ
1076 4303 1127 4359 νῦν
1143 4317 1198 4359 om.
1215 4299 1266 4359 UT
1346 4307 1378 4358 21
1398 4297 1452 4378 ἔφη
1469 4299 1518 4357 ΤΒ

329 4381 362 4433 22
380 4373 453 4438 άλλίι
472 4379 546 4437 ΠΒΤ
617 4385 650 4437 2³
668 4381 699 4439 δέ
715 4377 777 4440 ἴστε
795 4383 825 4437 Μ
895 4389 928 4440 24
946 4387 1046 4459 σειγοῑν
1062 4385 1093 4441 Μ
1146 4390 1178 4442 ²5
1197 4389 1376 4463 συμβέβηκεν
1391 4385 1465 4454 libri,
1482 4389 1587 4460 συμβε-

329 4463 413 4537 βήκει
429 4463 509 4535 Ειαρ.
562 4470 595 4520 27
616 4467 797 4527 Θετταλίδων
813 4467 978 4526 Ηιενεεδεα
996 4471 1031 4528 εί.
1050 4485 1091 4528 or.
1103 4471 1193 4530 LXVI
1211 4489 1238 4544 ρ.
1258 4477 1308 4529 354
1325 4471 1421 4530 Βάάε.
1474 4475 1506 4528 28
1524 4469 1585 4530 ἐπι-

327 4554 422 4618 μελῶς
439 4549 484 4606 vix
500 4552 645 4620 genuinum
716 4555 747 4607 31
766 4553 929 4626 οἰκισθῆναι
946 4558 1023 4628 (ισθη
1039 4558 1067 4614 in
1085 4565 1193 4626 rasura)
1212 4558 1235 4614 U
1305 4562 1338 4614 ³2
1355 4561 1399 4616 τῶ
1416 4555 1441 4614 Τ
