3526 5264
678 383 816 442 ORATIO
832 384 893 442 XV.
1353 386 1417 448 238

153 566 261 626 όντων
288 559 460 644 ἐγέλασαν.
511 562 569 626 καί
591 561 629 636 δς
652 557 749 624 ούδέν
778 582 813 624 τι
835 557 964 640 μᾶλλον
990 553 1144 647 ᾐσχύνθη
1152 611 1162 640 ,
1192 553 1268 625 ἀλλ’
1295 564 1414 648 ὥσπερ

157 666 192 726 ol
219 660 371 748 ἀνδρεῖοι
399 660 614 749 ἀλεκτρυόνες
643 665 731 747 πρὸς
753 665 813 749 τήν
842 659 971 750 πληγὴν
994 665 1228 748 ἐπεγείρονται
1249 667 1306 730 καί
1327 667 1416 749 θυρ-

156 774 284 848 ροῦσιν,
306 767 459 842 κάκεῖνος
480 767 656 852 ἐπηγέρθη
678 767 736 828 καί
757 766 930 850 ἐθάρρησε
959 767 1047 850 πρός
1069 768 1128 852 τὴν
1152 763 1336 851 λοιδορίαν,
1359 770 1419 831 καί

31 861 33 866 ’
155 870 255 954 ηρετο
280 869 381 932 αὐτόν
411 869 544 931 όπόθεν
566 876 666 931 τοῦτο
693 869 879 930 ἐπίσταται
907 870 947 930 τδ
970 869 1052 952 περί
1073 889 1109 931 τε
1133 871 1238 932 αὑτοῦ
1257 870 1314 931 καί
1337 873 1418 954 περί

124 977 140 1027 ⁶
160 972 298 1035 ἐκείνου.
327 963 412 1050 Ὅτι,
435 971 512 1057 ἐφη,
535 973 594 1033 τόν
614 972 676 1052 μὲν
698 973 847 1050 ἐμαυτοῦ
867 974 997 1054 πατέρα
1021 971 1212 1051 ἐπίσταμαι
1229 964 1417 1054 Ἀθηναῖον
1439 974 1459 1037 3

157 1075 247 1152 όντα,
271 1072 368 1158 εἴπερ
391 1093 444 1149 τις
467 1070 579 1150 ἄλλος,
605 1076 664 1136 τόν
687 1070 723 1137 δέ
748 1075 807 1136 σὸν
829 1075 961 1158 οἰκέτην
983 1080 1046 1135 τοῦ
1066 1069 1186 1151 δεῖνος,
1209 1077 1318 1138 εἰπὼν
1341 1077 1418 1139 τού-

28 1253 32 1262 .
156 1195 253 1258 νομα.
295 1178 353 1239 καί
373 1179 420 1253 δς,
446 1178 491 1239 Τί
512 1176 581 1254 ούν,
604 1175 691 1253 εἷπε,
713 1176 799 1238 κατά
821 1183 922 1238 τοῦτο
943 1172 1066 1239 κωλύει
1086 1196 1129 1255 με
1151 1178 1187 1239 ἐν
1202 1178 1417 1262 Κυνοσάργει

158 1276 371 1358 ἀλείφεσθαι
390 1280 476 1362 μετά
498 1286 565 1342 τῶν
582 1280 709 1356 νόθων,
732 1277 829 1362 εἴπερ
851 1280 888 1340 ἐκ
909 1280 1037 1364 μητρός
1058 1275 1253 1364 ἐλευθέρας,
1278 1277 1363 1355 ἴσως
1380 1276 1417 1342 δὲ

28 1383 212 1447 (ιιειεπικαί
234 1382 349 1467 ἀστῆς,
371 1383 521 1464 τυγχάνω
543 1382 689 1463 γεγονὼς
710 1383 767 1443 καί
788 1383 920 1465 πατρὸς
943 1379 985 1443 ού
1006 1383 1046 1444 σύ
1070 1379 1157 1467 φῄς;
1184 1382 1205 1466 ἢ
1229 1382 1267 1444 ού
1291 1379 1421 1445 πολλαί

111 1493 140 1544 1⁰
161 1484 264 1546 ἀσταί
284 1488 437 1566 γυναῖκες
460 1474 507 1545 δι’
533 1484 675 1567 ἐρημίαν
697 1504 733 1546 τε
754 1485 811 1546 καί
834 1485 984 1568 ἀπορίαν
1006 1485 1044 1546 αί
1064 1485 1127 1565 μὲν
1147 1486 1184 1546 ἐκ
1206 1481 1309 1562 ξένων
1324 1487 1419 1571 ἐκύη-

160 1602 238 1664 σαν,
267 1587 305 1648 αί
326 1582 362 1648 δὲ
384 1587 421 1647 ἐκ
443 1581 590 1662 δούλων,
619 1587 710 1661 τινές
737 1587 799 1666 μέν
827 1587 1011 1666 ἀγνοοῦσαι
1040 1593 1157 1664 τοῦτο,
1188 1589 1278 1662 τινές
1305 1584 1341 1650 δὲ
1363 1589 1422 1650 καί

54 1700 104 1750 σα
116 1689 402 1768 Ιιέπιστόμεναις
422 1689 480 1750 καί
502 1684 613 1762 οὐδεὶς
636 1685 756 1763 δοῦλός
778 1690 881 1766 ἐστιν,
909 1684 994 1750 ἀλλά
1017 1691 1121 1769 μόνον
1144 1688 1203 1751 ούκ
1221 1680 1419 1774 Ἀθηναῖος,

157 1798 224 1853 τῶν
247 1791 355 1867 οὕτως
370 1792 610 1876 γεννηθέντων.
644 1782 739 1852 Ἀλλ’
764 1792 829 1873 ἐγώ
853 1806 924 1870 σου,
948 1792 1025 1877 ἐφη,
1046 1792 1105 1853 καί
1120 1793 1181 1878 την
1195 1795 1324 1877 μητέρα
1340 1793 1416 1854 ἐπί·
1439 1791 1459 1851 4

158 1909 286 1973 σταμαι
307 1890 497 1973 ὁμόδουλον
519 1900 581 1956 τοῦ
602 1897 742 1979 πατρός.
786 1892 873 1970 Εἶεν,
896 1894 980 1978 ἐφη·
1003 1895 1064 1978 τὴν
1088 1889 1124 1955 δέ
1143 1901 1271 1956 σαυτοῦ
1291 1892 1399 1956 οἶσθα
1407 1915 1420 1971 ;

110 2001 141 2055 15
162 1992 261 2058 Πάνυ
283 1997 344 2076 μὲν
367 1995 442 2057 ούν·
465 1996 570 2081 ἀστὴν
593 1992 631 2073 ἐξ
652 1996 765 2058 ἀστῶν
786 1997 843 2059 καί
860 2001 985 2079 προῖκα
1010 1997 1125 2082 ἱκανὴν
1146 1997 1420 2082 ἐπενηνεγμένην.

151 2075 197 2158 Ἡ
214 2098 271 2158 καί
292 2097 382 2176 ἐχοις
403 2098 445 2159 δν
468 2097 598 2176 ὀμόσας
620 2090 731 2159 εἰπεῖν
753 2099 808 2160 ότι
833 2094 871 2174 ἐξ
895 2094 938 2158 ού
959 2112 1064 2182 φησιν
1086 2098 1211 2182 ἐκείνη,
1240 2099 1276 2160 ἐκ
1298 2101 1419 2161 τούτου

157 2203 314 2281 γέγονας,·
344 2200 445 2279 όμέν
466 2199 529 2283 γάρ
555 2196 751 2284 Τηλέμαχος
774 2200 812 2260 οδ
836 2196 925 2261 πάνυ
954 2194 1049 2283 ηξίου
1073 2195 1311 2261 διατείνεσθαι
1331 2199 1419 2284 ύπέρ

157 2298 363 2387 Πηνελόπης
385 2292 609 2388 τῆςἸκαρίου,
633 2298 768 2388 σφόδρα
792 2302 971 2387 σώφρονος
993 2297 1157 2385 δοκούσης
1179 2303 1344 2383 γυναικός,
1367 2304 1421 2364 δτι

158 2400 272 2490 ἀληθῆ
307 2401 396 2486 λέγει
416 2406 475 2466 τόν
495 2395 658 2467 Ὀδυσσέα
682 2403 926 2488 ἀποφαίνουσα
951 2404 1056 2465 αὑτοῦ
1076 2405 1224 2487 πατέρα·
1255 2405 1296 2464 σύ
1320 2399 1356 2465 δέ
1380 2405 1419 2464 ού

109 2515 139 2570 2)
158 2507 263 2586 μόνον
285 2507 371 2589 ύπέρ
395 2513 523 2568 σαυτοῦ
542 2500 620 2589 (ἀν)
640 2508 698 2570 καί
718 2514 778 2592 τῆς
802 2514 863 2591 σῆς
884 2507 1027 2591 μητρός,
1049 2504 1111 2567 ἐάν
1131 2501 1270 2589 κελεύσῃ
1296 2509 1335 2567 σέ
1356 2526 1419 2581 τις,

158 2609 312 2689 δμόσαις,
337 2609 384 2685 ὡς
399 2611 517 2687 έοικεν,
534 2606 619 2671 ἀλλά
633 2611 691 2672 καί
705 2610 786 2694 περί
805 2604 927 2693 δούλης
941 2612 1153 2693 ηστινοσοῦν,
1174 2604 1213 2685 ἐξ
1228 2609 1307 2670 ότου
1331 2609 1417 2670 ποτέ

157 2712 310 2797 ἐκύησεν,
341 2713 458 2797 ὥσπερ
486 2711 528 2796 ἣν
555 2708 661 2794 λέγεις
682 2712 765 2798 ἐμήν
788 2707 879 2772 εἶναι
898 2714 1037 2795 μητέρα.
1082 2706 1248 2772 ἀδύνατον
1270 2711 1333 2794 γάρ
1358 2726 1416 2772 σοι
1440 2712 1459 2774 5

158 2809 255 2877 δοκεῖ
277 2812 367 2878 εἶναι
392 2811 430 2891 ἐξ
457 2810 561 2877 ἄλλον
590 2810 713 2898 ἀνδρὸς
739 2820 862 2899 κυῆσαι
890 2809 1073 2896 ἐλευθέρου
1100 2812 1120 2897 ἢ
1150 2813 1207 2874 καί
1232 2818 1295 2874 τοῦ
1316 2813 1420 2899 αὐτῆς

159 2911 338 2980 δεσπότου.
378 2917 416 2978 ού
440 2913 565 2979 πολλοί
582 2908 777 3001 Ἀθηναίων
801 2914 1034 2997 συγγίγνονται
1048 2915 1282 3000 θεραπαίναις
1298 2915 1418 2991 αὐτῶν,

110 3030 141 3082 2ῦ
162 3020 198 3080 ol
224 3022 287 3098 μέν
309 3038 399 3094 τινες
419 3020 548 3105 κρύφα,
579 3020 613 3080 οί
635 3014 671 3080 δέ
693 3018 751 3079 καί
772 3024 945 3102 φανερῶς,·
973 3017 1011 3078 ού
1039 3017 1102 3100 γάρ
1134 3012 1244 3099 δήπου
1265 3012 1421 3098 βελτίους

159 3121 228 3182 εἰσί
257 3121 383 3195 πάντες
408 3127 471 3181 τοῦ
486 3113 702 3204 Ἡρακλέους,
727 3118 765 3193 δς
787 3115 864 3181 ούδέ
888 3127 930 3203 τῇ
947 3106 1118 3202 Ἰαρδάνου
1142 3115 1243 3202 δούλη
1269 3121 1419 3200 συγγενέ-

162 3222 250 3284 σθαι
279 3217 484 3307 ἀπηξίωσεν,
513 3218 551 3298 ἐξ
572 3221 611 3306 ἦς
633 3223 787 3303 ἐγένοντο
814 3222 848 3283 ολ
868 3217 1026 3304 Σάρδεων
1048 3217 1212 3303 βασιλεῖς.
1306 3222 1359 3284 ἐτι
1382 3217 1462 3288 δέδ

160 3318 223 3409 [ού]
247 3321 344 3386 δοκεῖ
362 3340 428 3400 σοι,
452 3323 499 3398 ὡς
521 3324 619 3400 ἐοικε,
643 3319 927 3408 Κλυταιμνήστρα
949 3325 1026 3404 μέν,
1052 3320 1231 3408 Τυνδάρεω
1254 3323 1420 3409 θυγάτηρ,

246 3478 259 3527 1
279 3464 320 3538 ὥς
336 3486 386 3542 pro
405 3462 439 3538 δς
455 3471 486 3526 Μ
575 3475 591 3526 2
609 3469 639 3528 αί
662 3463 788 3544 ἀνδρεῖοι
810 3464 1004 3543 ἀλεκτρυόνες
1020 3473 1100 3540 Emp.
1125 3469 1155 3528 οί
1171 3467 1274 3545 ἄνδρες
1291 3470 1320 3529 οί
1338 3465 1421 3529 άλεκ·

158 3560 273 3631 τρίονες
290 3557 330 3614 M.
356 3555 386 3614 σί
402 3549 594 3630 ἀλεκτρυόνες
610 3559 674 3624 (om.
692 3561 756 3622 cet.)
773 3553 822 3611 ΠΒ
926 3561 942 3611 4
960 3551 1055 3628 εἴρετο
1073 3553 1099 3612 U
1117 3552 1212 3629 εῗρετο
1234 3557 1254 3610 Β
1358 3554 1420 3613 ἐνεί-

158 3661 261 3701 σταιτα
280 3645 350 3717 περί
366 3662 399 3701 τε
417 3643 535 3700 cobetus
623 3635 714 3700 αύταῦ
731 3641 786 3697 UM
880 3638 1020 3700 δέαυταῦ
1037 3641 1066 3695 M
1170 3641 1235 3700 6δέ
1251 3656 1303 3696 om.
1323 3641 1353 3696 M

158 3732 240 3786 ἰκαὶ
259 3722 308 3795 δς·
323 3729 368 3795 τίς
382 3728 437 3783 BM
453 3730 503 3785 καί
521 3717 602 3793 ὅστις
618 3725 644 3784 U
660 3743 695 3782 m.
713 3743 757 3797 pr.
774 3729 857 3791 (corr.
877 3719 911 3792 δς
927 3728 967 3788 τί)
1021 3730 1053 3780 10
1070 3719 1154 3784 αύταί
1171 3741 1222 3795 pro
1240 3718 1327 3784 ἀσταί
1345 3726 1376 3780 Μ

162 3819 193 3870 13
211 3806 330 3872 ούτωΒ
400 3831 447 3871 σοι
464 3829 515 3883 pro
533 3813 628 3871 σουΒ
699 3816 731 3867 16
748 3816 797 3870 καί
815 3813 909 3869 om.B
978 3807 1086 3883 ἔχειςΒ
1157 3804 1306 3881 ὀνομάσας
1322 3810 1354 3867 M

159 3891 206 3957 δτι
223 3900 352 3968 cubem,
370 3899 398 3958 εἰ
413 3899 452 3964 M,
470 3914 524 3956 om.
543 3898 592 3956 ΠΒ
666 3903 695 3954 17
715 3897 756 3954 cf.
774 3897 854 3954 Hom.
873 3896 924 3955 od.
943 3898 1019 3954 1215
1030 3915 1071 3969 sq.
1140 3897 1322 3971 διαγενέσθαι
1340 3896 1370 3951 M

160 3989 192 4039 19
204 3979 293 4042 αὐτοῦ
300 3984 326 4041 U
378 3989 412 4040 20
424 3980 462 4042 ἀν
472 3987 521 4042 καί
533 3983 650 4052 aeolius,
663 3976 736 4042 ἀλλὰ
748 3986 797 4041 καί
810 3982 858 4040 UB
869 3987 919 4041 καί
930 3987 994 4048 (om.
1007 3977 1133 4052 dmm
1183 3987 1214 4038 21
1230 3975 1339 4053 ὀμόσαι
1351 3978 1421 4048 ἴσως

158 4063 253 4128 ἔοικεν
270 4070 359 4140 UBM,
378 4085 448 4126 corr.
467 4069 577 4126 Goellus
631 4129 633 4134 ,
648 4073 681 4124 22
700 4059 801 4142 άσπερ
817 4098 852 4115 ···
867 4069 978 4143 μητέρα
996 4069 1088 4124 malim
1106 4084 1167 4124 cum
1186 4068 1327 4124 enuntiato
1345 4067 1420 4137 quod

159 4155 282 4225 sequitur
299 4156 470 4225 coniungere,
487 4155 576 4211 deleto
594 4150 653 4228 γὰρ
670 4159 698 4210 at
713 4155 924 4224 interrogatione
942 4154 1094 4224 significata
1105 4157 1169 4224 post
1181 4149 1337 4220 διατόνους
1356 4166 1421 4207 nam

159 4239 183 4295 εἰ
199 4256 254 4295 non
271 4243 345 4296 εειεί
360 4239 547 4308 interrogatio,
565 4255 621 4296 non
642 4244 737 4310 ροειεέ
752 4239 839 4295 τίσετε
855 4239 1033 4307 interrogatio
1051 4229 1213 4305 ἀαυνδέτως
1228 4237 1333 4294 inferri.

161 4327 193 4379 2³
212 4319 284 4383 εἶναι
302 4326 399 4382 σιειῐλ
451 4317 579 4396 αύτῆςΰ
631 4330 664 4380 24
683 4317 787 4383 δύσω.
806 4323 836 4378 M
888 4318 984 4382 αύταῖν
1001 4323 1056 4380 UM
1125 4327 1157 4378 25
1176 4321 1204 4379 οί
1221 4338 1272 4392 pro
1289 4319 1325 4380 ού
1342 4321 1374 4377 M

161 4412 194 4463 26
211 4413 257 4482 τῆι
274 4403 401 4484 άρδάνου
411 4411 461 4468 UB
473 4414 509 4483 τῇ
526 4407 565 4482 ἀρ
582 4406 620 4470 ἀν
637 4402 672 4468 ού
689 4411 720 4465 M
732 4409 768 4466 τί.
780 4409 909 4466 Ηεταδοέ.
926 4409 977 4476 1‚·1
1040 4413 1073 4466 28
1091 4402 1126 4467 ού
1144 4409 1251 4473 seclusi.
1269 4424 1323 4478 quo
1336 4423 1419 4478 trgu-

160 4497 243 4550 menti
260 4511 276 4551 e
293 4496 429 4552 contrario
447 4497 487 4552 vis
504 4495 703 4566 infringebant
714 4495 760 4564 (of.
774 4513 801 4566 p.
815 4499 891 4562 234,6
903 4487 939 4567 ἢν
951 4494 981 4553 δέ
999 4491 1034 4553 ού
1051 4494 1142 4567 λέγεις
1158 4498 1235 4563 ειο.);
1252 4494 1419 4564 sequebatur

160 4579 253 4651 οιμὲν
264 4584 327 4636 ante
342 4576 492 4654 Ίυνδάρεω
500 4583 713 4652 transponerem.
739 4581 801 4653 μέν,
822 4575 972 4654 Τυνδάρεω
989 4581 1096 4651 scripsi,
1117 4575 1268 4654 Τυνδάρεω
1285 4580 1339 4650 μὲν
1355 4579 1419 4635 librl
