3452 5264
149 1219 223 1300 (19)
256 1215 862 1402 BOPYEOENITIffiPqffi
887 1217 1116 1302 ΑΝΕΓΝΩ
1150 1221 1227 1304 ΕΝ
1258 1224 1362 1307 ΤΗΙ
1403 1267 1405 1272 ·

703 1495 806 1512 n*—

210 1603 401 1696 Ἓτύγχανον
423 1617 484 1695 μέν
506 1610 683 1700 ἐπιδημῶν
698 1617 734 1678 έν
749 1616 961 1700 Βορυσθένει
983 1620 1021 1679 τό
1037 1617 1152 1701 θέρος,
1174 1620 1280 1683 δπότε
1295 1621 1381 1684 είσέ-
1406 1620 1420 1681 1

129 1713 259 1780 πλευσα
288 1717 372 1797 μετά
401 1719 461 1802 τήν
490 1719 614 1803 φυγήν,
643 1714 848 1798 βουλόμενος
876 1715 1009 1798 έλθεῖν,
1039 1720 1098 1782 έάν
1127 1717 1296 1802 δύνωμαι,
1326 1719 1383 1786 διά

127 1819 270 1881 Σκυθῶν
309 1819 359 1893 είς
398 1821 520 1896 Γέτας,
560 1821 656 1894 ὅπως
693 1818 879 1900 θεάσωμαι
916 1821 1016 1884 τάκεῖ
1052 1825 1234 1906 πράγματα
1276 1826 1382 1888 ὁποῖά

129 1922 213 1982 έστι.
271 1921 328 1982 καί
361 1917 399 2006 δή
419 1922 490 1986 Ικαί
523 1923 753 2003 περιεπάτουν
787 1921 867 2006 περί
900 1918 1105 2007 πλήθουσαν
1134 1925 1260 2010 ἀγοράν
1289 1928 1383 2012 παρὰ

95 2024 191 2083 ότδν
204 2012 356 2084 Ὕπανιν.
400 2022 505 2106 ήμάρ
528 1997 630 2097 πόλις
652 2023 691 2085 τό
713 2023 775 2103 μὲν
797 2024 902 2102 όνομα
925 2021 1063 2109 εἴληφεν
1095 2025 1165 2087 ἀπό
1195 2033 1258 2090 τοῦ
1277 2029 1383 2114 Βορυ-

132 2123 278 2197 σθένους
294 2119 351 2184 διά
365 2125 403 2184 τό
425 2119 548 2198 κάλλος
566 2123 623 2186 καί
641 2125 680 2184 τὸ
695 2123 843 2205 μέγεθος
858 2131 920 2185 τοῦ
933 2133 1101 2204 ποταμοῦ,
1118 2130 1227 2189 κεῖται
1244 2125 1279 2190 δέ
1297 2132 1385 2215 πρὸς

131 2223 180 2308 τῷ
198 2216 354 2286 Ὑπάνιδι
375 2225 395 2308 ή
418 2243 454 2284 τε
478 2230 535 2285 νῦν
548 2223 639 2308 καλή
663 2227 829 2308 πρότερον
846 2226 953 2301 οδτως
971 2217 1101 2308 ᾠκεῖτο,
1125 2231 1163 2289 οό
1186 2223 1275 2291 πολό
1298 2231 1384 2292 άνω-

10 2321 11 2328 '
131 2328 196 2388 θεν
218 2333 278 2412 οής
296 2316 481 2387 Ἱππολάου
502 2321 709 2410 καλουμένης
730 2327 835 2409 άκρας
857 2324 962 2410 ἐντῷ
985 2319 1061 2390 κατ’
1086 2330 1231 2413 ἀντικρύ.
1282 2340 1382 2394 τοῦτο
1405 2331 1425 2392 2

10 2433 33 2478 ίδ
47 2429 69 2473 Β
83 2428 117 2480 11)
133 2427 170 2492 δέ
192 2429 267 2489 ἐστι
288 2435 347 2512 τῆς
366 2429 480 2510 χώρας
503 2423 561 2504 δξι)
582 2429 639 2490 καί
662 2429 797 2510 στερεόν
821 2429 936 2510 ὥσπερ
966 2427 1127 2510 ἔμβολον,
1158 2433 1238 2517 περί
1259 2431 1279 2495 ό
1303 2451 1383 2514 συμ-

83 2527 111 2580 ¹⁰
134 2533 322 2594 πίπτουσιν
345 2531 379 2591 ol
401 2530 562 2609 ποταμοί.
599 2531 637 2592 τό
661 2525 697 2592 δέ
720 2529 878 2592 ἐντεῦθεν
899 2527 962 2616 ήδη
987 2527 1185 2612 λιμνάζουσι
1205 2539 1303 2619 μέχρι
1318 2537 1384 2599 θα-

131 2629 254 2716 λάττης
276 2632 336 2693 έπί
354 2629 512 2707 σταδίους
529 2628 646 2712 σχεδόν
660 2651 695 2694 τι
711 2627 922 2708 διακοσίους·
943 2633 1001 2696 καί
1022 2637 1060 2696 τό
1085 2635 1181 2718 εδρος
1205 2639 1263 2717 οόχ
1284 2637 1384 2724 ήττον

129 2735 233 2818 ταύτῃ
256 2739 323 2796 τῶν
346 2740 520 2814 ποταμῶν.
570 2734 644 2796 έστι
674 2729 710 2796 δέ
743 2733 847 2795 αὐτοῦ
871 2736 909 2797 τό
939 2737 1001 2813 μέν
1030 2733 1135 2800 πλέον
1162 2742 1302 2822 τέναγος
1328 2743 1386 2805 καί

129 2833 253 2921 γαλήνη
277 2841 353 2911 ταῖς
375 2833 505 2911 εὐδίαις
528 2837 644 2920 ὥσπερ
659 2835 695 2898 όν
712 2831 809 2920 λίμνη
826 2836 975 2917 γίγνεται
999 2839 1162 2922 σταθερά.
1201 2842 1236 2904 έν
1252 2837 1288 2904 δὲ
1311 2843 1386 2920 τοῖς

132 2934 257 3015 δεξιοῖς
281 2940 439 3024 φαίνεται
462 2940 633 3017 ποταμός,
660 2938 718 3002 καί
745 2939 984 3021 τεκμαίρονται
1012 2941 1047 3002 οἱ
1074 2938 1291 3018 εἰσπλέοντες
1314 2943 1384 3008 άπὸ

83 3041 112 3092 15
134 3047 195 3102 τοῦ
215 3041 381 3125 ῥεύματος
401 3042 440 3103 τό
463 3039 584 3121 βάθος.
630 3040 780 3123 ὅθενπερ
802 3041 859 3102 καί
880 3037 1008 3126 έξίησι,
1038 3039 1094 3106 διά
1123 3046 1183 3130 τήν
1210 3047 1304 3126 ίσχδν
1325 3056 1388 3110 του·

130 3145 207 3227 ῥοῦ·
230 3143 262 3204 εί
278 3139 313 3204 δὲ
329 3144 385 3228 μή,
407 3137 536 3226 ῥᾳδίως
558 3143 598 3204 όν
621 3143 807 3227 ἐφράττετο
831 3149 893 3204 τοῦ
913 3144 1012 3206 νότου
1029 3141 1160 3208 πολλοῦ
1172 3148 1257 3209 κατά
1275 3152 1383 3230 στόμα

130 3245 357 3319 εἰσπνέοντος.
401 3246 440 3306 τό
465 3240 500 3305 δὲ
524 3240 646 3306 λοιπόν
668 3235 740 3328 ᾐών
762 3246 855 3308 έστιν
878 3241 1006 3330 έλώδης
1026 3247 1083 3308 καί
1099 3243 1219 3312 δασεῖα
1241 3247 1380 3335 καλάμῳ
1406 3249 1424 3312 3

129 3347 187 3409 καί
216 3344 376 3430 δένδροις.
431 3347 590 3430 φαίνεται
619 3342 654 3407 δὲ
683 3351 751 3407 τῶν
782 3343 930 3430 δένδρων
958 3344 1069 3410 πολλά
1098 3351 1155 3413 καλ
1176 3353 1212 3412 έν
1233 3356 1318 3438 μέση
1342 3361 1384 3440 τῇ

133 3445 247 3533 λίμνη,
276 3450 323 3523 ὡς
346 3449 456 3523 ίοταῐς
484 3452 738 3531 προσεοικέναι,
767 3449 823 3510 καί
851 3445 913 3533 ήδη
943 3451 1033 3525 τινὲς
1053 3457 1121 3513 τῶν
1152 3451 1384 3540 ἀπειροτέρων

82 3553 112 3605 νο
134 3549 329 3636 διήμαρτον,
352 3549 399 3624 ὡς
421 3549 481 3611 έπί
496 3545 602 3611 πλοῖα
617 3549 804 3628 ἐπέχοντες.
841 3551 944 3634 ταύτῃ
969 3547 1004 3612 δὲ
1027 3553 1171 3614 καὶτῶν
1194 3549 1284 3617 άλῶν
1311 3557 1385 3620 έστι

131 3657 169 3716 τό
194 3651 340 3740 πλῆθος,
363 3653 446 3715 όθεν
469 3653 504 3713 οἱ
523 3647 662 3724 πλείους
676 3655 744 3711 τῶν
759 3650 938 3733 βαρβάρων
956 3646 1184 3731 λαμβάνουσιν
1200 3657 1386 3738 ὠνούμενοι

131 3757 210 3832 τοδς
233 3751 316 3830 ἅλας
337 3755 393 3818 καί
415 3743 661 3838 τῶνἙλλήνων
682 3753 739 3815 καὶ
759 3751 902 3814 Σκυθῶν
926 3753 960 3814 οἱ
974 3755 1194 3839 Χερρόνησον
1217 3759 1385 3834 οίκοῖντες

130 3861 190 3945 τήν
216 3858 391 3942 Ταυρικήν.
429 3852 602 3918 ἐκδιδόασι
619 3851 655 3917 δέ
678 3855 712 3916 οἱ
727 3855 879 3934 ποταμοί
893 3854 943 3929 είς
958 3852 1143 3918 θάλασσαν
1164 3859 1257 3939 παρά
1282 3862 1386 3944 φρού-

130 3978 205 4040 ριον
232 3947 443 4041 Ἀλέκτορος,
473 3957 492 4018 δ
523 3953 654 4038 λέγεται
681 3965 742 4042 τῆς
770 3958 927 4038 γυναικός
955 3956 1043 4020 εἶναι
1071 3965 1133 4019 τοῦ
1158 3959 1386 4042 Σαυροματῶν

217 4181 228 4230 1
249 4175 427 4249 βωρυαθένει
445 4173 517 4230 Um.
528 4189 571 4243 pr.
589 4171 643 4226 ΒΜ
703 4165 743 4239 ὡς
760 4167 829 4230 τότε
846 4171 917 4238 libri,
936 4163 1027 4230 όπότε
1046 4171 1156 4230 Geeliun
1223 4179 1240 4230 4
1258 4177 1307 4234 καί
1323 4181 1387 4246 post

129 4255 162 4332 δή
179 4259 274 4316 om.B
344 4249 540 4317 δδσπανινΒ
619 4257 824 4332 βωρυοθένους
841 4257 896 4314 UM
983 4252 1143 4318 ’ίῦπάνειδι
1162 4259 1192 4315 Μ
1263 4263 1294 4315 13
1311 4263 1386 4334 γίνε-

131 4365 177 4402 ται
196 4345 220 4399 Β
308 4349 340 4401 16
357 4339 394 4403 άν
414 4339 575 4419 ἐφράττετο
599 4343 698 4414 scripsi
716 4335 913 4416 άνεφράττετο
932 4341 980 4400 UB
999 4335 1192 4417 ἐνεφράττετο
1211 4343 1252 4416 Μς
1275 4341 1311 4404 άν
1328 4344 1386 4408 ένε-

128 4429 275 4502 φράττετο
294 4429 420 4486 Reiskiun
505 4433 535 4485 Π
555 4425 659 4502 ἑλώδης
677 4429 765 4498 Εωρ,
783 4423 888 4502 ὑλώδης
905 4427 967 4484 libri
1053 4433 1085 4486 20
1104 4437 1164 4490 τῶν
1181 4429 1277 4492 ἄλλων
1295 4433 1318 4489 Β

129 4519 162 4569 22
179 4511 377 4588 χτρρόννηυον
394 4515 424 4569 Μ
493 4518 524 4570 2³
544 4513 683 4573 ἐκδιδοῦσι
701 4515 750 4570 UB
766 4512 909 4572 έκόίόοσιν
926 4513 974 4582 Μ,
985 4511 1064 4572 τοτε.
1082 4515 1163 4588 Emp.

155 4608 213 4653 DIO.
229 4608 259 4653 Π.
1167 4607 1177 4657 λ
