3520 5270
323 319 384 379 152
747 315 889 384 [moris]
906 315 958 372 DE
975 315 1150 373 FOBTUNA

446 484 588 579 τρηχεῖ’,
611 485 688 554 ἀλλ’
714 493 827 578 άχαθη
850 494 1097 576 κουροτρόφος·

321 596 396 658 σότε
418 600 556 680 τραχεῖα
580 596 662 680 αὕτη
685 596 742 657 καί
762 596 1002 679 κουροτρόφος.

271 700 310 764 16
450 685 605 761 δέσποιν’
631 698 776 759 άπασών
799 687 913 758 πότνι’
934 687 1129 780 Ἀθηναίων
1152 691 1251 757 πόλι·

318 802 362 886 μη
389 797 471 882 λέχε,
495 800 672 885 ἄνθρωπε.
718 790 829 861 οδκέτ’
854 801 940 862 εἰσίν
962 800 1084 861 έκεῖνοι
1109 795 1285 861 δεσπόται.

447 903 494 978 ώς
514 904 571 965 καί
592 899 693 964 καλόν
718 918 778 963 σου
803 902 1022 987 φαίνεταιτὸ
1046 902 1195 983 νεώριον.

319 1001 404 1066 άλλδ
425 996 511 1086 μεθ’
532 996 778 1090 Ἑλλήσποντον
798 1005 855 1066 καί
877 999 1082 1088 Λύσανδρον
1106 1003 1253 1086 αίσχρόν.

725 1139 767 1150 -
789 1103 891 1181 καλός
914 1097 947 1168 δ’
973 1107 992 1167 ό
1014 1106 1200 1190 Πειραεύς·

319 1209 370 1270 ἔτι
392 1208 456 1292 γάρ
478 1208 563 1288 μετά
585 1214 653 1269 τῶν
674 1214 793 1288 τειχῶν
817 1208 918 1269 αότδν
941 1203 1090 1288 βλέπεις.

448 1307 534 1394 άλση
560 1307 596 1373 δὲ
618 1311 672 1386 τίς
694 1329 749 1373 πω
772 1301 887 1374 τοιάδ’
914 1302 985 1390 ἔσχ’
1010 1305 1093 1393 άλλη
1118 1304 1238 1383 πόλις,·
1683 1349 1685 1352 -

319 1412 386 1492 εἷχε
407 1417 479 1493 μέν,
503 1409 679 1497 δῃωθεῖσα
703 1409 739 1475 δὲ
763 1414 810 1488 ὡς
832 1414 892 1475 έπλ
915 1415 1108 1498 συμφοραῖς
1129 1405 1245 1495 (γυνή)
1266 1409 1480 1492 ἀπεκείρατο.
1598 1418 1628 1470 1⁰

446 1517 502 1577 καί
524 1515 690 1596 τούρανοῦ
709 1505 756 1596 χ’,
780 1515 827 1589 ώς
850 1531 968 1599 φασιν,
991 1515 1082 1576 ἐστὶν
1104 1515 1140 1575 όν
1160 1508 1262 1594 καλῷ.

318 1620 374 1680 καί
402 1618 562 1694 πῶς,οί
585 1636 621 1698 χε
651 1613 878 1697 λοιμώττουσι
905 1619 962 1680 καί
990 1623 1130 1678 νοσοῦσι
1157 1617 1215 1678 καί
1241 1611 1305 1694 [τό]
1333 1608 1438 1676 πλόον
1466 1611 1577 1673 αὐτῶν

273 1715 512 1781 ίῖάπόλλυται
539 1722 642 1800 μέρος
670 1719 738 1780 όπδ
766 1725 833 1780 τών
863 1719 972 1803 άέρων
1000 1719 1021 1803 ἢ
1050 1724 1117 1779 τῶν
1147 1713 1341 1795 πολεμίων,·
1368 1715 1424 1777 καί
1451 1714 1498 1799 μή
1523 1733 1576 1788 τις

307 1820 503 1900 ἀχθέσθω,
534 1816 624 1883 διότι
654 1821 761 1896 οὕτως
781 1827 849 1882 τών
871 1825 1029 1905 πατέρων
1053 1820 1293 1903 ἐμνημόνευσα.
1338 1823 1407 1878 τῶν
1428 1817 1491 1895 μὲν
1512 1815 1575 1899 γάρ

319 1925 497 2008 πρωτείων
521 1923 580 1984 οὐκ
605 1915 684 2002 <άν>
711 1919 822 1999 άλλως
849 1924 1072 2008 τύχοιμενμή
1100 1925 1174 1996 τοῖς
1202 1921 1355 2005 πρώτοις
1384 1913 1573 1998 άμιλλώμε·
1595 1928 1625 1979 ιι

319 2045 383 2088 νοι.
429 2022 515 2088 ἀλλὰ
538 2027 596 2088 καί
617 2021 767 2100 παλαιός
795 2047 848 2101 τις
878 2027 1089 2110 στρατιώτης
1111 2025 1158 2099 ώς
1185 2022 1329 2105 χοχονώς
1357 2027 1419 2082 τοῦ
1446 2021 1577 2101 πατρὸς

318 2128 717 2210 κρείσσωνέσεμνόνετο,
738 2129 795 2191 καί
812 2125 889 2191 οδδὲ
899 2119 1101 2212 Ἀθηναίοις
1123 2125 1262 2209 αἰσχρόν
1285 2124 1457 2207 πατράσιν
1480 2120 1576 2183 οόσιν

319 2231 387 2292 ὑπό
410 2235 477 2292 τών
501 2226 636 2292 παίδων
650 2235 868 2314 ηττωμένοις.
906 2238 966 2316 τῆς
980 2230 1043 2311 γάρ
1058 2231 1221 2311 ὑμετέρας
1234 2223 1440 2306 μεθέξουσιν
1456 2223 1577 2308 ἀρετῆς

318 2332 403 2393 κατά
427 2334 486 2418 την
510 2332 620 2393 αὐτῶν
642 2327 890 2413 ἐλαττούμενοι.
937 2339 1012 2407 πῶς
1026 2325 1119 2414 (σόν)
1143 2331 1201 2392 οὐκ
1218 2331 1259 2391 ἂν
1282 2324 1426 2412 εἰδείητε
1448 2328 1576 2388 τούτων

319 2433 481 2495 ἁπάντων
503 2439 545 2516 τῇ
567 2438 646 2520 τάχη
669 2437 730 2522 την
750 2437 849 2516 χάριν
871 2436 1010 2497 καὶτοῦ
1030 2437 1162 2516 χένους,
1184 2433 1238 2495 ότι
1252 2423 1417 2514 Ἕλληνες,
1439 2433 1577 2517 καὶτῆς
1599 2439 1727 2498 lom)

318 2529 516 2619 μεταβολῆς,
533 2537 586 2599 ότι
601 2539 637 2598 ἐκ
653 2539 806 2622 πενήτων
825 2532 1039 2614 εόδαίμονες;
1060 2537 1241 2620 Σωκράτης
1256 2541 1335 2617 χοῦν
1351 2534 1410 2595 έπί
1433 2529 1577 2607 πολλοῖς

271 2630 308 2693 18
321 2636 422 2697 αὐτόν
444 2632 633 2721 ἐμακάριζε,
655 2639 712 2700 καί
733 2639 787 2700 ότι
810 2633 895 2721 ζῷον
919 2635 1050 2719 λσχικδν
1065 2638 1122 2699 καί
1143 2639 1196 2698 ότι
1214 2627 1409 2720 Ἀθηναῖος.
1432 2630 1637 2698 “Aio-(88⁸
1647 2647 1708 2700 εισι

318 2740 415 2821 χένης
438 2733 474 2799 δὲ
498 2739 517 2798 ό
538 2740 627 2800 κόων
649 2739 815 2823 ἀγροίκως
836 2741 892 2802 καί
907 2736 1022 2801 τέλεον
1039 2739 1078 2800 οὐ
1094 2734 1280 2813 πολιτικῶς
1294 2736 1388 2822 ηὔχει
1409 2736 1494 2798 κατά
1517 2742 1576 2820 τῆς

318 2839 434 2923 τόχης,
456 2833 539 2921 <ώς>
560 2837 672 2904 πολλά
694 2842 755 2922 μέν
776 2837 856 2926 βέλη
880 2842 1037 2926 ἐφιείσης
1060 2838 1149 2923 αὐτῷ
1173 2842 1219 2916 ὡς
1243 2835 1376 2920 σκοπῷ,
1405 2842 1515 2916 τυχεῖν
1538 2833 1574 2899 δὲ

317 2937 362 3022 μη
380 2933 573 3022 δυναμένης.
612 2940 649 3000 οὐ
673 2943 766 3025 φέρω
788 2939 1043 3021 θρασυνόμενον
1059 2940 1146 3000 οὕτω
1163 2936 1366 3024 φιλόσοφον.
1403 2935 1448 3021 μὴ
1471 2960 1570 3001 κατα·
1593 2948 1624 2999 2ο

406 3121 417 3170 1
438 3135 459 3171 ιι
478 3115 673 3190 κουροτρόφος
689 3121 753 3180 (rici
772 3135 833 3174 cum
851 3125 958 3186 rasura)
974 3120 996 3174 P
1014 3119 1051 3176 cf.
1071 3119 1149 3175 Hom.
1169 3119 1218 3175 Od.
1237 3119 1277 3177 IX
1295 3124 1327 3176 27
1427 3126 1442 3177 2
1461 3131 1577 3197 τρηχεῖα

318 3199 397 3254 νεα
484 3207 500 3258 ε
518 3202 560 3258 cr.
579 3203 658 3258 roci
676 3203 739 3272 νη.
758 3204 832 3260 com.
849 3205 889 3259 111
907 3222 934 3275 p.
954 3211 1001 3260 ιιι
1022 3205 1158 3263 rreum
1176 3197 1206 3264 ι’
1224 3201 1347 3264 αιτιοι
1365 3207 1427 3262 riri
1445 3203 1579 3276 (ἁπασῶν

318 3304 368 3341 τοι
386 3284 417 3339 Μ
434 3279 558 3344 άπασαῖν
575 3287 691 3346 πόλεων
709 3290 750 3354 B),
767 3305 837 3346 corr.
851 3289 1004 3346 bleinelrlur
1073 3282 1159 3348 πόλιν
1176 3291 1206 3345 Μ
1292 3298 1308 3347 5
1325 3297 1378 3350 καὶ
1395 3287 1488 3350 καλὸν
1504 3292 1577 3355 libri,

318 3365 469 3441 πάγκαλον
485 3371 613 3429 Reirlriur
715 3379 731 3429 6
749 3371 926 3448 λδοοανόρος
943 3376 967 3431 Β
1042 3379 1056 3428 'i
1075 3375 1105 3434 όὲ
1124 3373 1143 3434 δ
1161 3377 1231 3442 libri,
1249 3393 1319 3433 corr.
1337 3375 1510 3433 Valckenrar

318 3449 692 3530 εῖαγὰροα.Ρα.ρε.
711 3455 800 3518 ἔτιδὲ
819 3460 895 3517 Ullbl
986 3457 1094 3534 θάλλη
1117 3457 1199 3534 ηυνὴς
1221 3461 1299 3526 libri,
1322 3457 1393 3534 άλλη
1411 3459 1495 3529 πόλις
1513 3462 1577 3518 Por-

317 3555 401 3596 εοαυε
470 3537 555 3614 ἔσχεν
572 3543 621 3598 ΡΗ
693 3551 723 3600 10
741 3550 884 3617 δῃωθεῖσα
902 3547 1086 3614 ῖεΙεΙιεαααε,
1101 3541 1134 3618 δὴ
1154 3551 1284 3604 σωθεῖσα
1302 3546 1364 3602 libri
1435 3547 1503 3619 γυνὴ
1521 3546 1576 3601 huc

316 3625 447 3681 transfert
464 3626 546 3684 Dind.
601 3634 628 3684 ll
649 3649 711 3696 παις
728 3631 770 3686 rel
787 3635 850 3697 τοῖς
866 3629 938 3699 libri,
954 3625 984 3703 y’
1003 3625 1043 3697 ώς
1060 3631 1160 3686 Βείεὶε
1223 3635 1253 3686 12
1270 3633 1319 3688 καί
1337 3628 1430 3688 πόσοι
1447 3650 1481 3702 χε
1498 3630 1524 3683 Η

316 3705 488 3781 λιμώττουσι
505 3713 576 3780 libri,
595 3730 665 3771 corr.
684 3714 766 3772 Dind.
847 3711 882 3773 τὸ
900 3716 999 3772 reclusi
1087 3721 1117 3769 14
1137 3703 1222 3781 οὗτος
1241 3713 1260 3767 Ρ
1281 3705 1400 3773 οδεωΒ
1489 3719 1518 3767 15
1536 3707 1574 3769 άν

316 3795 377 3850 εδδ.
395 3795 476 3867 Emp.
580 3797 693 3872 τύχοιεν
710 3798 737 3854 Η
841 3804 873 3854 ¹6
896 3795 1020 3866 παλαιός
1043 3818 1085 3865 τις
1106 3793 1296 3871 στρατιώτηςε
1321 3798 1390 3853 haee
1412 3809 1575 3865 magnopore

316 3894 360 3935 me
382 3887 563 3948 vexaverunt,
590 3885 677 3940 donec
701 3899 718 3939 ε
743 3884 952 3940 Wiiamowitrio
981 3884 1094 3940 edoctus
1122 3898 1184 3938 rum
1207 3882 1326 3952 spectari
1349 3881 1470 3937 Stheneli
1492 3880 1575 3937 rerba

316 3969 409 4022 Albi
498 3971 527 4022 ¹9
546 3960 642 4026 αδτυν
659 3969 720 4025 libri
743 3973 851 4039 praeter
867 3969 893 4022 Η
979 3959 1031 4026 οὖν
1053 3984 1106 4024 om.
1129 3966 1207 4022 PHll
1298 3967 1383 4039 εἰδείη
1405 3966 1574 4039 7⁶1²(idem

316 4065 385 4105 corr.
406 4048 439 4118 U)
524 4056 556 4107 20
574 4057 627 4112 τοῦ
644 4048 777 4126 γένους
762 4074 779 4111 ο
798 4049 950 4127 πελληνεδς
967 4053 1030 4109 libri
1047 4053 1080 4118 (U
1100 4049 1277 4124 παλληνευς),
1296 4068 1367 4108 corr.
1387 4051 1504 4108 Cunub.

316 4137 366 4206 τῆς
384 4133 477 4190 om.U
566 4131 1073 4211 21εδόαιμδνηοε1ἰλιεί,εοεεΕωρ
1167 4139 1200 4190 22
1219 4131 1310 4194 αδτδν
1327 4136 1377 4193 ΡΗ
1461 4126 1575 4195 καλάνι

315 4209 463 4324 Ἀθηναῖος
480 4235 532 4275 om.
552 4221 640 4288 ΜΡΗ,
658 4223 761 4278 eboni
779 4223 866 4292 suppl.
887 4221 948 4288 UB·
967 4222 1015 4276 red
1033 4223 1132 4277 incunt
1148 4221 1230 4276 latiur
1247 4226 1325 4292 putet
1377 4226 1410 4278 2³
1428 4212 1574 4294 α’χροικαῖς

317 4299 386 4359 bl
364 4323 504 4377 αχρσικος
522 4301 609 4362 UB’
589 4316 728 4380 αχροῑκος
745 4306 793 4362 ΡΗ
860 4310 1026 4409 ητσλιτικώς
1034 4307 1064 4360 ll
1081 4302 1230 4375 πολιτικός
1247 4308 1330 4363 celeri
1382 4299 1492 4380 εδτδχει
1508 4308 1572 4364 καί·

315 4409 361 4446 τοι
379 4394 429 4460 τῆς
446 4387 531 4464 τύχης
547 4393 617 4460 libri,
636 4409 705 4450 εσσε.
725 4393 820 4462 Dind.;
839 4389 938 4465 εὔχετο
956 4387 1031 4450 κατὰ
1050 4397 1100 4464 τῆς
1116 4389 1201 4465 τύχης
1218 4393 1297 4463 Εσιρ.
1401 4390 1473 4447 24ι
1452 4412 1492 4459 ως
1509 4399 1572 4448 καῖε

316 4469 409 4531 πολλὰ
427 4473 488 4530 add.
509 4477 587 4548 Emp.
656 4473 812 4551 έφιὴσηςΡ
892 4481 1004 4536 σκοποῦ
1023 4477 1045 4534 U
1063 4494 1098 4532 m.
1116 4493 1157 4547 pr.
1176 4477 1231 4534 llll
