3520 5270
353 365 414 426 160
806 366 929 424 motus
948 368 998 424 DE
1017 366 1156 425 GLORIA

351 544 437 605 ούτιυ
466 544 522 605 καί
550 547 569 629 ή
594 545 673 628 τύχη
696 544 811 625 κύριον
841 533 960 605 οὐδένα
985 548 1086 606 ποιεῖ
1102 550 1169 605 τῶν
1191 536 1254 630 ὐφ’
1281 546 1383 632 αύτής
1412 541 1611 624 διδομένων,

351 646 410 707 ἐάν
431 647 475 730 μή
500 652 614 729 προσῇ
635 647 674 707 τύ
697 646 782 724 μετὰ
805 653 867 706 νοῦ
885 647 942 708 καί
964 647 1163 731 φρονήσεως
1185 647 1261 709 τινά
1286 642 1478 728 λαμβάνειν.

302 747 341 810 15
440 747 474 808 ol
494 748 556 826 μέν
578 742 702 809 πολλοί
724 744 791 809 τιῦν
813 747 1010 840 ἀνθρώπων
1040 748 1209 811 είώθασιν
1232 739 1477 829 εὐδαιμονίζειν
1503 741 1610 824 εὐθύς

351 847 403 922 οἷς
425 849 466 910 ἀν
489 845 595 932 δρῶσι
616 849 658 910 τά
681 849 775 931 παρά
797 857 857 934 τής
879 850 978 934 τύχης
999 851 1204 933 ὑπάρχοντα,
1229 851 1344 934 ὥσπερ
1367 855 1441 926 τοῖς
1464 847 1608 914 πλέουσι
1616 871 1665 921 (σοι
1676 871 1712 921 Ι)

351 947 551 1036 συνήδονται
580 957 711 1031 πνεῦμα
741 949 884 1034 δρῶντες
912 953 1050 1031 ἐπέχον,
1088 945 1146 1014 οὐκ
1175 948 1303 1028 είδότες
1332 943 1404 1014 ούτ’
1436 953 1468 1015 εί
1497 954 1642 1038 φορδνε

350 1043 467 1127 αὐτοῖς
489 1056 589 1114 τοῦτό
611 1055 703 1116 ἐστιν
727 1043 799 1116 οὐτ’
826 1055 858 1116 εί
878 1055 1080 1140 κυβερνήτην
1102 1055 1238 1134 όχουσιν
1262 1055 1435 1138 ἔμπειρον.
1481 1056 1545 1137 έχύι
1570 1046 1605 1117 δ’

351 1152 450 1234 οἶμαι
472 1156 550 1216 τότε
572 1151 643 1217 δεῖν
664 1156 850 1239 μακαρίους
877 1157 1001 1238 κρίνειν
1030 1158 1109 1232 τούς
1138 1157 1173 1218 ἐν
1203 1156 1377 1241 ἀφθόνοις
1406 1158 1506 1231 ὄντας
1535 1161 1608 1232 τοῖς

349 1257 443 1340 παρὰ
466 1263 525 1342 τής
547 1249 662 1341 τύχης,
692 1258 772 1319 όταν
801 1248 918 1332 αὐτοῖς
943 1259 998 1320 καί
1026 1260 1065 1320 τύ
1093 1262 1232 1343 φρονεῖν
1262 1264 1365 1341 παρῇ.
1410 1249 1495 1320 καθ’
1523 1260 1607 1321 αύτά

347 1358 410 1441 χδρ
433 1364 538 1420 ταῦτα
564 1352 756 1442 δηλον<ότι>
777 1359 808 1420 εί
830 1363 904 1433 τοῖς
929 1360 1086 1444 ἀνοήτοις
1100 1363 1232 1440 γένοιτο
1249 1357 1402 1423 κινδύνου
1418 1361 1474 1422 καί
1490 1357 1608 1423 δυστυ-

345 1460 424 1539 χίας
446 1457 550 1521 αίτια.
1629 1479 1658 1530 10

876 1576 1076 1594 Ἦ

544 1931 546 1936 v
588 1813 661 1892 σε)
689 1809 843 1895 ΠΕΡΙ
873 1809 1076 1892 ΔΟΞΗΣ
1105 1810 1366 1896 τούτου.
1616 1837 1742 1890 ‹mn›

312 2115 325 2174 1
437 2105 517 2167 Είσί
537 2124 636 2180 τινες,
660 2105 696 2165 σί
716 2105 795 2178 τούς
816 2105 877 2183 μὲν
902 2093 1162 2190 φιλαργύρουςῆ
1179 2096 1387 2192 φιλόψουςῆ
1404 2103 1608 2192 οἰνόφλυγας

342 2195 370 2292 ἢ
394 2209 473 2289 περί
494 2212 652 2288 γυναῖκας
679 2194 699 2291 ἢ
723 2202 852 2281 παῖδας
879 2207 1108 2291 ἐπτοημένους
1137 2209 1290 2282 ἀσώτους
1318 2205 1531 2271 ἀποκαλοῦσι
1551 2211 1608 2271 καὶ

353 2305 534 2390 δυστυχεῖς,
557 2311 613 2372 καί
634 2311 763 2372 τούτων
786 2311 926 2372 ἕκαστον
948 2313 1107 2394 ήχοῦνται
1128 2311 1167 2371 τδ
1183 2313 1341 2390 μέγιστον
1365 2307 1506 2388 όνειδος,
1528 2313 1607 2386 τούς

352 2409 389 2473 δέ
419 2409 621 2498 φιλοτίμους
647 2413 703 2473 καί
732 2407 936 2497 φιλοδόξους
962 2402 1159 2473 τούναντίον
1188 2412 1404 2488 ἐπαινοῦσιν,
1442 2414 1489 2488 ὡς
1524 2410 1605 2493 λαμ-

350 2517 473 2597 προύς·
505 2515 592 2575 ὥστε
619 2515 676 2575 καί
698 2503 800 2587 αὐτὸς
828 2516 968 2587 έκαστος
991 2511 1180 2600 ὀψοφαγῶν
1207 2514 1269 2592 μὲν
1299 2501 1452 2597 ἢπίνων
1474 2503 1494 2599 ἢ
1517 2513 1602 2598 ἐρῶν
1628 2529 1657 2580 ιε

350 2635 443 2689 τινος
466 2617 660 2694 αἰσχύνεται
679 2617 736 2678 καί
759 2611 972 2700 περιστέλλει
994 2617 1054 2700 τήν
1074 2616 1249 2697 ἀκρασίαν,
1274 2611 1470 2692 δοξοκοπῶν
1493 2614 1609 2680 δὲκαὶ

351 2713 635 2802 φιλοτιμούμενος
665 2708 784 2778 οὐδένα
814 2717 1010 2799 ἀνθρώπων
1039 2714 1198 2796 βούλεται
1228 2714 1427 2794 λανθάνειν,
1458 2715 1543 2780 ἀλλά
1570 2723 1607 2781 ἐν

308 2818 398 2902 λτῷ
426 2824 518 2902 μέσῳ
547 2827 652 2880 ταῦτα
682 2823 786 2881 ποιεῖ.
837 2824 904 2880 τῶν
934 2819 996 2902 γάρ
1026 2815 1162 2881 πολλῶν
1191 2821 1332 2894 ἕκαστος
1367 2811 1518 2905 εὐφημεῖ
1547 2823 1607 2906 τήν

348 2923 508 3006 τοιαύτην
530 2923 646 2997 νόσον,
678 2917 862 2983 λυσιτελεῖν
883 2923 1066 3005 ήχούμενος
1089 2919 1189 3002 αύτῷ.
1235 2922 1292 2983 καί
1315 2919 1464 3006 δημοσίᾳ
1489 2921 1606 3003 σχεδδν

350 3025 387 3085 αί
409 3020 529 3098 πόλεις
552 3025 686 3084 ἅπασαι
709 3017 850 3084 δελέατα
866 3019 1063 3106 ἐξευρήκασι
1079 3029 1226 3086 παντοῖα
1249 3029 1322 3098 τοῖς
1338 3025 1506 3110 ἀνοήτοις,
1531 3044 1602 3088 στε-
1626 3036 1658 3084 ‘20

353 3130 482 3212 φάνους
503 3127 559 3187 καί
582 3120 766 3208 προεδρίας
788 3125 844 3186 καί
864 3126 1068 3208 κηρύγματα.
1112 3133 1291 3209 τοιχαρούν
1320 3123 1383 3210 ήδη
1413 3128 1509 3202 τινάς
1531 3130 1605 3189 τού-

351 3249 419 3290 των
434 3229 690 3306 ἐπιθυμοῦντας
706 3223 851 3301 ἀθλίους
865 3227 921 3288 καί
937 3231 1085 3311 πένητας
1101 3224 1295 3305 ἀπέδειξαν,
1320 3219 1417 3290 οὐδὲν
1433 3230 1605 3313 όρέχοντες

349 3335 433 3412 μέγα
458 3321 536 3391 οὐδέ
552 3329 763 3408 θαυμαστόν,
786 3319 863 3389 ἀλλ’
882 3329 992 3404 ἐνίους
1007 3330 1077 3390 ἀπδ
1094 3327 1228 3392 θαλλοῦ
1243 3332 1472 3413 περιάγοντες,
1490 3332 1605 3412 ὥσπερ

349 3433 391 3494 τὰ
415 3434 588 3516 πρόβατα,
611 3421 631 3516 ἢ
656 3434 824 3518 στέφανόν
846 3453 921 3494 τινα
945 3421 964 3516 ἢ
987 3433 1120 3495 ταινίαν
1142 3428 1393 3513 ἐπιβάλλοντες.
1447 3423 1564 3495 οὐκοῦν
1588 3433 1606 3493 δ

349 3543 521 3613 τοιοῦτος,
545 3531 619 3611 ἐξδν
642 3525 731 3617 αὐτῷ
754 3537 911 3619 μυρίους,
935 3536 966 3596 εί
986 3531 1121 3613 ἐθέλοι,
1146 3537 1335 3621 στεφάνους
1358 3539 1483 3618 προῖκα
1506 3537 1602 3614 ἐχειν,
1627 3544 1657 3595 25

350 3625 389 3700 οὐ
411 3640 514 3718 μόνον
537 3633 654 3711 ἐλαίας
675 3624 696 3720 ἢ
720 3633 829 3720 δρυός,
852 3634 938 3699 ἀλλά
959 3639 1016 3700 καί
1036 3645 1153 3700 κιττοῦ
1172 3640 1229 3700 καί
1249 3638 1420 3721 μυρρίνης,
1444 3633 1609 3712 πολλάκις

351 3783 491 3790 ...-.—-...-
525 3783 545 3788 -
737 3783 942 3789 —-—.-—
1181 3785 1281 3792 -,,-,,,
1474 3782 1603 3790 ——-

440 3844 931 3924 ίκαίήΡΗδ’ἦΜδήκαίΰΒ
1002 3848 1180 3925 mum
1246 3849 1609 3924 θσλμένόὴΡΗολμὲν

352 3927 404 3995 οὐν
420 3937 457 3992 Ρι
477 3936 505 3995 ολ
521 3937 575 4007 μὲν
593 3937 622 3990 Μ
646 3953 680 3992 m.
703 3953 745 4006 pr.
766 3941 815 3995 καί
840 3935 868 3995 ολ
889 3938 942 4006 μέν
961 3937 1008 3993 UB
1111 3936 1251 3997 εἰώθασιν
1273 3932 1478 4008 εὐδαιμονίζειν
1499 3953 1517 3993 ο
1540 3953 1608 3993 corr.

350 4024 527 4094 superscr.P
601 4022 662 4080 ἀεί
678 4017 836 4094 ἔφορονΜ
922 4025 985 4084 ύόλ
1002 4025 1051 4079 PH
1138 4030 1233 4089 Ἰτοῖς
1250 4038 1299 4091 pro
1318 4018 1385 4089 τούς
1402 4022 1427 4078 U
1445 4037 1479 4076 m.
1499 4038 1539 4090 pr.

349 4112 399 4179 τῆς
416 4124 465 4178 pro
483 4117 546 4175 τοῖς
562 4108 583 4163 Ρ
602 4124 636 4162 m.
656 4125 696 4178 pr.
766 4113 781 4164 8
800 4106 834 4166 τὸ
854 4125 906 4164 om.
926 4108 948 4164 U
1025 4103 1098 4166 καθ’
1117 4104 1189 4166 αὐτοὶ
1209 4108 1271 4163 ΗΡν
1288 4102 1361 4162 κατ’
1379 4099 1451 4164 αὐτὰ
1471 4105 1499 4156 Μ
1518 4099 1608 4162 ταύτὰ

347 4195 372 4249 Β
390 4185 462 4250 αὐτὰ
482 4192 528 4248 UP
597 4197 612 4247 9
630 4187 761 4265 δηλονότι
780 4192 859 4262 wil„
881 4197 968 4266 δῆλον
991 4193 1052 4248 libri
1127 4192 1155 4250 εί
1170 4193 1247 4247 ΡΗΜ
1271 4191 1298 4249 εί
1311 4194 1361 4247 καί
1380 4191 1414 4244 Ρκ
1432 4183 1472 4255 ὡς
1489 4189 1539 4244 UB

351 4281 382 4330 10
400 4277 479 4334 αἰτία
496 4278 527 4332 Μ
616 4282 645 4332 15
664 4271 760 4335 αὐτοῖν
777 4274 899 4344 ἕκαστος
915 4276 943 4332 Η
1032 4282 1061 4332 16
1079 4274 1297 4348 αἰσχύναιταιΡ
1373 4271 1606 4343 δοξοκομπιύνῐί

348 4362 561 4431 (μειηυοαιυει
578 4379 596 4419 ο
611 4369 692 4430 corr.)
762 4367 793 4418 17
810 4361 946 4436 βούλεται
964 4361 1134 4434 τορευταί)
1189 4367 1218 4415 19
1238 4353 1315 4436 αὐτῷ
1332 4359 1395 4415 ύοά
1412 4357 1556 4430 ρειείετῐί

349 4449 381 4498 23
400 4449 527 4504 ύαλούΒ
596 4444 829 4522 περιάχεκοντες
849 4449 870 4504 U
957 4454 989 4504 24
1009 4448 1228 4522 προβάλλοντες
1245 4445 1309 4502 Wil.
1395 4451 1428 4502 25
1447 4443 1609 4518 στεφάνους

348 4530 401 4598 μὲν
420 4531 497 4586 UBM
578 4537 611 4588 26
628 4538 677 4591 καί
694 4540 757 4604 post
774 4528 846 4592 ἀλλὰ
866 4551 918 4591 om.
937 4536 962 4592 U
1031 4536 1149 4608 μυρίνης
1166 4535 1194 4588 M
