3526 5264
679 387 815 444 ORATIO
833 387 932 444 LXXI.

469 765 542 844 154)
575 761 731 846 ΠΕΡΙ
763 761 1132 848 ΦΙΛΟΣΟΦΟΥ.

259 1055 356 1118 Εἰσὶν
379 1056 416 1117 οῖ
436 1073 524 1140 φασι
549 1052 619 1118 δεῖν
643 1059 755 1118 πάντα
778 1059 813 1119 ἐν
831 1063 936 1119 πᾶσιν
958 1054 1047 1118 εἶναι
1069 1057 1229 1140 περιττὸν
1251 1057 1310 1117 τδν
1334 1051 1431 1141 φιλό·
1456 1045 1471 1105 l

176 1171 301 1242 σοφον·
329 1159 386 1220 καί
409 1154 573 1244 ὁμιλῆσαι
595 1158 800 1242 ἀνθρώποις
824 1160 910 1244 φασί
939 1156 1009 1221 δεῖν
1037 1155 1126 1219 είναι
1156 1153 1350 1218 δεινότατον
1377 1159 1434 1220 καί

174 1256 346 1344 μηδέποτε
365 1267 459 1342 σιγᾶν
473 1257 558 1345 μηδὲ
575 1261 719 1342 ἀπορεῖν
736 1257 842 1343 λύγων
857 1263 1021 1324 τοιούτων
1040 1260 1127 1343 πρὸς
1148 1260 1228 1334 τούς
1250 1261 1432 1343 παρόντας,

177 1363 212 1424 οῖ
233 1359 433 1448 δυνήσονται
454 1367 592 1446 τέρπειν
617 1363 755 1438 αὐτούς·
779 1366 810 1426 εί
833 1359 869 1426 δέ
890 1364 948 1449 μη,
972 1364 1077 1448 φασίν
1100 1357 1241 1447 ἰδιώτην
1264 1359 1353 1424 εἶναι
1374 1363 1432 1423 τὸν

141 1477 156 1524 ο
177 1467 221 1550 μη·
246 1470 561 1549 παρεσκευασμένον
584 1466 692 1540 ούτως
713 1467 770 1528 καί
792 1462 906 1547 ἀλίγου
922 1462 1028 1542 ἀξιον.
1067 1465 1131 1546 έγιδ
1148 1459 1186 1526 δέ
1202 1484 1291 1549 φημι
1308 1463 1350 1524 τά
1371 1465 1433 1542 μέν

176 1562 289 1628 δίκαια
310 1567 367 1627 καί
390 1561 503 1650 ἀληθῆ
529 1562 635 1648 λέγειν
658 1566 854 1643 αύτούς,τά
878 1563 914 1628 δὲ
938 1566 986 1628 ου’.
1024 1569 1063 1628 τὸ
1085 1566 1232 1648 μὲνγὰρ
1255 1561 1430 1650 διαφέρειν
1454 1567 1474 1626 2

176 1675 350 1747 πανταχοῦ
369 1670 428 1730 τὸν
451 1665 646 1754 φιλόσοφον
669 1675 736 1731 τῶν
752 1665 863 1730 ἀλλων
880 1664 1037 1730 δοκοῖσιν
1057 1669 1173 1751 ὀρθῶς
1188 1663 1322 1743 ἀξιοῦν·
1345 1662 1434 1751 πλὴν

2 1755 12 1778 ⁸
59 1833 61 1836 ,
176 1771 206 1833 εἰ
235 1772 280 1855 μή
310 1790 346 1852 γε
374 1772 431 1832 καί
458 1771 519 1846 τὰς
553 1774 671 1849 τέχνας
701 1772 787 1856 φασί
817 1767 887 1833 δεῖν
914 1771 1016 1832 αὐτὸν
1051 1771 1190 1845 ἁπάσας
1224 1765 1352 1832 εἰδέναι
1378 1768 1436 1830 καί

174 1869 308 1953 βέλτιον
322 1874 407 1935 κατὰ
424 1876 484 1959 τὴν
499 1877 616 1956 τέχνην
640 1875 775 1935 ἅπαντα
799 1877 913 1936 ποιεῖν
935 1879 1003 1936 τῶν
1019 1869 1240 1957 δημιουργῶν,
1265 1871 1375 1946 οἰκίας
1396 1889 1433 1932 τε

132 1985 160 2036 lo
182 1971 464 2055 οἰκοδομούμενον
485 1976 542 2037 καί
564 1970 671 2038 πλοῖα
687 1977 961 2060 ναυπηγούμενον
975 1976 1032 2037 καί
1044 1971 1247 2054 χαλκεύοντα
1262 1975 1319 2035 καί
1333 1973 1435 2058 ύφαί·

176 2094 275 2138 νοντα
297 2078 353 2139 καί
373 2083 600 2159 γεωργοῦντα·
631 2077 747 2160 ὥσπερ
771 2078 790 2138 δ
810 2071 943 2150 Ἠλεῖος
959 2067 1097 2150 Ἱππίας
1119 2071 1214 2159 ἠξίου
1234 2074 1436 2159 σοφώτατος

69 2192 119 2242 (οοο
132 2191 166 2242 111
176 2177 264 2241 εἶναι
293 2185 360 2240 τῶν
378 2169 559 2264 Ἑλλήνων,
589 2178 627 2239 ού
654 2180 759 2258 μόνον
788 2179 964 2262 ποιήματα
996 2173 1203 2240 παντοδαπὰ
1231 2178 1288 2238 καί
1317 2171 1435 2256 λόγους

178 2282 283 2342 αὑτοῦ
303 2277 479 2354 ποικίλους
503 2283 688 2365 προφέρων
700 2269 907 2359 Ὀλυμπίασί
921 2299 958 2341 τε
979 2281 1036 2341 καί
1050 2280 1086 2341 έν
1101 2282 1177 2352 ταῖς
1193 2274 1313 2350 ἀλλαις
1328 2293 1435 2358 πανη-

178 2385 295 2466 γύρεσι
309 2389 376 2444 τῶν
388 2372 558 2467 Ἑλλήνων,
575 2377 660 2443 ἀλλά
674 2384 731 2444 καί
746 2378 832 2443 ἀλλα
849 2374 1064 2464 [ἐπιδεικνύς]
1079 2381 1171 2464 ίργα,
1191 2382 1250 2441 τόν
1265 2398 1302 2440 τε
1318 2374 1435 2440 δακτύ-

130 2495 156 2545 11
179 2483 253 2549 λιον
273 2487 330 2548 καί
350 2486 410 2571 τὴν
426 2482 574 2570 λήκυθον
588 2487 644 2548 καί
660 2481 836 2567 στλεγγίδα
851 2485 907 2546 καί
928 2478 1002 2564 (τὸ)
1017 2484 1153 2563 ίμάτιον
1173 2483 1229 2544 καί
1244 2483 1304 2567 τὴν
1319 2474 1435 2563 ζώνην,

178 2591 225 2664 ὡς
247 2591 382 2650 ἅπαντα
406 2588 604 2674 πεποιηκὼς
626 2588 738 2664 αύτός,
762 2586 835 2649 οίον
858 2587 1015 2672 ἀπαρχὰς
1037 2594 1096 2672 τῆς
1126 2586 1252 2671 σοφίας
1274 2587 1347 2656 τοῖς
1362 2573 1434 2644 Ἕλ-

179 2687 276 2775 λησιν
298 2687 528 2754 έπιδεικυύων.
567 2687 684 2770 σχεδὸν
708 2686 744 2752 δί
765 2681 981 2775 καίὍμηρος
998 2679 1162 2752 Ὀδυσσέα
1185 2687 1371 2770 πεποίηκεν
1394 2683 1432 2758 ούΙ
1456 2685 1475 2749 3

176 2797 280 2873 μόνον
301 2797 414 2878 γνώμη
439 2792 647 2880 διαφέροντα
670 2791 795 2876 καὶτῷ
820 2791 992 2855 δύνασθαι
1020 2793 1100 2876 περί
1128 2791 1335 2874 πραγμάτων
1357 2786 1435 2867 βου·

178 2893 341 2959 λεύεσθοι
369 2899 427 2959 καί
456 2894 562 2980 λέγειν
592 2894 786 2960 δεινότατον
815 2897 849 2958 έν
878 2916 915 2958 τε
944 2891 1074 2981 πλήθει
1101 2894 1159 2955 καί
1186 2892 1274 2976 πρὸς
1302 2887 1436 2971 δλίγους

2 3027 11 3059 ι
131 3005 160 3056 10
179 3001 236 3061 καί
258 3001 345 3081 πρὸς
367 3001 442 3075 ἕνα,
470 3002 527 3062 καί
549 3001 586 3084 νὴ
610 3001 679 3061 Δία
702 3019 739 3082 γε
761 3001 796 3060 έν
819 2994 977 3082 ἐκκλησίᾳ
998 3017 1034 3058 τε
1055 2998 1112 3059 καί
1134 2994 1228 3078 παρὰ
1251 2994 1358 3053 πότον
1380 2989 1437 3050 καί

48 3100 209 3166 mmet
231 3102 325 3178 τύχοι
339 3102 424 3178 μετά
438 3119 532 3174 τινος
547 3095 694 3179 βαδίζων
711 3097 800 3176 δδύυ,
822 3102 879 3162 καί
895 3101 982 3184 πρὸς
998 3095 1140 3180 βασιλέα
1156 3098 1213 3159 καί
1235 3095 1321 3173 πρὸς
1341 3087 1435 3153 ἰδιώ·

178 3221 248 3285 την,
269 3202 326 3263 καί
348 3203 435 3284 πρὸς
457 3199 638 3286 ἐλεύθερον
659 3204 716 3265 καί
739 3204 826 3285 πρὸς
849 3198 979 3279 δούλαν,
1000 3203 1057 3264 καί
1080 3201 1180 3263 αύτδν
1196 3193 1332 3274 ἔνδοξον
1356 3195 1434 3257 ύυτα

179 3304 235 3365 καί
256 3299 399 3383 βασιλέα
420 3305 477 3366 καί
499 3303 543 3364 αύ
557 3299 662 3365 πάλιν
678 3305 901 3385 ἀγνοούμενον
916 3305 972 3366 καί
988 3305 1132 3382 πτωχόν,
1155 3302 1212 3364 καί
1226 3301 1314 3380 πρὸς
1329 3292 1435 3379 ἀνδρα

178 3425 214 3468 τε
238 3406 364 3485 δμοίως
385 3408 442 3468 καί
463 3410 600 3487 γυναῖκα
622 3407 679 3468 καί
700 3408 817 3490 κόρην,
848 3407 901 3468 έτι
929 3403 965 3468 δὲ
994 3405 1169 3484 μάχεσθαι
1198 3401 1435 3478 ἐπιστάμενον,

124 3519 153 3570 25
175 3505 261 3571 ἀλλά
282 3509 339 3570 καί
360 3515 427 3570 τῶν
453 3510 619 3570 τοιούτων
647 3507 809 3570 ἁπάντων
838 3509 1017 3590 ἔμπειρον,
1045 3511 1235 3589 τεκτονικῆς
1262 3503 1318 3563 καί
1348 3501 1436 3560 οἰκο·

179 3607 300 3692 δομίας
321 3612 377 3673 καί
400 3617 615 3695 ναυπηγικῆς.
654 3615 729 3684 πῶς
751 3610 813 3691 γὰρ
836 3610 877 3670 ἀν
899 3610 938 3670 τδ
963 3605 1056 3686 λέχος
1071 3607 1234 3691 ἐποίησεν
1249 3602 1433 3682 ἀποκόψας
1456 3608 1476 3668 4

264 3776 375 3833 titulum
393 3779 460 3849 περί
478 3776 534 3832 τοῦ
552 3770 718 3846 φιλοσόφου
735 3774 760 3831 U
831 3779 842 3828 1
862 3771 918 3830 τάν
934 3769 1099 3844 φιλόσοφον
1116 3786 1168 3826 om.
1188 3768 1267 3826 UBM
1345 3769 1360 3820 3
1379 3785 1436 3822 σει-

177 3868 233 3937 γάν
250 3863 280 3918 Μ
349 3858 529 3934 δάληλέγιιν
546 3859 570 3916 U
588 3876 624 3917 m.
642 3876 684 3930 pr.
701 3862 751 3932 (ύῆ
769 3873 905 3929 ειιροειιι.
923 3873 940 3912 ιι
957 3861 1039 3923 corr.)
1108 3856 1261 3914 Ἰσοκαῠσί
1276 3873 1327 3925 μοι
1345 3851 1375 3906 Μ
1392 3854 1437 3905 δο-

177 3953 277 4008 κοῦσιν
294 3953 357 4015 (σοι.
376 3953 436 4017 μοι)
454 3945 537 4002 ceteri
642 3938 736 4014 ὀρδοῖι
755 3944 782 3999 Η
886 3941 988 4016 δμὴτε
1005 3942 1036 3997 Μ
1052 3938 1091 4014 μὴ
1109 3941 1157 3998 UB
1174 3937 1212 4014 μή
1230 3961 1257 3998 τι
1273 3937 1331 4003 ΡΗ,
1348 3931 1386 4007 μή
1404 3951 1437 4006 γε

178 4034 295 4090 malebat
311 4035 391 4104 Emp.
464 4031 637 4089 111πλεῖαΡ
709 4034 738 4085 11
758 4019 839 4102 ἥλιος
856 4031 885 4085 Μ
939 4033 969 4084 1³
987 4021 1162 4086 αύτοῖΙίΗΡ
1233 4029 1265 4079 14
1282 4014 1438 4086 ἐπιδεικνὺς

178 4121 277 4177 seclusi
348 4114 871 4190 15<ιὸ>1μάτιον1111.ιΡ1ιι.Η1ρρ.
885 4114 913 4170 11
929 4131 957 4185 p.
972 4119 1051 4178 3680,
1070 4103 1175 4182 λμιίνια
1189 4108 1286 4168 ΠΒΡΗ
1302 4103 1355 4177 ίμα
1367 4105 1397 4160 Μ

181 4212 212 4263 18
228 4203 327 4279 γναίμη
344 4201 382 4276 μὴ
400 4205 431 4257 Μ
490 4197 706 4277 βουλεύσασθαι
724 4201 786 4256 libri
802 4199 955 4269 praeterii
1027 4203 1057 4254 19
1075 4192 1244 4256 δεινότατον
1260 4192 1366 4262 scripsi,
1384 4193 1436 4246 ἀει·

178 4290 289 4350 νότατα
305 4290 382 4356 libri3
401 4289 435 4346 cf.
454 4287 637 4361 διαφέροντα,
654 4281 855 4356 ἐπιστάμενον,
873 4281 1025 4357 &autepon-
1041 4283 1196 4354 eloquentia
1212 4281 1327 4336 alterum
1345 4279 1436 4345 caput,

179 4391 197 4431 ι
213 4375 326 4433 consilio
345 4375 479 4430 diversum
565 4375 598 4427 22
620 4364 710 4429 αύιδν
734 4365 850 4438 ἔνδοξον
872 4370 934 4438 (del.
953 4373 1011 4437 καί)
1028 4368 1093 4424 Wil.
1116 4370 1165 4425 καὶ
1183 4365 1237 4425 τὸν
1254 4360 1370 4430 ἔνδοξον
1386 4360 1437 4417 UB

180 4457 234 4518 τὸν
250 4457 365 4528 ἔνδοξον
381 4463 442 4525 (om.
460 4463 520 4526 καί)
536 4458 567 4514 Μ
583 4459 632 4514 καί
649 4455 726 4527 πρὸς
742 4451 858 4523 ἔνδοξον
875 4455 923 4510 ΡΗ
992 4461 1025 4511 25
1043 4450 1167 4528 ἔμπιρον
1183 4452 1213 4506 Μ
1273 4452 1321 4507 καί
1339 4465 1438 4505 τεκτο·

181 4548 258 4618 νικῆς
274 4545 353 4602 ΟΒΜ
422 4545 591 4615 οἰκονομίας
608 4541 638 4598 Μ
