3476 5264
361 359 424 420 284
738 357 862 416 nloms
879 357 931 416 DE
949 357 1238 418 coufon'floue

361 531 517 614 δέχονται
533 534 613 610 τούς
630 530 809 616 δεομένους
827 535 936 598 αύτῶν
952 536 994 598 αί
1004 555 1040 598 τε
1056 535 1203 621 Νύμφαι
1223 534 1281 600 καί
1296 535 1315 596 ό
1328 535 1515 613 Διόνυσος·
1541 536 1635 603 ἀλλὰ

362 637 422 698 ἅτε
439 633 654 718 διθύραμβος
676 639 724 700 ὢν
746 639 766 700 δ
785 639 957 713 Διόνυσος
977 639 1035 700 καλ
1056 638 1124 700 ύπδ
1146 645 1311 723 κεραυνοῦ
1329 639 1386 701 καί
1407 639 1555 727 βροντῆς
1577 663 1635 725 γεν

360 740 510 820 νόμενος,
534 739 580 815 ὥς
604 755 710 825 φασιν
729 741 763 802 οί
786 741 940 826 ποιηταί,
966 740 1046 815 τούς
1068 740 1307 826 ἀμαθέστερον
1319 746 1515 826 χρωμένους
1531 745 1633 826 ἀτεχ-

360 847 428 915 νῶς
456 842 565 925 πυρός
593 838 771 927 πίμπλησι
798 839 929 926 καὶτῷ
960 843 1033 906 όντι
1062 839 1212 918 πολλούς
1241 844 1351 907 αύτῶν
1377 846 1634 932 ἐμβροντήτους

361 944 534 1028 ἐποίησεν.
579 941 674 1006 ούτοι
701 945 763 1025 μέν
793 943 850 1006 οδν
874 941 991 1024 σχεδόν
1013 965 1048 1008 τι
1070 947 1272 1025 μαινόμενοι
1293 942 1405 1008 πολλὰ
1427 950 1513 1012 κακά
1538 947 1663 1034 δρῶ-ε

363 1061 434 1123 σιν,
464 1047 580 1131 ὥσπερ
597 1038 745 1132 Ὅμηρός
774 1062 862 1132 φησι
889 1050 948 1111 τόν
970 1047 1164 1133 Κένταυρον
1192 1048 1416 1129 μεθυσθέντα
1442 1051 1478 1114 ἐν
1500 1059 1545 1137 τῇ
1568 1061 1636 1116 τοῦ

321 1161 341 1224 3
363 1149 538 1233 Πειρίθου
562 1149 653 1232 ολκίρ
674 1150 759 1212 κακά
781 1150 1008 1234 ἐργάσασθαι.
1136 1143 1215 1234 [καί]
1237 1147 1337 1214 ἄλλοι
1360 1148 1397 1214 δέ
1421 1154 1525 1238 φύσει
1548 1153 1635 1220 ἀδο-

366 1247 486 1331 λέσχαι
515 1251 589 1315 οἷον
618 1253 793 1337 ἀκροατῶν
822 1273 924 1316 τινων
953 1249 1136 1334 λαβόμενοι
1156 1259 1225 1316 τῶν
1248 1260 1433 1334 συμποτῶν
1455 1257 1635 1344 ἀναισθή-

362 1374 444 1430 τους
463 1356 521 1419 καέ
541 1357 691 1440 μακρούς
714 1352 933 1420 διατίθενται
955 1352 1090 1438 λόγους·
1113 1357 1149 1417 οί
1164 1352 1200 1418 δέ
1217 1347 1342 1440 ᾄδουσι
1358 1360 1417 1421 καὶ
1438 1355 1634 1441 ἀπᾴδουσι,
1644 1375 1710 1422 tm

365 1454 500 1543 σφόδρα
524 1459 671 1538 ἄμουσοι
694 1460 804 1534 ὄντες,
832 1459 890 1522 καλ
913 1454 1030 1538 σχεδόν
1056 1479 1088 1520 τι
1112 1454 1238 1538 μάλλον
1262 1455 1410 1524 λυποῦσι
1431 1466 1499 1524 τῶν
1520 1482 1633 1542 μαχο-
1655 1473 1681 1526 ιο

362 1563 473 1642 μένων
494 1562 551 1623 καλ
575 1556 852 1645 λοιδορουμένων.
891 1563 1001 1646 ἐτεροι
1024 1557 1060 1624 δέ
1084 1561 1318 1646 αύστηρολκαί
1340 1564 1517 1650 σώφρονες
1541 1561 1637 1628 εἶναι

365 1659 517 1744 λέγοντες
540 1663 785 1727 ἀποκναίουσιν
807 1659 922 1748 ἀηδίᾳ,
945 1664 1031 1748 μήτε
1053 1671 1166 1726 ποτοῦ
1185 1666 1224 1726 τδ
1239 1667 1379 1746 μέτριον
1400 1666 1485 1750 μήτε
1509 1662 1638 1742 λαλιᾶς

323 1777 344 1836 4
366 1767 540 1829 κοινωνεῖν
563 1762 745 1842 ἀξιοῦντες.
854 1765 893 1841 ὃς
922 1756 954 1828 δ’
988 1766 1029 1828 όν
1051 1745 1074 1850 ᾖ
1096 1764 1210 1851 πρᾷος
1233 1767 1316 1853 ἀνήρ
1338 1770 1396 1831 καί
1417 1769 1476 1831 τόν
1499 1771 1638 1850 τρόπον

366 1869 490 1944 ἱκανῶς
511 1871 734 1954 ήρμοσμένος,
757 1874 824 1932 τῶν
846 1885 883 1932 τε
899 1865 1011 1932 ἄλλων
1033 1864 1163 1952 ῥᾳδίως
1187 1869 1349 1950 ὑπομένει
1371 1871 1432 1956 τήν
1448 1867 1638 1934 δυσκολίαν

366 1972 423 2034 καί
439 1971 540 2046 αύτός
555 1972 601 2046 ὡς
617 1969 690 2034 σίόν
705 1991 741 2033 τε.
756 1965 775 2007 *
790 1967 809 2006 *
825 1971 946 2057 ἀμαθῆ
960 1973 1062 2056 χορδν
1078 1971 1129 2047 είς
1144 1973 1183 2033 τό
1207 1968 1283 2036 δέον
1304 1973 1477 2049 καθιστάς
1498 1971 1632 2058 ῥυθμῷ
1656 1983 1683 2036 1⁵

364 2095 402 2137 τε
422 2076 480 2138 καί
493 2071 590 2156 μέλει
611 2071 659 2158 τῷ
676 2075 893 2159 προσήκοντι,
917 2076 997 2149 τούς
1018 2095 1055 2137 τε
1079 2073 1224 2149 οἰκείους
1247 2072 1366 2156 λόγους
1382 2075 1554 2161 εἰσφέρων
1577 2078 1715 2142 καίωσι

366 2173 537 2262 δεξιότητι
563 2179 620 2240 καλ
650 2177 779 2240 πειθοῖ
805 2179 1062 2262 προσαγόμενος
1090 2178 1170 2252 τούς
1196 2179 1387 2262 παρόντας,
1416 2179 1505 2241 ὥστε
1527 2180 1635 2260 ἐμμε-

367 2275 524 2364 λέστερον
546 2282 603 2343 καλ
627 2277 849 2366 φιλικώτερον
874 2277 1022 2358 ξυνεῖναι
1046 2275 1217 2365 ἀλλήλοις.
1715 2347 1716 2352 1

325 2387 344 2449 5
453 2383 496 2446 τὰ
518 2385 580 2464 μὲν
603 2379 642 2469 δή
666 2389 734 2446 τῶν
758 2384 959 2465 συμποσίων
980 2389 1138 2445 τοιαῦτα·
1161 2382 1384 2467 ἀφικνοῦνται
1406 2378 1443 2444 δέ
1464 2383 1641 2466 καὶπρὸς

367 2484 430 2560 τὰς
453 2488 674 2569 πανηγύρεις,
704 2487 738 2547 ol
766 2487 828 2565 μέν
852 2487 1006 2569 ἱστορίας
1028 2488 1136 2548 ἕνεκεν
1157 2490 1225 2546 τῶν
1247 2504 1284 2546 τε
1307 2480 1418 2546 ἀλλων
1439 2484 1635 2565 θεαμάτων
1657 2499 1686 2550 w

366 2587 505 2649 καὶτῶν
528 2587 684 2669 ἀγώνων·
713 2589 770 2650 καί
798 2589 927 2650 τούτων
949 2590 1026 2650 όσοι
1057 2583 1192 2672 σφόδρα
1214 2583 1466 2662 ἐσπουδακότες
1488 2587 1572 2668 περὶ
1594 2589 1637 2651 τό

370 2693 523 2773 πρᾶγμα,
555 2684 767 2751 διατελοῦσιν
790 2689 894 2752 ούθέν
917 2685 1000 2751 ἀλλο
1023 2691 1232 2774 πράττοντες
1253 2685 1292 2766 ἐξ
1313 2689 1479 2752 ἐωθινοῦ·
1506 2686 1639 2754 πολλοὶ

368 2786 404 2853 δέ
428 2789 513 2853 ῶνια
535 2785 729 2870 κομίζοντες
752 2787 975 2869 παντοδαπά,
1006 2793 1168 2877 ἀγοραῖος
1190 2789 1296 2872 όχλος,
1325 2792 1359 2853 οί
1382 2788 1421 2854 δέ
1442 2811 1532 2867 τινες
1555 2796 1636 2855 ἐαυ-

326 2895 346 2958 6
369 2897 437 2955 τῶν
465 2887 716 2972 ἐπιδειξόμενοι
747 2897 865 2973 τέχνας
886 2895 944 2956 καί
966 2891 1197 2980 δημιουργίας,
1220 2891 1320 2957 ἀλλοι
1343 2890 1380 2957 δὲ
1405 2895 1532 2979 σοφίαν
1553 2897 1636 2958 τινά

369 2997 480 3059 αύτῶν
502 2995 728 3082 ἐκφαίνοντες,
752 2992 875 3059 πολλοὶ
896 2999 957 3077 μέυ
975 2999 1152 3083 ποιήματα
1168 2994 1416 3072 ἐπιδεικνύντες
1438 2993 1634 3078 τραγῳδίας
1656 3009 1685 3060 ἐν

370 3119 406 3161 τε
434 3098 492 3162 καί
520 3099 631 3177 ἐπῶν,
666 3096 791 3162 πολλοὶ
819 3096 854 3162 δέ
882 3096 1114 3186 καταλογάδην
1139 3102 1396 3185 συγγράμματα,
1426 3099 1485 3162 τδν
1509 3095 1636 3186 σχολής

369 3202 476 3263 ἕνεκεν
494 3202 616 3285 ήκοντα
638 3201 695 3263 καλ
717 3202 887 3286 ῥᾳθυμεῖν
908 3198 1113 3283 βουλόμενον
1136 3198 1365 3282 ἐνοχλοῦντες·
1389 3197 1485 3264 ούτοι
1508 3198 1544 3265 δέ
1566 3205 1717 3284 μά-ωωε

370 3298 469 3365 λιστα
499 3304 632 3366 ἐοίκασι
662 3309 736 3380 τοῖς
762 3299 976 3390 μινυρίζουσι
1002 3305 1060 3369 καί
1088 3295 1230 3388 ᾅδουσιν
1258 3306 1390 3380 ἐντοῖς
1413 3304 1636 3385 συμποσίοις,

370 3399 418 3465 ὧν
440 3401 477 3481 ἐξ
499 3406 644 3492 ἀνάγκης
660 3407 794 3470 ἀκούειν
816 3408 901 3486 ἐστι,
923 3407 985 3471 κάν
1006 3408 1051 3493 μή
1071 3403 1157 3491 θέλη
1181 3427 1243 3483 τις.
1331 3408 1367 3470 ἐν
1383 3407 1554 3482 τούτοιςό
1577 3403 1636 3469 δυ-

369 3507 513 3588 νάμενος
543 3505 661 3593 λόγους
689 3513 800 3574 εἰπεῖν
831 3507 1025 3596 ὠφελίμους
1053 3512 1110 3573 καί
1133 3514 1368 3595 συμφέροντας
1388 3511 1445 3573 καλ
1466 3511 1527 3596 τήν
1549 3505 1633 3594 όλην
1655 3521 1685 3574 ω

372 3607 513 3676 σύνοδον
536 3613 842 3699 εὐσχημονεστέραν
871 3615 928 3676 καλ
956 3613 1083 3695 ἀμείνω
1114 3617 1316 3697 παρασχεῖν,
1347 3608 1445 3686 ούτος
1474 3611 1542 3674 ύπδ
1571 3619 1635 3696 τής

369 3723 517 3802 ταραχῆς
544 3718 601 3780 καλ
629 3724 691 3779 τοῦ
717 3713 876 3802 πλήθους
904 3722 972 3778 τῶν
994 3712 1106 3778 ἀλλων
1131 3717 1272 3800 ήσυχίαν
1294 3716 1370 3798 ἀγει
1389 3715 1447 3777 καλ
1468 3715 1635 3798 τρέπεται

330 3807 457 3882 'luae'
484 3821 595 3883 αὐτόν.
633 3820 836 3883 πεπόνθασι
858 3819 920 3903 γὰρ
945 3815 983 3905 δή
1016 3819 1050 3881 ol
1072 3814 1196 3881 πολλοὶ
1218 3821 1306 3901 πρός
1328 3819 1408 3893 τούς
1430 3817 1466 3880 ἐκ
1490 3812 1634 3898 φιλοσο-

454 4033 739 4110 λέμβροντλτουςῦ
792 4024 1284 4110 6⁰0pqpoceelLOd.XX129⁶eq.
1338 4032 1409 4089 ῖσί.
1427 4030 1633 4088 flammeo

366 4114 436 4182 κάκ’
455 4115 535 4194 ἔρεξε
552 4121 646 4192 δόμον
661 4115 737 4180 κατὰ
755 4115 925 4196 Πειριθόοιο
994 4122 1045 4178 καὶ
1061 4119 1175 4190 ιεεέσιίς
1194 4124 1237 4175 eet
1253 4118 1324 4174 enim
1341 4133 1418 4174 mere
1434 4114 1571 4188 oppositio

371 4211 403 4265 ¹2
421 4203 456 4266 τὸ
473 4207 584 4280 μέτρον
600 4206 669 4272 libri,
687 4205 723 4264 τὸ
740 4207 860 4278 μέτριον
878 4206 987 4262 Geellue
1057 4209 1088 4260 15
1108 4201 1220 4264 οἴονται
1237 4203 1268 4258 Μ
1325 4204 1451 4260 hennam
1468 4199 1636 4270 signiflme

368 4293 433 4350 wil.
485 4289 629 4359 καθιστὰς
645 4291 716 4361 libri,
733 4293 888 4364 καθίστησι
903 4290 1016 4357 δεεσσε,
1034 4289 1082 4347 σεδ
1099 4291 1134 4346 σί.
1153 4291 1246 4346 adnot
1264 4289 1472 4360 praecedentem
1543 4291 1575 4342 16
1594 4279 1631 4343 τὸ

369 4373 547 4453 προσήκοντι
566 4378 588 4434 U
605 4381 633 4446 (ο
651 4377 760 4433 articuli
777 4375 894 4443 evanuit)
967 4380 996 4430 ιτ
1016 4379 1097 4433 τινα
1113 4375 1143 4430 M
1213 4379 1246 4429 νο
1264 4369 1390 4432 ἐνέκαεν
1470 4375 1501 4428 τι
1523 4369 1565 4438 τίς
1580 4385 1633 4441 pro

369 4464 477 4537 περλΒ
581 4467 614 4520 25
632 4456 728 4523 αὐτῶν
743 4461 832 4528 Uen,
851 4474 920 4516 corr.
939 4459 1021 4516 Dlnd.
1125 4459 1320 4532 δκφανούντες
1336 4457 1465 4515 Reimea
1548 4459 1583 4512 ²9
1600 4451 1635 4514 ἐν

369 4544 642 4626 werce-interea?
