<?xml version="1.0" encoding="UTF-8"?>
<!DOCTYPE html PUBLIC "-//W3C//DTD XHTML 1.0 Transitional//EN"
    "http://www.w3.org/TR/xhtml1/DTD/xhtml1-transitional.dtd">
<html xmlns="http://www.w3.org/1999/xhtml" xml:lang="en" lang="en">
 <head>
  <title>
</title>
<meta http-equiv="Content-Type" content="text/html;charset=utf-8" />
  <meta name='ocr-system' content='tesseract 3.04.00' />
  <meta name='ocr-capabilities' content='ocr_page ocr_carea ocr_par ocr_line ocrx_word'/>
</head>
<body>
  <div class='ocr_page' id='page_1' title='image "./quaeexstantomni01diogoog_0317.png"; bbox 0 0 3526 5264; ppageno 0'>
   <div class='ocr_carea' id='block_1_1' title="bbox 344 271 1223 412">
    <p class='ocr_par' dir='ltr' id='par_1_1' title="bbox 344 271 1223 412">
     <span class='ocr_line' id='line_1_1' title="bbox 1047 271 1066 299; baseline 0 0"><span class='ocrx_word' id='word_1_1' title='bbox 1047 271 1066 299; x_wconf 79' lang='lat' dir='ltr'><em>t</em></span> 
     </span>
     <span class='ocr_line' id='line_1_2' title="bbox 344 347 1223 412; baseline -0.006 -1"><span class='ocrx_word' id='word_1_2' title='bbox 344 351 409 412; x_wconf 77' lang='lat'><em>206</em></span> <span class='ocrx_word' id='word_1_3' title='bbox 728 349 853 406; x_wconf 67' lang='lat' dir='ltr'>motus</span> <span class='ocrx_word' id='word_1_4' title='bbox 870 349 922 405; x_wconf 72' lang='lat' dir='ltr'><em>DE</em></span> <span class='ocrx_word' id='word_1_5' title='bbox 940 347 1223 408; x_wconf 70' lang='lat' dir='ltr'>CONSUETUDINE</span> 
     </span>
    </p>
   </div>
   <div class='ocr_carea' id='block_1_2' title="bbox 309 517 1741 2871">
    <p class='ocr_par' dir='ltr' id='par_1_2' title="bbox 347 517 1661 1640">
     <span class='ocr_line' id='line_1_3' title="bbox 348 517 1614 614; baseline 0.001 -23"><span class='ocrx_word' id='word_1_6' title='bbox 348 541 455 609; x_wconf 86' lang='grc' dir='ltr'><em>μεως·</em></span> <span class='ocrx_word' id='word_1_7' title='bbox 479 526 545 590; x_wconf 82' lang='grc' dir='ltr'><em>τῶν</em></span> <span class='ocrx_word' id='word_1_8' title='bbox 569 523 605 588; x_wconf 83' lang='grc' dir='ltr'><em>δέ</em></span> <span class='ocrx_word' id='word_1_9' title='bbox 628 523 721 588; x_wconf 79' lang='grc' dir='ltr'><em>ἐθῶν</em></span> <span class='ocrx_word' id='word_1_10' title='bbox 745 517 843 588; x_wconf 78' lang='grc' dir='ltr'><em>οὐδὲν</em></span> <span class='ocrx_word' id='word_1_11' title='bbox 866 523 1060 612; x_wconf 84' lang='grc' dir='ltr'><em>ἀμφίβολον</em></span> <span class='ocrx_word' id='word_1_12' title='bbox 1084 518 1161 589; x_wconf 85' lang='grc' dir='ltr'><em>ούδέ</em></span> <span class='ocrx_word' id='word_1_13' title='bbox 1179 523 1325 606; x_wconf 88' lang='grc' dir='ltr'><em>σκολιόν,</em></span> <span class='ocrx_word' id='word_1_14' title='bbox 1349 519 1424 590; x_wconf 81' lang='grc' dir='ltr'><em>οὐδ’</em></span> <span class='ocrx_word' id='word_1_15' title='bbox 1449 528 1491 591; x_wconf 80' lang='grc' dir='ltr'><em>ἂν</em></span> <span class='ocrx_word' id='word_1_16' title='bbox 1513 549 1614 614; x_wconf 84' lang='grc' dir='ltr'><em>περι·</em></span> 
     </span>
     <span class='ocr_line' id='line_1_4' title="bbox 350 621 1612 714; baseline -0.002 -19"><span class='ocrx_word' id='word_1_17' title='bbox 350 623 476 714; x_wconf 82' lang='grc' dir='ltr'><em>γένοιτ’</em></span> <span class='ocrx_word' id='word_1_18' title='bbox 503 621 613 692; x_wconf 79' lang='grc' dir='ltr'><em>αὐτῶν</em></span> <span class='ocrx_word' id='word_1_19' title='bbox 637 625 743 710; x_wconf 88' lang='grc' dir='ltr'><em>λόγος.</em></span> <span class='ocrx_word' id='word_1_20' title='bbox 795 629 956 691; x_wconf 83' lang='grc' dir='ltr'><em>κάκείνων</em></span> <span class='ocrx_word' id='word_1_21' title='bbox 977 631 1038 709; x_wconf 90' lang='grc' dir='ltr'><em>μέν</em></span> <span class='ocrx_word' id='word_1_22' title='bbox 1061 630 1115 692; x_wconf 81' lang='grc' dir='ltr'><em>ἀεί</em></span> <span class='ocrx_word' id='word_1_23' title='bbox 1138 626 1195 692; x_wconf 87' lang='grc' dir='ltr'><em>δεῖ</em></span> <span class='ocrx_word' id='word_1_24' title='bbox 1210 633 1447 714; x_wconf 79' lang='grc' dir='ltr'><em>μνημονεύειν,</em></span> <span class='ocrx_word' id='word_1_25' title='bbox 1477 632 1509 692; x_wconf 88' lang='grc' dir='ltr'><em>εί</em></span> <span class='ocrx_word' id='word_1_26' title='bbox 1530 629 1612 711; x_wconf 92' lang='grc' dir='ltr'><em>μέλ-</em></span> 
     </span>
     <span class='ocr_line' id='line_1_5' title="bbox 352 729 1612 814; baseline -0.001 -17"><span class='ocrx_word' id='word_1_27' title='bbox 352 733 468 813; x_wconf 90' lang='grc' dir='ltr'><em>λοιμεν</em></span> <span class='ocrx_word' id='word_1_28' title='bbox 492 735 607 808; x_wconf 82' lang='grc' dir='ltr'><em>αὐτοῖς</em></span> <span class='ocrx_word' id='word_1_29' title='bbox 621 734 792 813; x_wconf 86' lang='grc' dir='ltr'><em>ἐμμένειν·</em></span> <span class='ocrx_word' id='word_1_30' title='bbox 821 739 883 794; x_wconf 84' lang='grc' dir='ltr'><em>τοῦ</em></span> <span class='ocrx_word' id='word_1_31' title='bbox 904 729 940 794; x_wconf 86' lang='grc' dir='ltr'><em>δέ</em></span> <span class='ocrx_word' id='word_1_32' title='bbox 964 732 1070 806; x_wconf 89' lang='grc' dir='ltr'><em>έθους</em></span> <span class='ocrx_word' id='word_1_33' title='bbox 1093 733 1151 794; x_wconf 90' lang='grc' dir='ltr'><em>ούκ</em></span> <span class='ocrx_word' id='word_1_34' title='bbox 1173 734 1266 796; x_wconf 87' lang='grc' dir='ltr'><em>ἐστιν</em></span> <span class='ocrx_word' id='word_1_35' title='bbox 1289 730 1366 795; x_wconf 81' lang='grc' dir='ltr'><em>οὐδὲ</em></span> <span class='ocrx_word' id='word_1_36' title='bbox 1381 730 1612 814; x_wconf 79' lang='grc' dir='ltr'><em>βουλομένους</em></span> 
     </span>
     <span class='ocr_line' id='line_1_6' title="bbox 347 834 1611 920; baseline -0.001 -21"><span class='ocrx_word' id='word_1_37' title='bbox 347 834 605 900; x_wconf 72' lang='grc' dir='ltr'><strong><em>ἐπιλαθέσθαι·</em></strong></span> <span class='ocrx_word' id='word_1_38' title='bbox 634 837 794 919; x_wconf 81' lang='grc' dir='ltr'><em>τοιαύτην</em></span> <span class='ocrx_word' id='word_1_39' title='bbox 815 835 878 918; x_wconf 84' lang='grc' dir='ltr'><em>γάρ</em></span> <span class='ocrx_word' id='word_1_40' title='bbox 908 835 977 914; x_wconf 88' lang='grc' dir='ltr'><em>έχει</em></span> <span class='ocrx_word' id='word_1_41' title='bbox 1007 837 1112 920; x_wconf 89' lang='grc' dir='ltr'><em>φύσιν</em></span> <span class='ocrx_word' id='word_1_42' title='bbox 1142 837 1228 897; x_wconf 86' lang='grc' dir='ltr'><em>ὥστε</em></span> <span class='ocrx_word' id='word_1_43' title='bbox 1257 836 1312 898; x_wconf 79' lang='grc' dir='ltr'><em>δεῖ</em></span> <span class='ocrx_word' id='word_1_44' title='bbox 1339 837 1611 920; x_wconf 76' lang='grc' dir='ltr'><em>ὑπομιμνήσκειν</em></span> 
     </span>
     <span class='ocr_line' id='line_1_7' title="bbox 348 934 1650 1023; baseline 0 -21"><span class='ocrx_word' id='word_1_45' title='bbox 348 943 461 1004; x_wconf 83' lang='grc' dir='ltr'><em>αὐτού.</em></span> <span class='ocrx_word' id='word_1_46' title='bbox 505 935 657 1001; x_wconf 76' lang='grc' dir='ltr'><em>καθόλου</em></span> <span class='ocrx_word' id='word_1_47' title='bbox 681 935 717 1000; x_wconf 86' lang='grc' dir='ltr'><em>δέ</em></span> <span class='ocrx_word' id='word_1_48' title='bbox 739 940 819 1012; x_wconf 92' lang='grc' dir='ltr'><em>τούς</em></span> <span class='ocrx_word' id='word_1_49' title='bbox 839 939 901 1018; x_wconf 80' lang='grc' dir='ltr'><em>μὲν</em></span> <span class='ocrx_word' id='word_1_50' title='bbox 923 939 1048 1017; x_wconf 84' lang='grc' dir='ltr'><em>νόμους</em></span> <span class='ocrx_word' id='word_1_51' title='bbox 1071 938 1156 1023; x_wconf 90' lang='grc' dir='ltr'><em>φαίη</em></span> <span class='ocrx_word' id='word_1_52' title='bbox 1188 959 1241 1013; x_wconf 93' lang='grc' dir='ltr'><em>τις</em></span> <span class='ocrx_word' id='word_1_53' title='bbox 1270 940 1312 1000; x_wconf 82' lang='grc' dir='ltr'><em>όν</em></span> <span class='ocrx_word' id='word_1_54' title='bbox 1340 943 1455 1000; x_wconf 81' lang='grc' dir='ltr'><em>ποιεῖν</em></span> <span class='ocrx_word' id='word_1_55' title='bbox 1478 934 1610 1000; x_wconf 75' lang='grc' dir='ltr'><em>δούλοιν</em></span> <span class='ocrx_word' id='word_1_56' title='bbox 1634 955 1650 1004; x_wconf 72' lang='lat'>5</span> 
     </span>
     <span class='ocr_line' id='line_1_8' title="bbox 349 1036 1610 1126; baseline -0.003 -21"><span class='ocrx_word' id='word_1_57' title='bbox 349 1040 545 1120; x_wconf 88' lang='grc' dir='ltr'><em>πολιτείαν,</em></span> <span class='ocrx_word' id='word_1_58' title='bbox 579 1041 621 1102; x_wconf 88' lang='grc' dir='ltr'><em>τδ</em></span> <span class='ocrx_word' id='word_1_59' title='bbox 649 1037 688 1103; x_wconf 81' lang='grc' dir='ltr'><em>δὲ</em></span> <span class='ocrx_word' id='word_1_60' title='bbox 718 1042 784 1126; x_wconf 85' lang='grc' dir='ltr'><em>έθη</em></span> <span class='ocrx_word' id='word_1_61' title='bbox 814 1041 1010 1103; x_wconf 81' lang='grc' dir='ltr'><em>τούναντίον</em></span> <span class='ocrx_word' id='word_1_62' title='bbox 1039 1036 1240 1124; x_wconf 82' lang='grc' dir='ltr'><em>ἐλευθέρων.</em></span> <span class='ocrx_word' id='word_1_63' title='bbox 1299 1041 1423 1102; x_wconf 81' lang='grc' dir='ltr'><em>ἐκείνω</em></span> <span class='ocrx_word' id='word_1_64' title='bbox 1455 1042 1517 1120; x_wconf 79' lang='grc' dir='ltr'><em>μὲν</em></span> <span class='ocrx_word' id='word_1_65' title='bbox 1546 1039 1610 1124; x_wconf 85' lang='grc' dir='ltr'><em>γάρ</em></span> 
     </span>
     <span class='ocr_line' id='line_1_9' title="bbox 349 1139 1611 1228; baseline -0.002 -20"><span class='ocrx_word' id='word_1_66' title='bbox 349 1153 511 1208; x_wconf 83' lang='grc' dir='ltr'><em>ποιούοιν</em></span> <span class='ocrx_word' id='word_1_67' title='bbox 533 1145 584 1220; x_wconf 86' lang='grc' dir='ltr'><em>είς</em></span> <span class='ocrx_word' id='word_1_68' title='bbox 607 1145 649 1207; x_wconf 82' lang='grc' dir='ltr'><em>τά</em></span> <span class='ocrx_word' id='word_1_69' title='bbox 674 1147 814 1224; x_wconf 84' lang='grc' dir='ltr'><em>σώματα</em></span> <span class='ocrx_word' id='word_1_70' title='bbox 836 1141 1009 1218; x_wconf 83' lang='grc' dir='ltr'><em>κολάσεις·</em></span> <span class='ocrx_word' id='word_1_71' title='bbox 1041 1143 1339 1228; x_wconf 80' lang='grc' dir='ltr'><em>παραβαινομένου</em></span> <span class='ocrx_word' id='word_1_72' title='bbox 1362 1139 1399 1205; x_wconf 82' lang='grc' dir='ltr'><em>δέ</em></span> <span class='ocrx_word' id='word_1_73' title='bbox 1422 1143 1529 1218; x_wconf 86' lang='grc' dir='ltr'><em>έθους</em></span> <span class='ocrx_word' id='word_1_74' title='bbox 1549 1145 1611 1228; x_wconf 79' lang='grc' dir='ltr'><em>την</em></span> 
     </span>
     <span class='ocr_line' id='line_1_10' title="bbox 349 1241 1609 1335; baseline -0.003 -23"><span class='ocrx_word' id='word_1_75' title='bbox 349 1245 471 1335; x_wconf 79' lang='grc' dir='ltr'><em>ζημίαν</em></span> <span class='ocrx_word' id='word_1_76' title='bbox 501 1246 591 1311; x_wconf 86' lang='grc' dir='ltr'><em>εἶναι</em></span> <span class='ocrx_word' id='word_1_77' title='bbox 620 1247 825 1331; x_wconf 79' lang='grc' dir='ltr'><em>συμβέβηκεν</em></span> <span class='ocrx_word' id='word_1_78' title='bbox 856 1248 1024 1332; x_wconf 82' lang='grc' dir='ltr'><em>αἰσχύνην.</em></span> <span class='ocrx_word' id='word_1_79' title='bbox 1086 1247 1173 1308; x_wconf 84' lang='grc' dir='ltr'><em>ὥστε</em></span> <span class='ocrx_word' id='word_1_80' title='bbox 1207 1247 1334 1320; x_wconf 88' lang='grc' dir='ltr'><em>ἐκεῖνος</em></span> <span class='ocrx_word' id='word_1_81' title='bbox 1366 1247 1429 1325; x_wconf 76' lang='grc' dir='ltr'><em>μὲν</em></span> <span class='ocrx_word' id='word_1_82' title='bbox 1457 1241 1609 1330; x_wconf 77' lang='grc' dir='ltr'><em>φαύλων,</em></span> 
     </span>
     <span class='ocr_line' id='line_1_11' title="bbox 349 1344 1610 1434; baseline -0.002 -20"><span class='ocrx_word' id='word_1_83' title='bbox 349 1349 450 1426; x_wconf 88' lang='grc' dir='ltr'><em>ούτος</em></span> <span class='ocrx_word' id='word_1_84' title='bbox 473 1348 509 1413; x_wconf 86' lang='grc' dir='ltr'><em>δέ</em></span> <span class='ocrx_word' id='word_1_85' title='bbox 532 1350 675 1432; x_wconf 81' lang='grc' dir='ltr'><em>ἀγαθῶν</em></span> <span class='ocrx_word' id='word_1_86' title='bbox 697 1351 772 1411; x_wconf 90' lang='grc' dir='ltr'><em>ἐστι</em></span> <span class='ocrx_word' id='word_1_87' title='bbox 793 1352 906 1429; x_wconf 92' lang='grc' dir='ltr'><em>νόμος.</em></span> <span class='ocrx_word' id='word_1_88' title='bbox 945 1351 977 1412; x_wconf 86' lang='grc' dir='ltr'><em>εί</em></span> <span class='ocrx_word' id='word_1_89' title='bbox 997 1349 1061 1433; x_wconf 84' lang='grc' dir='ltr'><em>γάρ</em></span> <span class='ocrx_word' id='word_1_90' title='bbox 1079 1351 1228 1424; x_wconf 77' lang='grc' dir='ltr'><em>ἅπαντας</em></span> <span class='ocrx_word' id='word_1_91' title='bbox 1241 1345 1329 1432; x_wconf 77' lang='grc' dir='ltr'><em>ἦσαν</em></span> <span class='ocrx_word' id='word_1_92' title='bbox 1344 1347 1483 1431; x_wconf 80' lang='grc' dir='ltr'><em>ἀγαθοί,</em></span> <span class='ocrx_word' id='word_1_93' title='bbox 1508 1344 1610 1434; x_wconf 79' lang='grc' dir='ltr'><em>δῆλον</em></span> 
     </span>
     <span class='ocr_line' id='line_1_12' title="bbox 348 1447 1661 1539; baseline -0.003 -21"><span class='ocrx_word' id='word_1_94' title='bbox 348 1458 403 1518; x_wconf 91' lang='grc' dir='ltr'><em>ότι</em></span> <span class='ocrx_word' id='word_1_95' title='bbox 423 1461 492 1517; x_wconf 70' lang='grc' dir='ltr'><em>τῶν</em></span> <span class='ocrx_word' id='word_1_96' title='bbox 514 1455 692 1539; x_wconf 75' lang='grc' dir='ltr'><em>ἐγγράφων</em></span> <span class='ocrx_word' id='word_1_97' title='bbox 713 1457 793 1537; x_wconf 80' lang='grc' dir='ltr'><em>ημῖν</em></span> <span class='ocrx_word' id='word_1_98' title='bbox 816 1450 913 1516; x_wconf 82' lang='grc' dir='ltr'><em>ούδέν</em></span> <span class='ocrx_word' id='word_1_99' title='bbox 935 1454 976 1515; x_wconf 78' lang='grc' dir='ltr'><em>ἂν</em></span> <span class='ocrx_word' id='word_1_100' title='bbox 999 1449 1069 1515; x_wconf 88' lang='grc' dir='ltr'><em>ἐδει</em></span> <span class='ocrx_word' id='word_1_101' title='bbox 1097 1456 1220 1533; x_wconf 90' lang='grc' dir='ltr'><em>νόμων.</em></span> <span class='ocrx_word' id='word_1_102' title='bbox 1271 1452 1323 1513; x_wconf 88' lang='grc' dir='ltr'><em>ἐτι</em></span> <span class='ocrx_word' id='word_1_103' title='bbox 1350 1447 1423 1535; x_wconf 81' lang='grc' dir='ltr'><em>(όέ)</em></span> <span class='ocrx_word' id='word_1_104' title='bbox 1449 1457 1517 1514; x_wconf 83' lang='grc' dir='ltr'><em>τῶν</em></span> <span class='ocrx_word' id='word_1_105' title='bbox 1544 1453 1607 1531; x_wconf 81' lang='grc' dir='ltr'><em>μέν</em></span> <span class='ocrx_word' id='word_1_106' title='bbox 1631 1463 1661 1514; x_wconf 81' lang='lat'><em>1⁰</em></span> 
     </span>
     <span class='ocr_line' id='line_1_13' title="bbox 348 1545 1609 1640; baseline -0.006 -19"><span class='ocrx_word' id='word_1_107' title='bbox 348 1561 461 1638; x_wconf 90' lang='grc' dir='ltr'><em>νόμων</em></span> <span class='ocrx_word' id='word_1_108' title='bbox 483 1558 570 1620; x_wconf 87' lang='grc' dir='ltr'><em>είσίν</em></span> <span class='ocrx_word' id='word_1_109' title='bbox 593 1557 627 1618; x_wconf 80' lang='lat' dir='ltr'><em>ol</em></span> <span class='ocrx_word' id='word_1_110' title='bbox 649 1551 803 1637; x_wconf 86' lang='grc' dir='ltr'><em>βασιλεῖς</em></span> <span class='ocrx_word' id='word_1_111' title='bbox 818 1557 934 1619; x_wconf 92' lang='grc' dir='ltr'><em>ἐπάνω</em></span> <span class='ocrx_word' id='word_1_112' title='bbox 950 1558 1007 1619; x_wconf 88' lang='grc' dir='ltr'><em>καί</em></span> <span class='ocrx_word' id='word_1_113' title='bbox 1022 1552 1133 1618; x_wconf 87' lang='grc' dir='ltr'><em>πολλδ</em></span> <span class='ocrx_word' id='word_1_114' title='bbox 1149 1557 1341 1640; x_wconf 86' lang='grc' dir='ltr'><em>πράττουσι</em></span> <span class='ocrx_word' id='word_1_115' title='bbox 1363 1545 1450 1638; x_wconf 83' lang='grc' dir='ltr'><em>παρ’</em></span> <span class='ocrx_word' id='word_1_116' title='bbox 1475 1555 1609 1636; x_wconf 72' lang='grc' dir='ltr'><em>αύτούς,</em></span> 
     </span>
    </p>

    <p class='ocr_par' dir='ltr' id='par_1_3' title="bbox 309 1656 1741 2871">
     <span class='ocr_line' id='line_1_14' title="bbox 309 1656 1610 1742; baseline -0.003 -20"><span class='ocrx_word' id='word_1_117' title='bbox 309 1680 329 1741; x_wconf 79' lang='lat'><strong>5</strong></span> <span class='ocrx_word' id='word_1_118' title='bbox 352 1665 427 1736; x_wconf 88' lang='grc' dir='ltr'><em>τοῖς</em></span> <span class='ocrx_word' id='word_1_119' title='bbox 450 1657 486 1722; x_wconf 84' lang='grc' dir='ltr'><em>δὲ</em></span> <span class='ocrx_word' id='word_1_120' title='bbox 509 1659 611 1721; x_wconf 87' lang='grc' dir='ltr'><em>έθεσι</em></span> <span class='ocrx_word' id='word_1_121' title='bbox 632 1660 781 1721; x_wconf 80' lang='grc' dir='ltr'><em>κάκεῖνοι</em></span> <span class='ocrx_word' id='word_1_122' title='bbox 801 1656 1124 1721; x_wconf 74' lang='grc' dir='ltr'><em>κατακολουθοῦσιν.</em></span> <span class='ocrx_word' id='word_1_123' title='bbox 1175 1659 1233 1721; x_wconf 81' lang='grc' dir='ltr'><em>καί</em></span> <span class='ocrx_word' id='word_1_124' title='bbox 1259 1664 1327 1720; x_wconf 80' lang='grc' dir='ltr'><em>τῶν</em></span> <span class='ocrx_word' id='word_1_125' title='bbox 1348 1659 1410 1738; x_wconf 74' lang='grc' dir='ltr'><em>μέν</em></span> <span class='ocrx_word' id='word_1_126' title='bbox 1432 1658 1610 1742; x_wconf 77' lang='grc' dir='ltr'><em>ἐγγράφων</em></span> 
     </span>
     <span class='ocr_line' id='line_1_15' title="bbox 352 1758 1609 1846; baseline -0.002 -21"><span class='ocrx_word' id='word_1_127' title='bbox 352 1760 450 1825; x_wconf 83' lang='grc' dir='ltr'><em>ούδέν</em></span> <span class='ocrx_word' id='word_1_128' title='bbox 472 1763 508 1825; x_wconf 88' lang='grc' dir='ltr'><em>ἐν</em></span> <span class='ocrx_word' id='word_1_129' title='bbox 530 1767 604 1837; x_wconf 87' lang='grc' dir='ltr'><em>τοῖς</em></span> <span class='ocrx_word' id='word_1_130' title='bbox 627 1758 793 1841; x_wconf 84' lang='grc' dir='ltr'><em>πολέμοις</em></span> <span class='ocrx_word' id='word_1_131' title='bbox 815 1762 932 1840; x_wconf 76' lang='grc' dir='ltr'><em>ἰσχύει,</em></span> <span class='ocrx_word' id='word_1_132' title='bbox 955 1762 997 1823; x_wconf 83' lang='grc' dir='ltr'><em>τά</em></span> <span class='ocrx_word' id='word_1_133' title='bbox 1021 1758 1058 1824; x_wconf 86' lang='grc' dir='ltr'><em>δέ</em></span> <span class='ocrx_word' id='word_1_134' title='bbox 1080 1762 1146 1846; x_wconf 84' lang='grc' dir='ltr'><em>ἐθη</em></span> <span class='ocrx_word' id='word_1_135' title='bbox 1171 1758 1379 1846; x_wconf 83' lang='grc' dir='ltr'><em>φυλάττεται</em></span> <span class='ocrx_word' id='word_1_136' title='bbox 1394 1760 1489 1843; x_wconf 82' lang='grc' dir='ltr'><em>παρά</em></span> <span class='ocrx_word' id='word_1_137' title='bbox 1513 1764 1609 1836; x_wconf 76' lang='grc' dir='ltr'><em>πᾶσι,</em></span> 
     </span>
     <span class='ocr_line' id='line_1_16' title="bbox 348 1859 1610 1950; baseline -0.004 -22"><span class='ocrx_word' id='word_1_138' title='bbox 348 1867 410 1928; x_wconf 82' lang='grc' dir='ltr'><em>κάν</em></span> <span class='ocrx_word' id='word_1_139' title='bbox 440 1866 490 1941; x_wconf 83' lang='grc' dir='ltr'><em>είς</em></span> <span class='ocrx_word' id='word_1_140' title='bbox 519 1867 663 1950; x_wconf 81' lang='grc' dir='ltr'><em>ἐσχάτην</em></span> <span class='ocrx_word' id='word_1_141' title='bbox 692 1865 819 1948; x_wconf 88' lang='grc' dir='ltr'><em>ἐχθραν</em></span> <span class='ocrx_word' id='word_1_142' title='bbox 848 1862 1080 1947; x_wconf 74' lang='grc' dir='ltr'><em>προέλθωσιν.</em></span> <span class='ocrx_word' id='word_1_143' title='bbox 1131 1865 1170 1925; x_wconf 89' lang='grc' dir='ltr'><em>τό</em></span> <span class='ocrx_word' id='word_1_144' title='bbox 1198 1871 1277 1947; x_wconf 80' lang='grc' dir='ltr'><em>γοῦν</em></span> <span class='ocrx_word' id='word_1_145' title='bbox 1298 1865 1343 1950; x_wconf 80' lang='grc' dir='ltr'><em>μη</em></span> <span class='ocrx_word' id='word_1_146' title='bbox 1367 1859 1509 1926; x_wconf 89' lang='grc' dir='ltr'><em>κωλύειν</em></span> <span class='ocrx_word' id='word_1_147' title='bbox 1530 1863 1610 1938; x_wconf 87' lang='grc' dir='ltr'><em>τούς</em></span> 
     </span>
     <span class='ocr_line' id='line_1_17' title="bbox 352 1963 1662 2052; baseline -0.003 -20"><span class='ocrx_word' id='word_1_148' title='bbox 352 1970 488 2052; x_wconf 84' lang='grc' dir='ltr'><em>νεκρούς</em></span> <span class='ocrx_word' id='word_1_149' title='bbox 516 1968 669 2030; x_wconf 81' lang='grc' dir='ltr'><em>θάπτειν</em></span> <span class='ocrx_word' id='word_1_150' title='bbox 698 1963 829 2051; x_wconf 78' lang='grc' dir='ltr'><em>οὐδαμῇ</em></span> <span class='ocrx_word' id='word_1_151' title='bbox 857 1972 1061 2051; x_wconf 82' lang='grc' dir='ltr'><em>γέγραπται·</em></span> <span class='ocrx_word' id='word_1_152' title='bbox 1096 1973 1172 2041; x_wconf 82' lang='grc' dir='ltr'><em>πῶς</em></span> <span class='ocrx_word' id='word_1_153' title='bbox 1205 1967 1267 2051; x_wconf 85' lang='grc' dir='ltr'><em>γάρ</em></span> <span class='ocrx_word' id='word_1_154' title='bbox 1303 1968 1344 2028; x_wconf 81' lang='grc' dir='ltr'><em>όν</em></span> <span class='ocrx_word' id='word_1_155' title='bbox 1371 1967 1542 2052; x_wconf 73' lang='grc' dir='ltr'><em>ὑπήκουον</em></span> <span class='ocrx_word' id='word_1_156' title='bbox 1573 1967 1608 2026; x_wconf 88' lang='grc' dir='ltr'><em>σί</em></span> <span class='ocrx_word' id='word_1_157' title='bbox 1631 1976 1662 2028; x_wconf 71' lang='lat'><em>15</em></span> 
     </span>
     <span class='ocr_line' id='line_1_18' title="bbox 348 2059 1610 2156; baseline -0.006 -22"><span class='ocrx_word' id='word_1_158' title='bbox 348 2079 551 2156; x_wconf 79' lang='grc' dir='ltr'><em>κρατοῦντες</em></span> <span class='ocrx_word' id='word_1_159' title='bbox 572 2075 646 2145; x_wconf 90' lang='grc' dir='ltr'><em>τοῖς</em></span> <span class='ocrx_word' id='word_1_160' title='bbox 668 2077 735 2134; x_wconf 85' lang='grc' dir='ltr'><em>τῶν</em></span> <span class='ocrx_word' id='word_1_161' title='bbox 757 2074 958 2156; x_wconf 81' lang='grc' dir='ltr'><em>ηττωμένων</em></span> <span class='ocrx_word' id='word_1_162' title='bbox 986 2072 1215 2153; x_wconf 89' lang='grc' dir='ltr'><em>ἐπιτάγμασιν</em></span> <span class='ocrx_word' id='word_1_163' title='bbox 1222 2091 1235 2146; x_wconf 90' lang='lat'><em>,·</em></span> <span class='ocrx_word' id='word_1_164' title='bbox 1263 2059 1338 2130; x_wconf 83' lang='grc' dir='ltr'><em>ἀλλ’</em></span> <span class='ocrx_word' id='word_1_165' title='bbox 1364 2070 1449 2142; x_wconf 88' lang='grc' dir='ltr'><em>ἐθος</em></span> <span class='ocrx_word' id='word_1_166' title='bbox 1477 2068 1550 2128; x_wconf 88' lang='grc' dir='ltr'><em>ἐστί</em></span> <span class='ocrx_word' id='word_1_167' title='bbox 1570 2069 1610 2127; x_wconf 86' lang='grc' dir='ltr'><em>τό</em></span> 
     </span>
     <span class='ocr_line' id='line_1_19' title="bbox 352 2171 1610 2262; baseline -0.006 -24"><span class='ocrx_word' id='word_1_168' title='bbox 352 2183 475 2238; x_wconf 79' lang='grc' dir='ltr'><em>ποιοῦν</em></span> <span class='ocrx_word' id='word_1_169' title='bbox 497 2183 557 2262; x_wconf 80' lang='grc' dir='ltr'><em>τῆς</em></span> <span class='ocrx_word' id='word_1_170' title='bbox 581 2171 851 2260; x_wconf 70' lang='grc' dir='ltr'><em>φιλανθρωπίας</em></span> <span class='ocrx_word' id='word_1_171' title='bbox 878 2175 1002 2258; x_wconf 80' lang='grc' dir='ltr'><em>ταύτης</em></span> <span class='ocrx_word' id='word_1_172' title='bbox 1031 2176 1111 2249; x_wconf 86' lang='grc' dir='ltr'><em>τούς</em></span> <span class='ocrx_word' id='word_1_173' title='bbox 1139 2175 1399 2252; x_wconf 89' lang='grc' dir='ltr'><em>κατοιχομένους</em></span> <span class='ocrx_word' id='word_1_174' title='bbox 1428 2171 1610 2251; x_wconf 85' lang='grc' dir='ltr'><em>τυγχάνειν.</em></span> 
     </span>
     <span class='ocr_line' id='line_1_20' title="bbox 352 2267 1612 2362; baseline -0.006 -22"><span class='ocrx_word' id='word_1_175' title='bbox 352 2281 481 2359; x_wconf 88' lang='grc' dir='ltr'><em>όμοίως</em></span> <span class='ocrx_word' id='word_1_176' title='bbox 515 2282 554 2341; x_wconf 88' lang='grc' dir='ltr'><em>τό</em></span> <span class='ocrx_word' id='word_1_177' title='bbox 583 2285 651 2340; x_wconf 81' lang='grc' dir='ltr'><em>τῶν</em></span> <span class='ocrx_word' id='word_1_178' title='bbox 678 2280 829 2362; x_wconf 84' lang='grc' dir='ltr'><em>κηρύκων</em></span> <span class='ocrx_word' id='word_1_179' title='bbox 857 2277 1052 2355; x_wconf 77' lang='grc' dir='ltr'><em>ἀντέχεσθαι</em></span> <span class='ocrx_word' id='word_1_180' title='bbox 1079 2277 1136 2338; x_wconf 84' lang='grc' dir='ltr'><em>καί</em></span> <span class='ocrx_word' id='word_1_181' title='bbox 1162 2277 1281 2356; x_wconf 90' lang='grc' dir='ltr'><em>μόνοις</em></span> <span class='ocrx_word' id='word_1_182' title='bbox 1315 2275 1450 2347; x_wconf 88' lang='grc' dir='ltr'><em>τούτοις</em></span> <span class='ocrx_word' id='word_1_183' title='bbox 1481 2267 1612 2358; x_wconf 65' lang='grc' dir='ltr'><em>πολλὴν</em></span> 
     </span>
     <span class='ocr_line' id='line_1_21' title="bbox 350 2374 1612 2468; baseline -0.006 -23"><span class='ocrx_word' id='word_1_184' title='bbox 350 2377 544 2468; x_wconf 83' lang='grc' dir='ltr'><em>ἀσφάλειαν</em></span> <span class='ocrx_word' id='word_1_185' title='bbox 567 2380 656 2444; x_wconf 87' lang='grc' dir='ltr'><em>εἶναι</em></span> <span class='ocrx_word' id='word_1_186' title='bbox 677 2374 884 2462; x_wconf 83' lang='grc' dir='ltr'><em>βαδίζουσιν.</em></span> <span class='ocrx_word' id='word_1_187' title='bbox 929 2385 996 2440; x_wconf 80' lang='grc' dir='ltr'><em>τῶν</em></span> <span class='ocrx_word' id='word_1_188' title='bbox 1018 2379 1079 2458; x_wconf 83' lang='grc' dir='ltr'><em>μέν</em></span> <span class='ocrx_word' id='word_1_189' title='bbox 1109 2377 1167 2440; x_wconf 81' lang='grc' dir='ltr'><em>οὖν</em></span> <span class='ocrx_word' id='word_1_190' title='bbox 1196 2379 1299 2457; x_wconf 89' lang='grc' dir='ltr'><em>νόμον</em></span> <span class='ocrx_word' id='word_1_191' title='bbox 1328 2375 1612 2461; x_wconf 87' lang='grc' dir='ltr'><em>παραβαινόντων</em></span> 
     </span>
     <span class='ocr_line' id='line_1_22' title="bbox 353 2478 1665 2564; baseline -0.006 -17"><span class='ocrx_word' id='word_1_192' title='bbox 353 2481 463 2558; x_wconf 83' lang='grc' dir='ltr'><em>ούδείς</em></span> <span class='ocrx_word' id='word_1_193' title='bbox 486 2485 528 2546; x_wconf 85' lang='grc' dir='ltr'><em>άν</em></span> <span class='ocrx_word' id='word_1_194' title='bbox 550 2479 753 2559; x_wconf 75' lang='grc' dir='ltr'><em>ἐπιδείξειεν</em></span> <span class='ocrx_word' id='word_1_195' title='bbox 776 2478 894 2544; x_wconf 84' lang='grc' dir='ltr'><em>ούδένα</em></span> <span class='ocrx_word' id='word_1_196' title='bbox 919 2479 1015 2561; x_wconf 82' lang='grc' dir='ltr'><em>οἶμαι</em></span> <span class='ocrx_word' id='word_1_197' title='bbox 1039 2484 1194 2564; x_wconf 82' lang='grc' dir='ltr'><em>φανερῶς</em></span> <span class='ocrx_word' id='word_1_198' title='bbox 1216 2481 1284 2542; x_wconf 89' lang='grc' dir='ltr'><em>ύπό</em></span> <span class='ocrx_word' id='word_1_199' title='bbox 1313 2485 1380 2542; x_wconf 84' lang='grc' dir='ltr'><em>τῶν</em></span> <span class='ocrx_word' id='word_1_200' title='bbox 1402 2478 1495 2542; x_wconf 82' lang='grc' dir='ltr'><em>θεῶν</em></span> <span class='ocrx_word' id='word_1_201' title='bbox 1516 2495 1609 2540; x_wconf 85' lang='grc' dir='ltr'><em>κεκο-</em></span> <span class='ocrx_word' id='word_1_202' title='bbox 1632 2489 1665 2540; x_wconf 67' lang='lat'><em>2)</em></span> 
     </span>
     <span class='ocr_line' id='line_1_23' title="bbox 350 2574 1741 2668; baseline -0.004 -21"><span class='ocrx_word' id='word_1_203' title='bbox 350 2582 532 2664; x_wconf 75' lang='grc' dir='ltr'><em>λασμένον·</em></span> <span class='ocrx_word' id='word_1_204' title='bbox 554 2581 826 2664; x_wconf 89' lang='grc' dir='ltr'><em>Λακεδαιμόνιοι</em></span> <span class='ocrx_word' id='word_1_205' title='bbox 842 2574 876 2644; x_wconf 84' lang='grc' dir='ltr'><em>δ’</em></span> <span class='ocrx_word' id='word_1_206' title='bbox 893 2584 971 2645; x_wconf 90' lang='grc' dir='ltr'><em>ἐπεί</em></span> <span class='ocrx_word' id='word_1_207' title='bbox 986 2583 1184 2668; x_wconf 82' lang='grc' dir='ltr'><em>παρέβησαν</em></span> <span class='ocrx_word' id='word_1_208' title='bbox 1199 2584 1238 2646; x_wconf 88' lang='grc' dir='ltr'><em>τό</em></span> <span class='ocrx_word' id='word_1_209' title='bbox 1253 2584 1403 2668; x_wconf 83' lang='grc' dir='ltr'><em>κηρύκων</em></span> <span class='ocrx_word' id='word_1_210' title='bbox 1418 2581 1512 2658; x_wconf 89' lang='grc' dir='ltr'><em>ἐθος,</em></span> <span class='ocrx_word' id='word_1_211' title='bbox 1528 2579 1609 2655; x_wconf 85' lang='grc' dir='ltr'><em>τούς</em></span> <span class='ocrx_word' id='word_1_212' title='bbox 1623 2593 1741 2644; x_wconf 71' lang='lat' dir='ltr'><strong>(mum</strong></span> 
     </span>
     <span class='ocr_line' id='line_1_24' title="bbox 351 2675 1615 2771; baseline -0.003 -23"><span class='ocrx_word' id='word_1_213' title='bbox 351 2688 446 2771; x_wconf 81' lang='grc' dir='ltr'><em>παρὰ</em></span> <span class='ocrx_word' id='word_1_214' title='bbox 468 2684 638 2768; x_wconf 88' lang='grc' dir='ltr'><em>βασιλέως</em></span> <span class='ocrx_word' id='word_1_215' title='bbox 660 2683 827 2760; x_wconf 85' lang='grc' dir='ltr'><em>ἐλθόντας</em></span> <span class='ocrx_word' id='word_1_216' title='bbox 849 2682 1039 2763; x_wconf 79' lang='grc' dir='ltr'><em>ἀνελόντες,</em></span> <span class='ocrx_word' id='word_1_217' title='bbox 1069 2681 1308 2770; x_wconf 74' lang='grc' dir='ltr'><em>ἐκολάσθησαν</em></span> <span class='ocrx_word' id='word_1_218' title='bbox 1336 2675 1400 2748; x_wconf 72' lang='grc' dir='ltr'><em>ὑπ’</em></span> <span class='ocrx_word' id='word_1_219' title='bbox 1424 2683 1529 2746; x_wconf 81' lang='grc' dir='ltr'><em>αύτού</em></span> <span class='ocrx_word' id='word_1_220' title='bbox 1549 2689 1615 2744; x_wconf 86' lang='grc' dir='ltr'><em>τοῦ</em></span> 
     </span>
     <span class='ocr_line' id='line_1_25' title="bbox 351 2788 540 2871; baseline -0.011 -17"><span class='ocrx_word' id='word_1_221' title='bbox 351 2788 540 2871; x_wconf 88' lang='grc' dir='ltr'><em>δαιμονίου.</em></span> 
     </span>
    </p>
   </div>
   <div class='ocr_carea' id='block_1_3' title="bbox 667 3033 1299 3127">
    <p class='ocr_par' dir='ltr' id='par_1_4' title="bbox 667 3033 1299 3127">
     <span class='ocr_line' id='line_1_26' title="bbox 667 3033 1299 3127; baseline -0.008 -4"><span class='ocrx_word' id='word_1_222' title='bbox 667 3045 741 3127; x_wconf 86' lang='grc'><em>(60.</em></span> <span class='ocrx_word' id='word_1_223' title='bbox 768 3044 828 3125; x_wconf 83' lang='grc'><em>61)</em></span> <span class='ocrx_word' id='word_1_224' title='bbox 852 3039 1007 3122; x_wconf 89' lang='grc' dir='ltr'><strong>ΠΕΡΙ</strong></span> <span class='ocrx_word' id='word_1_225' title='bbox 1035 3033 1299 3121; x_wconf 81' lang='grc' dir='ltr'><em>ΦΘΟΝΟΥ.</em></span> 
     </span>
    </p>
   </div>
   <div class='ocr_carea' id='block_1_4' title="bbox 312 3315 1742 3523">
    <p class='ocr_par' dir='ltr' id='par_1_5' title="bbox 312 3315 1742 3523">
     <span class='ocr_line' id='line_1_27' title="bbox 312 3315 1612 3419; baseline -0.003 -23"><span class='ocrx_word' id='word_1_226' title='bbox 312 3347 326 3407; x_wconf 82' lang='lat'>1</span> <span class='ocrx_word' id='word_1_227' title='bbox 439 3335 480 3396; x_wconf 88' lang='lat' dir='ltr'><em>A.</em></span> <span class='ocrx_word' id='word_1_228' title='bbox 505 3315 589 3419; x_wconf 72' lang='grc' dir='ltr'><em>Ἆρα</em></span> <span class='ocrx_word' id='word_1_229' title='bbox 619 3332 677 3397; x_wconf 87' lang='grc' dir='ltr'><em>διδ</em></span> <span class='ocrx_word' id='word_1_230' title='bbox 706 3343 810 3398; x_wconf 85' lang='grc' dir='ltr'><em>ταύτα</em></span> <span class='ocrx_word' id='word_1_231' title='bbox 837 3335 894 3399; x_wconf 85' lang='grc' dir='ltr'><em>καί</em></span> <span class='ocrx_word' id='word_1_232' title='bbox 921 3336 963 3397; x_wconf 87' lang='grc' dir='ltr'><em>τδ</em></span> <span class='ocrx_word' id='word_1_233' title='bbox 992 3341 1133 3396; x_wconf 81' lang='grc' dir='ltr'><em>τοιαῦτα</em></span> <span class='ocrx_word' id='word_1_234' title='bbox 1156 3331 1324 3415; x_wconf 86' lang='grc' dir='ltr'><em>ἐνομίσθη</em></span> <span class='ocrx_word' id='word_1_235' title='bbox 1349 3329 1459 3416; x_wconf 90' lang='grc' dir='ltr'><em>σοφδς</em></span> <span class='ocrx_word' id='word_1_236' title='bbox 1480 3331 1516 3394; x_wconf 92' lang='grc' dir='ltr'><em>ἐν</em></span> <span class='ocrx_word' id='word_1_237' title='bbox 1537 3336 1612 3406; x_wconf 91' lang='grc' dir='ltr'><em>τοῖς</em></span> 
     </span>
     <span class='ocr_line' id='line_1_28' title="bbox 345 3429 1742 3523; baseline -0.006 -25"><span class='ocrx_word' id='word_1_238' title='bbox 345 3429 501 3523; x_wconf 87' lang='grc' dir='ltr'><em>Ἕλλησιν</em></span> <span class='ocrx_word' id='word_1_239' title='bbox 519 3429 678 3514; x_wconf 87' lang='grc' dir='ltr'><em>Ἡσίοδος</em></span> <span class='ocrx_word' id='word_1_240' title='bbox 698 3440 755 3501; x_wconf 88' lang='grc' dir='ltr'><em>καί</em></span> <span class='ocrx_word' id='word_1_241' title='bbox 777 3437 934 3519; x_wconf 80' lang='grc' dir='ltr'><em>οὐδαμῶς</em></span> <span class='ocrx_word' id='word_1_242' title='bbox 956 3433 1095 3514; x_wconf 81' lang='grc' dir='ltr'><em>ἀνάξιος</em></span> <span class='ocrx_word' id='word_1_243' title='bbox 1117 3436 1245 3520; x_wconf 88' lang='grc' dir='ltr'><em>ἐκείνης</em></span> <span class='ocrx_word' id='word_1_244' title='bbox 1266 3442 1326 3521; x_wconf 81' lang='grc' dir='ltr'><em>τῆς</em></span> <span class='ocrx_word' id='word_1_245' title='bbox 1349 3429 1459 3517; x_wconf 86' lang='grc' dir='ltr'><em>δόξης,</em></span> <span class='ocrx_word' id='word_1_246' title='bbox 1482 3433 1529 3506; x_wconf 88' lang='grc' dir='ltr'><em>ώς</em></span> <span class='ocrx_word' id='word_1_247' title='bbox 1552 3433 1610 3493; x_wconf 90' lang='grc' dir='ltr'><em>οόκ</em></span> <span class='ocrx_word' id='word_1_248' title='bbox 1630 3441 1742 3496; x_wconf 63' lang='grc' dir='ltr'><em>Ἀλεῖοι</em></span> 
     </span>
    </p>
   </div>
   <div class='ocr_carea' id='block_1_5' title="bbox 356 3527 1614 3627">
    <p class='ocr_par' dir='ltr' id='par_1_6' title="bbox 356 3527 1614 3627">
     <span class='ocr_line' id='line_1_29' title="bbox 356 3527 1614 3627; baseline -0.005 -25"><span class='ocrx_word' id='word_1_249' title='bbox 356 3541 562 3625; x_wconf 81' lang='grc' dir='ltr'><em>ἀνθρωπίνη</em></span> <span class='ocrx_word' id='word_1_250' title='bbox 593 3545 689 3626; x_wconf 84' lang='grc' dir='ltr'><em>τέχνη</em></span> <span class='ocrx_word' id='word_1_251' title='bbox 718 3541 760 3603; x_wconf 84' lang='grc' dir='ltr'><em>τά</em></span> <span class='ocrx_word' id='word_1_252' title='bbox 790 3543 966 3627; x_wconf 72' lang='grc' dir='ltr'><em>ποιήματα</em></span> <span class='ocrx_word' id='word_1_253' title='bbox 995 3546 1107 3602; x_wconf 86' lang='grc' dir='ltr'><em>ποιῶν</em></span> <span class='ocrx_word' id='word_1_254' title='bbox 1136 3559 1173 3600; x_wconf 92' lang='grc' dir='ltr'><em>τε</em></span> <span class='ocrx_word' id='word_1_255' title='bbox 1199 3540 1257 3600; x_wconf 87' lang='grc' dir='ltr'><em>καί</em></span> <span class='ocrx_word' id='word_1_256' title='bbox 1285 3527 1393 3621; x_wconf 72' lang='grc' dir='ltr'><em>ᾄδων,</em></span> <span class='ocrx_word' id='word_1_257' title='bbox 1422 3531 1508 3596; x_wconf 79' lang='grc' dir='ltr'><em>ἀλλὰ</em></span> <span class='ocrx_word' id='word_1_258' title='bbox 1536 3538 1614 3609; x_wconf 88' lang='grc' dir='ltr'><em>ταῖς</em></span> 
     </span>
    </p>
   </div>
   <div class='ocr_carea' id='block_1_6' title="bbox 351 3711 1616 4318">
    <p class='ocr_par' dir='ltr' id='par_1_7' title="bbox 351 3711 1616 4318">
     <span class='ocr_line' id='line_1_30' title="bbox 439 3711 1613 3800; baseline -0.008 -18"><span class='ocrx_word' id='word_1_259' title='bbox 439 3719 640 3798; x_wconf 73' lang='grc' dir='ltr'><em>λύλόγοςῐ]</em></span> <span class='ocrx_word' id='word_1_260' title='bbox 710 3723 933 3800; x_wconf 72' lang='grc' dir='ltr'><em>ἐβουλομένυις</em></span> <span class='ocrx_word' id='word_1_261' title='bbox 950 3719 998 3776; x_wconf 82' lang='lat' dir='ltr'><em>PH</em></span> <span class='ocrx_word' id='word_1_262' title='bbox 1084 3715 1191 3780; x_wconf 77' lang='grc' dir='ltr'><em>ἐόλλὰ</em></span> <span class='ocrx_word' id='word_1_263' title='bbox 1210 3720 1345 3793; x_wconf 83' lang='grc' dir='ltr'><em>τοιαύτην</em></span> <span class='ocrx_word' id='word_1_264' title='bbox 1361 3717 1410 3774; x_wconf 87' lang='lat' dir='ltr'><em>UB</em></span> <span class='ocrx_word' id='word_1_265' title='bbox 1479 3716 1538 3790; x_wconf 79' lang='grc' dir='ltr'><em>γὰρ</em></span> <span class='ocrx_word' id='word_1_266' title='bbox 1555 3711 1613 3788; x_wconf 77' lang='grc' dir='ltr'><em>ἔχει</em></span> 
     </span>
     <span class='ocr_line' id='line_1_31' title="bbox 351 3801 1612 3887; baseline -0.017 -12"><span class='ocrx_word' id='word_1_267' title='bbox 351 3811 442 3883; x_wconf 68' lang='grc' dir='ltr'><em>Εσηι,</em></span> <span class='ocrx_word' id='word_1_268' title='bbox 460 3814 579 3887; x_wconf 83' lang='grc' dir='ltr'><em>παρέχει</em></span> <span class='ocrx_word' id='word_1_269' title='bbox 597 3809 660 3867; x_wconf 78' lang='lat' dir='ltr'><strong>libri</strong></span> <span class='ocrx_word' id='word_1_270' title='bbox 746 3807 870 3870; x_wconf 71' lang='grc' dir='ltr'><em>ύαύτοῦ</em></span> <span class='ocrx_word' id='word_1_271' title='bbox 888 3811 975 3882; x_wconf 70' lang='grc' dir='ltr'><em>Εσιρ,</em></span> <span class='ocrx_word' id='word_1_272' title='bbox 994 3804 1098 3875; x_wconf 79' lang='grc' dir='ltr'><em>αὐτούς</em></span> <span class='ocrx_word' id='word_1_273' title='bbox 1115 3807 1177 3862; x_wconf 81' lang='lat' dir='ltr'><strong>libri</strong></span> <span class='ocrx_word' id='word_1_274' title='bbox 1264 3809 1430 3863; x_wconf 79' lang='grc' dir='ltr'><em>ῖποιοῦσιν</em></span> <span class='ocrx_word' id='word_1_275' title='bbox 1446 3801 1491 3858; x_wconf 75' lang='lat' dir='ltr'><em>vix</em></span> <span class='ocrx_word' id='word_1_276' title='bbox 1508 3817 1612 3866; x_wconf 74' lang='lat' dir='ltr'><strong>sanum,</strong></span> 
     </span>
     <span class='ocr_line' id='line_1_32' title="bbox 352 3882 1615 3965; baseline -0.011 -11"><span class='ocrx_word' id='word_1_277' title='bbox 352 3901 471 3956; x_wconf 81' lang='lat' dir='ltr'><strong>conieci:</strong></span> <span class='ocrx_word' id='word_1_278' title='bbox 490 3894 657 3959; x_wconf 82' lang='grc' dir='ltr'><em>άπειλοῖσιν</em></span> <span class='ocrx_word' id='word_1_279' title='bbox 708 3899 760 3956; x_wconf 85' lang='grc' dir='ltr'><em>τοῦ</em></span> <span class='ocrx_word' id='word_1_280' title='bbox 779 3893 906 3964; x_wconf 75' lang='grc' dir='ltr'><em>ἐθυυςΒ</em></span> <span class='ocrx_word' id='word_1_281' title='bbox 977 3900 1009 3950; x_wconf 85' lang='grc'><em>10</em></span> <span class='ocrx_word' id='word_1_282' title='bbox 1026 3889 1092 3965; x_wconf 76' lang='grc' dir='ltr'><em>ὑμῖν</em></span> <span class='ocrx_word' id='word_1_283' title='bbox 1109 3891 1134 3949; x_wconf 88' lang='lat' dir='ltr'>U</span> <span class='ocrx_word' id='word_1_284' title='bbox 1152 3907 1187 3946; x_wconf 85' lang='lat' dir='ltr'><em>m.</em></span> <span class='ocrx_word' id='word_1_285' title='bbox 1204 3907 1246 3962; x_wconf 82' lang='lat' dir='ltr'><em>pr.</em></span> <span class='ocrx_word' id='word_1_286' title='bbox 1305 3885 1360 3948; x_wconf 78' lang='grc' dir='ltr'><em>ἐόει</em></span> <span class='ocrx_word' id='word_1_287' title='bbox 1378 3885 1478 3958; x_wconf 87' lang='grc' dir='ltr'><em>νόμων</em></span> <span class='ocrx_word' id='word_1_288' title='bbox 1495 3882 1537 3944; x_wconf 85' lang='grc' dir='ltr'><em>ἐτι</em></span> <span class='ocrx_word' id='word_1_289' title='bbox 1554 3887 1615 3942; x_wconf 80' lang='grc' dir='ltr'><em>τῶν</em></span> 
     </span>
     <span class='ocr_line' id='line_1_33' title="bbox 351 3965 1616 4057; baseline -0.014 -13"><span class='ocrx_word' id='word_1_290' title='bbox 351 3988 406 4056; x_wconf 78' lang='grc' dir='ltr'><em>μὲν</em></span> <span class='ocrx_word' id='word_1_291' title='bbox 425 3983 524 4055; x_wconf 86' lang='grc' dir='ltr'><em>νόμων</em></span> <span class='ocrx_word' id='word_1_292' title='bbox 540 3986 595 4057; x_wconf 77' lang='grc' dir='ltr'><em>μὲν</em></span> <span class='ocrx_word' id='word_1_293' title='bbox 612 3985 684 4044; x_wconf 83' lang='grc' dir='ltr'><em>είσίν</em></span> <span class='ocrx_word' id='word_1_294' title='bbox 695 3983 724 4038; x_wconf 82' lang='grc' dir='ltr'><strong>Μ</strong></span> <span class='ocrx_word' id='word_1_295' title='bbox 737 3979 793 4042; x_wconf 84' lang='grc' dir='ltr'><em>ἐόει</em></span> <span class='ocrx_word' id='word_1_296' title='bbox 811 3980 910 4054; x_wconf 83' lang='grc' dir='ltr'><em>νόμων</em></span> <span class='ocrx_word' id='word_1_297' title='bbox 931 3981 1002 4041; x_wconf 80' lang='grc' dir='ltr'><em>εἰσίν</em></span> <span class='ocrx_word' id='word_1_298' title='bbox 1019 3985 1081 4048; x_wconf 84' lang='lat' dir='ltr'><strong>(om.</strong></span> <span class='ocrx_word' id='word_1_299' title='bbox 1101 3973 1141 4038; x_wconf 80' lang='grc' dir='ltr'><em>ἔτι</em></span> <span class='ocrx_word' id='word_1_300' title='bbox 1159 3983 1217 4036; x_wconf 79' lang='grc' dir='ltr'><em>τῶν</em></span> <span class='ocrx_word' id='word_1_301' title='bbox 1228 3977 1281 4047; x_wconf 77' lang='grc' dir='ltr'><em>μὲν</em></span> <span class='ocrx_word' id='word_1_302' title='bbox 1298 3971 1407 4044; x_wconf 78' lang='grc' dir='ltr'><em>νόμων)</em></span> <span class='ocrx_word' id='word_1_303' title='bbox 1425 3971 1474 4027; x_wconf 83' lang='grc' dir='ltr'><em>ΡΗ</em></span> <span class='ocrx_word' id='word_1_304' title='bbox 1492 3965 1547 4030; x_wconf 81' lang='grc' dir='ltr'><em>ἐόει</em></span> <span class='ocrx_word' id='word_1_305' title='bbox 1565 3973 1616 4026; x_wconf 87' lang='grc' dir='ltr'><em>καί</em></span> 
     </span>
     <span class='ocr_line' id='line_1_34' title="bbox 355 4048 1581 4143; baseline -0.016 -15"><span class='ocrx_word' id='word_1_306' title='bbox 355 4077 415 4128; x_wconf 81' lang='grc' dir='ltr'><em>ταῖν</em></span> <span class='ocrx_word' id='word_1_307' title='bbox 434 4067 533 4143; x_wconf 87' lang='grc' dir='ltr'><em>νόμων</em></span> <span class='ocrx_word' id='word_1_308' title='bbox 549 4072 603 4142; x_wconf 78' lang='grc' dir='ltr'><em>μὲν</em></span> <span class='ocrx_word' id='word_1_309' title='bbox 621 4071 750 4130; x_wconf 83' lang='grc' dir='ltr'><em>εἰσίνῐίΒ</em></span> <span class='ocrx_word' id='word_1_310' title='bbox 806 4071 836 4128; x_wconf 73' lang='grc' dir='ltr'><em>όὲ</em></span> <span class='ocrx_word' id='word_1_311' title='bbox 853 4065 1003 4138; x_wconf 76' lang='grc' dir='ltr'><em>αδδΕισρ.</em></span> <span class='ocrx_word' id='word_1_312' title='bbox 1060 4072 1088 4122; x_wconf 86' lang='grc'><em>11</em></span> <span class='ocrx_word' id='word_1_313' title='bbox 1108 4057 1181 4138; x_wconf 86' lang='grc' dir='ltr'><em>παρ’</em></span> <span class='ocrx_word' id='word_1_314' title='bbox 1200 4056 1298 4128; x_wconf 81' lang='grc' dir='ltr'><em>αι’τοίς</em></span> <span class='ocrx_word' id='word_1_315' title='bbox 1315 4051 1337 4114; x_wconf 80' lang='lat' dir='ltr'><strong>P</strong></span> <span class='ocrx_word' id='word_1_316' title='bbox 1355 4048 1429 4133; x_wconf 84' lang='grc' dir='ltr'><em>παρ’</em></span> <span class='ocrx_word' id='word_1_317' title='bbox 1445 4050 1581 4123; x_wconf 80' lang='grc' dir='ltr'><em>αὖτοῖςΗ</em></span> 
     </span>
     <span class='ocr_line' id='line_1_35' title="bbox 353 4141 1616 4228; baseline -0.014 -13"><span class='ocrx_word' id='word_1_318' title='bbox 353 4161 385 4212; x_wconf 77' lang='grc'><em>12</em></span> <span class='ocrx_word' id='word_1_319' title='bbox 406 4155 693 4216; x_wconf 77' lang='grc' dir='ltr'><em>κατακολουθοῦσιῦ</em></span> <span class='ocrx_word' id='word_1_320' title='bbox 748 4161 777 4212; x_wconf 83' lang='grc'><em>13</em></span> <span class='ocrx_word' id='word_1_321' title='bbox 796 4155 945 4228; x_wconf 77' lang='grc' dir='ltr'><em>πολεμίους</em></span> <span class='ocrx_word' id='word_1_322' title='bbox 962 4155 1023 4210; x_wconf 87' lang='lat' dir='ltr'><strong>libri</strong></span> <span class='ocrx_word' id='word_1_323' title='bbox 1033 4153 1172 4224; x_wconf 77' lang='lat' dir='ltr'><strong>praeterB</strong></span> <span class='ocrx_word' id='word_1_324' title='bbox 1225 4142 1401 4223; x_wconf 81' lang='grc' dir='ltr'><em>παρὰοῐσ.Β</em></span> <span class='ocrx_word' id='word_1_325' title='bbox 1462 4148 1494 4198; x_wconf 78' lang='grc'><em>14</em></span> <span class='ocrx_word' id='word_1_326' title='bbox 1512 4141 1616 4215; x_wconf 84' lang='grc' dir='ltr'><em>προέλ·</em></span> 
     </span>
     <span class='ocr_line' id='line_1_36' title="bbox 355 4221 1615 4318; baseline -0.014 -18"><span class='ocrx_word' id='word_1_327' title='bbox 355 4249 432 4301; x_wconf 83' lang='grc' dir='ltr'><em>θωοι</em></span> <span class='ocrx_word' id='word_1_328' title='bbox 450 4243 501 4301; x_wconf 89' lang='lat' dir='ltr'><em>UH</em></span> <span class='ocrx_word' id='word_1_329' title='bbox 573 4249 604 4299; x_wconf 79' lang='lat'><em>15</em></span> <span class='ocrx_word' id='word_1_330' title='bbox 623 4240 680 4318; x_wconf 76' lang='grc' dir='ltr'><em>γὰρ</em></span> <span class='ocrx_word' id='word_1_331' title='bbox 697 4253 843 4314; x_wconf 76' lang='lat' dir='ltr'>(superscr.</span> <span class='ocrx_word' id='word_1_332' title='bbox 862 4265 906 4318; x_wconf 83' lang='grc' dir='ltr'><em>γρ.</em></span> <span class='ocrx_word' id='word_1_333' title='bbox 925 4241 1045 4316; x_wconf 70' lang='grc' dir='ltr'><em>γαῦιηΡ</em></span> <span class='ocrx_word' id='word_1_334' title='bbox 1130 4243 1160 4293; x_wconf 83' lang='grc'><em>11</em></span> <span class='ocrx_word' id='word_1_335' title='bbox 1178 4227 1459 4310; x_wconf 83' lang='grc' dir='ltr'><em>κατοιχουμένουςΡ</em></span> <span class='ocrx_word' id='word_1_336' title='bbox 1531 4231 1561 4281; x_wconf 83' lang='grc'><em>18</em></span> <span class='ocrx_word' id='word_1_337' title='bbox 1580 4221 1615 4283; x_wconf 85' lang='grc' dir='ltr'><em>τὸ</em></span> 
     </span>
    </p>
   </div>
   <div class='ocr_carea' id='block_1_7' title="bbox 352 4332 1616 4624">
    <p class='ocr_par' dir='ltr' id='par_1_8' title="bbox 352 4332 1616 4624">
     <span class='ocr_line' id='line_1_37' title="bbox 353 4332 1615 4452; baseline -0.013 -18"><span class='ocrx_word' id='word_1_338' title='bbox 353 4395 407 4434; x_wconf 81' lang='lat' dir='ltr'><em>om.</em></span> <span class='ocrx_word' id='word_1_339' title='bbox 426 4379 507 4437; x_wconf 82' lang='lat' dir='ltr'><em>UBM</em></span> <span class='ocrx_word' id='word_1_340' title='bbox 575 4332 826 4452; x_wconf 63' lang='grc' dir='ltr'><em>μόνδέςτούτύςςΡ</em></span> <span class='ocrx_word' id='word_1_341' title='bbox 899 4383 929 4432; x_wconf 76' lang='lat' dir='ltr'><strong><em>w</em></strong></span> <span class='ocrx_word' id='word_1_342' title='bbox 947 4379 1095 4452; x_wconf 74' lang='grc' dir='ltr'><em>βαδίζουσι</em></span> <span class='ocrx_word' id='word_1_343' title='bbox 1113 4372 1162 4429; x_wconf 84' lang='grc' dir='ltr'><em>ΗΡ</em></span> <span class='ocrx_word' id='word_1_344' title='bbox 1230 4377 1260 4428; x_wconf 80' lang='lat'><em>21</em></span> <span class='ocrx_word' id='word_1_345' title='bbox 1281 4372 1311 4430; x_wconf 77' lang='grc' dir='ltr'><em>δὲ</em></span> <span class='ocrx_word' id='word_1_346' title='bbox 1327 4369 1354 4424; x_wconf 79' lang='grc' dir='ltr'><strong>Η</strong></span> <span class='ocrx_word' id='word_1_347' title='bbox 1427 4361 1463 4424; x_wconf 85' lang='grc' dir='ltr'><em>τδ</em></span> <span class='ocrx_word' id='word_1_348' title='bbox 1481 4359 1615 4438; x_wconf 77' lang='grc' dir='ltr'><em>κηρύκων</em></span> 
     </span>
     <span class='ocr_line' id='line_1_38' title="bbox 353 4451 1614 4539; baseline -0.016 -15"><span class='ocrx_word' id='word_1_349' title='bbox 353 4462 455 4534; x_wconf 74' lang='grc' dir='ltr'><em>ἔθοςΡ</em></span> <span class='ocrx_word' id='word_1_350' title='bbox 466 4471 493 4531; x_wconf 81' lang='grc' dir='ltr'><em>(ν</em></span> <span class='ocrx_word' id='word_1_351' title='bbox 504 4483 565 4523; x_wconf 71' lang='lat' dir='ltr'><em>am.</em></span> <span class='ocrx_word' id='word_1_352' title='bbox 573 4472 637 4530; x_wconf 74' lang='lat' dir='ltr'>nec.)</span> <span class='ocrx_word' id='word_1_353' title='bbox 648 4465 743 4523; x_wconf 78' lang='grc' dir='ltr'><em>Ηταῖν</em></span> <span class='ocrx_word' id='word_1_354' title='bbox 751 4461 884 4539; x_wconf 86' lang='grc' dir='ltr'><em>κηρύκων</em></span> <span class='ocrx_word' id='word_1_355' title='bbox 892 4459 962 4531; x_wconf 84' lang='grc' dir='ltr'><em>ἐθος</em></span> <span class='ocrx_word' id='word_1_356' title='bbox 970 4463 999 4517; x_wconf 84' lang='grc' dir='ltr'>Μ</span> <span class='ocrx_word' id='word_1_357' title='bbox 1008 4466 1069 4521; x_wconf 75' lang='grc' dir='ltr'><em>ταῖν</em></span> <span class='ocrx_word' id='word_1_358' title='bbox 1080 4458 1214 4534; x_wconf 83' lang='grc' dir='ltr'><em>κηρύκων</em></span> <span class='ocrx_word' id='word_1_359' title='bbox 1225 4454 1261 4516; x_wconf 76' lang='grc' dir='ltr'><em>ἰδ</em></span> <span class='ocrx_word' id='word_1_360' title='bbox 1276 4453 1345 4524; x_wconf 75' lang='grc' dir='ltr'><em>ἔθος</em></span> <span class='ocrx_word' id='word_1_361' title='bbox 1358 4455 1409 4512; x_wconf 85' lang='lat' dir='ltr'><em>UB</em></span> <span class='ocrx_word' id='word_1_362' title='bbox 1469 4453 1503 4505; x_wconf 79' lang='lat'><em>22</em></span> <span class='ocrx_word' id='word_1_363' title='bbox 1516 4451 1614 4506; x_wconf 79' lang='grc' dir='ltr'><em>συνελ-</em></span> 
     </span>
     <span class='ocr_line' id='line_1_39' title="bbox 352 4531 1616 4624; baseline -0.029 -1"><span class='ocrx_word' id='word_1_364' title='bbox 352 4551 502 4621; x_wconf 69' lang='grc' dir='ltr'><em>θόνταςΰ</em></span> <span class='ocrx_word' id='word_1_365' title='bbox 517 4568 553 4607; x_wconf 75' lang='lat'><em>¹¹¹·</em></span> <span class='ocrx_word' id='word_1_366' title='bbox 565 4568 606 4623; x_wconf 71' lang='lat' dir='ltr'><em>pr·</em></span> <span class='ocrx_word' id='word_1_367' title='bbox 616 4552 671 4608; x_wconf 82' lang='grc' dir='ltr'><em>ΒΜ</em></span> <span class='ocrx_word' id='word_1_368' title='bbox 735 4550 857 4606; x_wconf 75' lang='grc' dir='ltr'><em>Τὶίαίιιτι</em></span> <span class='ocrx_word' id='word_1_369' title='bbox 874 4554 941 4624; x_wconf 84' lang='grc' dir='ltr'><em>περί</em></span> <span class='ocrx_word' id='word_1_370' title='bbox 954 4547 1070 4622; x_wconf 83' lang='grc' dir='ltr'><em>φθόνου</em></span> <span class='ocrx_word' id='word_1_371' title='bbox 1084 4547 1139 4601; x_wconf 80' lang='grc' dir='ltr'><em>ΜΗ</em></span> <span class='ocrx_word' id='word_1_372' title='bbox 1152 4550 1219 4620; x_wconf 85' lang='grc' dir='ltr'><em>περί</em></span> <span class='ocrx_word' id='word_1_373' title='bbox 1236 4539 1353 4617; x_wconf 78' lang='grc' dir='ltr'><em>φθόνον</em></span> <span class='ocrx_word' id='word_1_374' title='bbox 1366 4561 1385 4597; x_wconf 88' lang='grc' dir='ltr'><em>α</em></span> <span class='ocrx_word' id='word_1_375' title='bbox 1398 4537 1448 4595; x_wconf 87' lang='lat' dir='ltr'><em>UB</em></span> <span class='ocrx_word' id='word_1_376' title='bbox 1461 4535 1540 4593; x_wconf 64' lang='grc' dir='ltr'><em>δωεέ</em></span> <span class='ocrx_word' id='word_1_377' title='bbox 1552 4534 1581 4588; x_wconf 81' lang='lat' dir='ltr'><em>in</em></span> <span class='ocrx_word' id='word_1_378' title='bbox 1594 4531 1616 4587; x_wconf 87' lang='lat' dir='ltr'>P</span> 
     </span>
    </p>
   </div>
   <div class='ocr_carea' id='block_1_8' title="bbox 0 0 1771 5264">
    <p class='ocr_par' dir='ltr' id='par_1_9' title="bbox 0 0 1771 5264">
     <span class='ocr_line' id='line_1_40' title="bbox 0 0 1771 5264; baseline 0 0"><span class='ocrx_word' id='word_1_379' title='bbox 0 0 1771 5264; x_wconf 95' lang='lat' dir='ltr'><em> </em></span> 
     </span>
    </p>
   </div>
  </div>
 </body>
</html>
