3520 5270
346 334 409 392 140
817 332 941 388 morus
959 331 1137 389 omme

345 513 506 590 γυναῖκες,
531 507 589 569 οδκ
611 507 671 570 ἐπί
691 504 807 571 κάλλει
828 511 949 588 μόνον,
972 504 1058 570 ἀλλὰ
1081 509 1138 570 καί
1159 510 1219 594 τήν
1242 509 1345 592 ἀρχήν
1368 509 1488 582 αὐτοῖς
1510 528 1610 588 νομι-

347 607 467 688 ζουσαι
489 613 674 696 προσήκειν
696 606 835 690 μᾶλλον.
880 612 960 687 τοδς
980 613 1043 691 μέν
1064 611 1127 693 γδρ
1149 607 1351 685 Πελοπίδας
1380 630 1417 673 τε
1440 608 1529 672 εἶναι
1549 612 1610 673 καί

345 709 517 798 ἐπήλυδας
539 721 598 798 τής
617 702 789 790 Ἑλλάδος,
821 714 921 776 αὐταί
943 709 979 775 δέ
997 703 1183 793 Ἀχαιίδες,
1215 710 1395 793 Τυνδάρεω
1418 713 1610 795 θυγατέρες

344 816 401 878 καί
422 811 553 898 Λήδας.
599 815 617 876 δ
641 810 676 876 δέ
696 811 894 898 Τυνδάρεως
916 812 1053 892 ίνδοξσς
1074 811 1114 900 ήν
1135 816 1192 876 καί
1219 811 1380 895 βασιλεύς
1408 823 1470 899 τῆς
1488 817 1606 898 Σπάρ-

345 937 414 1002 της,
439 917 527 978 ὥστε
547 917 604 978 καί
624 918 685 1002 τήν
702 907 832 1002 Ἑλένην
855 914 912 979 διὰ
934 924 1034 979 τοῦτο
1063 919 1292 1002 ἐμνήστευσαν
1314 919 1349 980 οί
1375 919 1514 1001 ἄριστοι
1535 923 1604 979 τῶν
1626 927 1643 976 5

298 1024 332 1084 11
343 1010 505 1103 Ἑλλήνων
525 1020 582 1080 καί
602 1019 791 1104 βοηθήσειν
808 1021 955 1099 ὤμοσαν.
993 1021 1081 1104 πρδς
1103 1016 1139 1081 δέ
1154 1023 1289 1096 τούτοις
1304 1017 1453 1106 ἀδελφαί
1468 1020 1605 1081 Κάστο-

346 1141 406 1206 ρος
425 1124 482 1184 καί
502 1119 737 1198 Πολυδεύκους
758 1119 853 1207 ήσαν,
877 1124 912 1184 ot
932 1124 1020 1197 Διδς
1041 1119 1165 1197 παῖδας
1186 1123 1422 1208 ἐνομίσθησαν
1443 1123 1502 1184 καί
1523 1121 1605 1184 θεοί

345 1229 443 1309 μέχρι
465 1232 521 1287 νῦν
543 1231 630 1287 πᾶσι
653 1222 791 1288 δοκοῦσι
814 1222 871 1288 διδ
894 1227 954 1311 τήν
976 1221 1117 1305 δύναμιν
1139 1225 1179 1309 ήν
1202 1228 1278 1288 τότε
1300 1225 1409 1304 ἐσχον.
1452 1231 1520 1286 τῶν
1541 1225 1605 1303 μέν

345 1327 408 1411 γάρ
430 1329 466 1389 ἐν
480 1324 732 1412 Πελοποννήσῳ
758 1332 933 1411 προεῖχον·
957 1334 1024 1389 τῶν
1040 1324 1076 1390 δὲ
1092 1323 1157 1404 ἐξω
1173 1324 1438 1412 Πελοποννήσου
1461 1327 1603 1409 μεγίστη

347 1427 488 1510 δύναμις
509 1426 549 1515 ήν
571 1435 590 1512 ή
613 1432 693 1514 περί
714 1431 775 1505 τάς
785 1420 946 1515 Ἀθήνας,
968 1431 1025 1492 καί
1046 1432 1171 1515 κοίτην
1192 1427 1357 1492 καθεῖλον
1378 1425 1603 1510 ἐπιστρατεύ-
1626 1437 1657 1488 n

349 1548 468 1608 σαντες
485 1531 626 1617 Θησέως
639 1529 889 1614 βασιλεύοντος.
930 1535 982 1596 ἐτι
1004 1530 1040 1595 δέ
1063 1534 1208 1615 ἀνεψιὸς
1229 1534 1374 1614 ἐγεγόνει
1397 1531 1513 1606 αὐτοῖς
1529 1531 1700 1594 Ins-(³173
1713 1543 1739 1587 ιι]

349 1630 488 1717 λέαγρος
510 1635 529 1696 δ
550 1641 617 1696 τῶν
635 1623 796 1720 Ἑλλήνων
819 1636 968 1720 ἄριστος.
1008 1643 1112 1698 ταῦτα
1135 1638 1196 1716 μέν
1221 1636 1278 1698 οὖν
1300 1632 1422 1715 (ἴσως)
1444 1625 1504 1696 οὐκ
1524 1635 1606 1718 ήπί-

349 1753 452 1798 στατο
481 1741 501 1822 ή
531 1738 702 1822 Χρυσηίς,
731 1739 770 1799 τδ
795 1734 830 1801 δέ
863 1741 1020 1824 φρόνημα
1050 1741 1148 1824 ήκουε
1175 1746 1242 1801 τῶν
1269 1743 1433 1820 γυναικῶν
1461 1738 1518 1798 καί
1545 1738 1608 1821 τήν

343 1829 473 1924 Ἑλένην
495 1840 755 1922 ἐπεγίγνωσκεν,
778 1843 858 1902 ὅσον
880 1841 1036 1923 ὑπερεῖχε
1059 1849 1120 1904 τοῦ
1141 1837 1280 1924 ἀνδρός·
1311 1840 1398 1901 ὥστε
1420 1835 1538 1923 ἐπειδή
1562 1838 1606 1898 τά

349 1942 429 2025 περί
458 1938 518 2027 τήν
537 1931 655 2004 Ἀσίαν
681 1939 810 2025 μεγάλα
832 1945 931 2028 ήκουε
961 1941 1018 2006 διά
1047 1964 1083 2006 τε
1109 1946 1222 2026 χώρας
1244 1938 1365 2026 ἀρετὴν
1386 1943 1443 2004 καί
1466 1936 1604 2026 πλῆθος
1627 1946 1659 1998 15

348 2043 544 2128 ἀνθρώπων
573 2047 630 2108 καί
649 2048 845 2131 χρημάτων,
874 2049 1125 2131 κατεφρόνησεν
1148 2038 1186 2107 οὐ
1208 2053 1270 2106 τοῦ
1292 2041 1469 2107 Μενελάου
1492 2045 1607 2122 μόνον,

348 2143 433 2209 άλλά
455 2155 517 2209 τοῦ
537 2169 573 2210 τε
591 2141 839 2230 Ἀγαμέμνονος
860 2151 917 2211 καί
939 2146 1119 2234 ξυμπάσης
1140 2157 1200 2235 τῆς
1218 2139 1393 2223 Ἑλλάδος,
1423 2146 1480 2207 καί
1500 2151 1608 2205 ταῦτα

299 2249 338 2310 12
351 2246 460 2312 είλετο
482 2241 556 2312 ἀντ’
588 2251 732 2314 ἐκείνων.
784 2252 803 2313 δ
830 2253 891 2331 μὲν
922 2251 980 2314 οδν
1003 2249 1181 2327 Μενέλαος
1209 2253 1266 2313 καί
1295 2251 1461 2333 πρότερον
1489 2248 1608 2310 ὑπεῖκε

350 2355 429 2436 περί
457 2355 595 2416 πάντων
624 2363 665 2438 τῇ
691 2343 800 2437 Ἑλένη
829 2356 887 2417 καί
916 2355 1056 2438 ὕστερον
1086 2351 1237 2439 είληφὼς
1267 2347 1481 2432 αίχμάλωτον
1515 2351 1609 2428 ὅμως

349 2455 574 2538 ἐθεράπευεν·
598 2455 616 2516 δ
640 2452 675 2517 δέ
694 2448 911 2537 Ἀγαμέμνων
935 2454 992 2540 διὰ
1007 2453 1068 2541 τήν
1083 2453 1186 2542 ἀρχὴν
1201 2459 1427 2538 ἐπαιρόμενος
1441 2447 1501 2535 τήν
1516 2447 1605 2513 Κλυ-
1627 2459 1659 2510 ιι

349 2559 581 2642 ταιμνήστραν
603 2558 777 2642 ήτίμασεν,
803 2560 890 2622 ὥστε
914 2556 1015 2646 δῆλον
1036 2556 1077 2644 ήν
1098 2563 1152 2622 δτι
1174 2549 1233 2622 οὐκ
1255 2553 1428 2634 ἀνέξοιντο
1445 2550 1608 2639 ἀλλήλων,

350 2651 426 2721 ἀλλ’
457 2661 572 2722 ἐσοιτο
600 2667 742 2722 τοιαῦτα
767 2658 884 2741 σχεδδν
915 2662 1021 2725 δποῖα
1051 2667 1244 2724 συνέπεσεν.
1297 2652 1375 2724 οὐδὲ
1405 2659 1469 2742 γάρ
1497 2659 1608 2719 ἐκεῖνα

350 2759 449 2848 ήδετο
473 2757 628 2844 λέγοντος
650 2771 712 2825 τοῦ
731 2753 977 2845 Ἀγαμέμνονος
1006 2768 1026 2848 ή
1048 2767 1218 2849 Χρυσηίς,
1246 2765 1430 2826 καὶταῦτα
1454 2764 1610 2847 φανερῶς

350 2867 385 2928 ἐν
406 2861 565 2950 ἐκκλησίᾳ
580 2871 648 2928 τῶν
660 2857 815 2946 Ἀχαιῶν,
837 2870 891 2929 δτι
907 2866 1060 2950 προτιμᾷ
1075 2876 1135 2953 της
1149 2868 1305 2949 γυναικδς
1321 2855 1424 2949 αδτήν
1439 2863 1497 2926 καί
1511 2852 1610 2923 οδδέν

303 2968 470 3050 13ήγοΐτο
489 2969 644 3052 χείρονα·
673 2970 808 3054 φθίνον
829 2969 892 3053 γάρ
914 2971 971 3032 καί
999 2964 1205 3054 ζηλοτυπίαν
1232 2960 1310 3054 ᾔδει
1337 2972 1494 3052 φέροντα.
1548 2961 1606 3024 καί
1626 2969 1659 3020 fl

350 3065 388 3154 νὴ
410 3071 480 3132 Δία
508 3072 567 3134 τδν
596 3074 725 3154 τρίπον
747 3074 836 3156 ἐώρα
859 3078 922 3133 τοῦ
945 3063 1192 3154 Ἀγαμέμνονος
1220 3076 1274 3135 δτι
1296 3062 1335 3133 οδ
1357 3070 1498 3151 βέβαιος
1519 3062 1605 3128 ἀλλὰ
1621 3074 1713 3126 m)

349 3172 569 3258 ὑπερήφανος
590 3172 641 3258 εἴη
665 3175 721 3236 καί
743 3175 921 3259 ὑβριστής,
948 3176 1006 3236 καί
1033 3175 1068 3236 τί
1089 3176 1231 3259 ποιήσει
1253 3175 1340 3256 πρδς
1362 3167 1465 3256 αὐτὴν
1489 3168 1609 3248 αίχμά·

352 3269 459 3335 λωτον
489 3273 593 3337 οδσαν
621 3270 788 3356 ἐλογίζετο
813 3279 1031 3356 παυσάμενος
1061 3285 1121 3361 τῆς
1143 3277 1351 3358 ἐπιθυμίας,
1381 3277 1469 3336 ὅπου
1491 3292 1527 3354 γε
1549 3278 1610 3356 τῆς

350 3379 473 3437 ἐαυτοῦ
493 3379 658 3457 γυναικός,
680 3374 860 3457 βασιλίδος
881 3399 918 3441 τε
942 3380 1045 3464 οὔσης
1059 3381 1116 3442 καί
1138 3377 1267 3455 παῖδας
1282 3375 1320 3456 ἐξ
1342 3369 1446 3463 αδτής
1461 3392 1608 3457 πεποιη-

349 3481 467 3557 μὲῖθς,
497 3480 605 3554 οὕτως
632 3475 805 3565 ὀλιγώρως
831 3483 1062 3567 ἐμνημόνευεν.
1120 3484 1157 3544 αί
1184 3485 1245 3562 μὲν
1273 3483 1336 3566 γάρ
1363 3476 1505 3564 ἀνόητοι
1531 3475 1605 3555 χαί·
1627 3477 1660 3530 11

350 3597 469 3664 ρουσιν
489 3581 550 3644 ἐπί
564 3586 639 3658 τοῖς
653 3585 824 3667 ἐρασταῖς,
847 3586 929 3646 ὅταν
949 3586 1139 3670 φαίνωνται
1161 3584 1223 3660 τάς
1244 3580 1351 3658 ἄλλος
1372 3575 1607 3661 δτιμάζοντές“

351 3683 388 3744 αί
417 3680 453 3745 δὲ
477 3691 555 3746 νοῦν
584 3685 723 3764 έχουσαι
745 3682 805 3771 τήν
829 3690 933 3772 φύσιν
963 3689 1070 3771 δρῶσι
1098 3694 1160 3749 τοῦ
1180 3695 1286 3749 ταῦτα
1309 3692 1491 3758 ποιοῦντος
1513 3683 1532 3768 ή
1557 3677 1608 3742 λέ·
1622 3685 1703 3739 (1183
1717 3685 1741 3730 11

303 3788 480 3866 14γοντος.
518 3788 587 3866 ἅμα
604 3785 641 3850 δέ
662 3790 719 3851 καί
742 3792 829 3874 πρδς
852 3785 954 3875 αὐτὴν
975 3781 1149 3875 ᾐσθάνετο
1173 3781 1273 3852 αδτδν
1295 3790 1497 3872 ὑβριστικῶς
1512 3787 1609 3865 ἔχειν,

604 3929 758 3935 —-.—.-.-.-
1125 3933 1358 3940 -.-—-——.-
1368 3933 1604 3944 -.-—---.-.-.¹-n--.

436 3996 610 4071 1αδταῖςῦ
696 4003 863 4074 δέπίλυδας
880 4007 904 4063 U
922 4023 957 4062 m.
975 4021 1018 4077 pr.
1104 3999 1187 4067 αδται
1206 4010 1263 4067 UH
1330 4013 1492 4086 θυγατέρας
1509 4014 1540 4071 Μ

352 4091 383 4142 10
401 4093 542 4147 καθεῖλον
559 4090 613 4148 ΒΜ
718 4095 748 4146 11
767 4090 837 4159 ἴσως
853 4093 915 4148 εδδ.
934 4093 1015 4162 Eup.
1032 4092 1161 4150 dubim
1179 4110 1195 4150 e
1211 4096 1271 4152 eod.
1290 4097 1309 4151 S
1331 4099 1389 4168 (qui
1407 4091 1459 4157 οὖν
1476 4104 1541 4165 om.)

353 4179 384 4228 11
400 4171 595 4247 ἐπεγίνωακεν
611 4176 637 4234 U
741 4177 925 4234 scribendum:
948 4172 1093 4251 δπερεῑέι,
1110 4185 1142 4234 ut
1159 4179 1307 4236 ostendunt
1323 4197 1394 4252 qm
1410 4190 1541 4241 ιεααυίαι

352 4263 386 4314 111
401 4257 603 4334 κατεφρόνησε
620 4261 645 4318 U
663 4277 751 4331 σερε.
771 4266 798 4325 ίν
815 4260 969 4328 αδδιδιτ.)
1025 4267 1054 4318 18
1071 4264 1203 4335 ὑπῆκεΜ
1255 4263 1558 4342 211ωωσιήτίμαζεν

351 4347 384 4398 11
401 4338 540 4417 ήγεῐτσΒ
614 4343 675 4419 ήιέη
692 4346 717 4403 U
735 4363 770 4401 m.
789 4363 830 4417 pr.
917 4341 1098 4420 21αδτὴνῦ
1185 4355 1214 4406 ³1
1235 4353 1390 4423 φαίνονται
1408 4355 1487 4412 ΒΜΠ
1504 4371 1540 4413 ια.
1558 4373 1609 4428 ρο,

350 4444 419 4484 eom
439 4430 519 4573 Ειήιρ.
589 4436 622 4486 ³2
640 4427 772 4502 δφορῶσι
792 4433 900 4488 (ieelim
973 4437 1007 4490 ³³
1026 4428 1114 4506 αὐτὴν
1130 4434 1201 4501 libri,
1220 4429 1309 4509 αδτήν
1326 4437 1406 4507 Πωρ.
1424 4454 1442 4495 α
1459 4440 1518 4496 cod.
1538 4441 1557 4496 S

350 4514 451 4570 malim:
483 4535 576 4587 χοντα
