3466 5268
641 333 777 397 ORATIO
794 337 893 396 mv.
1357 341 1398 402 69

140 511 158 570 ό
180 511 326 594 γεωργός
348 505 580 594 ἀμελέστερος.
626 511 733 590 οὕτως
757 509 792 576 δέ
816 514 900 594 άγαν
923 505 1028 590 αὐτός
1047 531 1134 600 φασι
1158 512 1272 600 φιλεῖν
1295 515 1395 604 ἀλλή-

140 609 201 688 λας
228 611 285 674 καί
311 613 350 676 τό
380 609 470 676 ἴδιον
499 620 624 699 σμῆνος
646 616 804 700 έκάστην,
836 615 923 680 ὥστε
946 611 1087 680 έπειδάν
1116 612 1181 694 ἔξω
1203 614 1310 702 (ὑπὸ)
1328 641 1397 706 χει-

138 719 252 793 μῶνος
274 710 514 800 ἀποληφθῶσι
537 711 667 778 πολλοῦ
688 720 867 798 γενομένου
892 718 1094 798 πνεύματος,
1122 715 1224 785 λίθον
1246 724 1296 799 είς
1318 725 1397 799 τοὺς

141 812 252 894 πόδας
279 820 401 904 ἑκάστη
433 813 582 898 λαβοῦσα
613 819 729 903 ὥσπερ
758 822 842 904 έρμα
873 820 981 896 οὕτως
1011 823 1190 898 πέτονται,
1228 825 1324 900 δπως
1351 830 1395 912 μή

105 927 121 978 ε
144 920 402 1006 παρενεχθῶσιν
417 921 485 984 ὑπό
508 929 570 986 τοῦ
591 923 783 1001 πνεύματος
804 919 890 1008 μηδέ
913 929 975 986 τοῦ
992 925 1139 1008 σμήνους
1154 921 1396 1011 διαμάρτωσιν.

10 1032 125 1086 {somn
143 1025 224 1084 όταν
247 1018 283 1089 δὲ
307 1018 346 1108 δή
363 1023 419 1085 καί
434 1023 617 1110 πρόθυμον
633 1024 741 1102 οὕτως
755 1025 813 1088 καὶ
827 1025 962 1110 ἀγαθήν
983 1027 1040 1110 έχη
1063 1045 1116 1101 τις
1138 1023 1299 1110 πατρίδα,
1322 1035 1397 1104 πῶς
1420 1029 1440 1094 8

142 1115 179 1186 οὐ
206 1127 267 1212 χρή
298 1127 410 1188 πάντα
439 1123 545 1190 τόλλα
573 1128 654 1212 περὶ
675 1123 855 1203 έλάττονος
888 1127 1075 1192 ποιεῖσθαι
1102 1130 1245 1214 ταύτης,·
1279 1131 1301 1192 ά
1332 1133 1397 1214 έγώ

142 1221 355 1309 λογιζόμενος
374 1228 502 1314 χαίρω,
526 1228 614 1312 δρῶν
636 1229 692 1292 καί
714 1228 773 1293 τόν
795 1231 870 1292 υίέα
893 1231 951 1294 τόν
973 1231 1122 1310 ίμαυτοδ
1141 1233 1198 1294 καί
1222 1233 1280 1295 τόν
1303 1229 1400 1296 ἀδελ-

142 1325 264 1414 φιδοῦν
284 1329 341 1394 καί
362 1331 440 1404 τούς
462 1326 585 1406 ἄλλους
608 1331 802 1407 νεανίσκους
824 1328 986 1409 (πολλοὺς
1008 1328 1044 1398 δέ
1068 1333 1135 1413 δρῶ
1162 1333 1221 1398 σδν
1244 1332 1318 1417 θεῷ
1341 1337 1398 1398 καλ

105 1440 132 1492 10
156 1433 311 1510 ἅπαντας
333 1431 475 1515 ἀγαθῶν
497 1436 621 1516 γονέων
644 1433 699 1502 καί
721 1434 761 1496 τό
782 1452 818 1515 γε
841 1431 933 1509 εἶδος
954 1435 1103 1517 ἀγαθοῖς
1124 1437 1275 1516 δμοίους)
1295 1438 1402 1514 σδτως

19 1549 72 1598 (εει
91 1545 125 1599 Μ)
144 1531 404 1616 διανοουμένους
426 1536 473 1611 ὡς
497 1531 780 1621 φιλονικήσοντας
795 1533 955 1623 ἀλλήλοις
971 1538 1049 1600 ἄνευ
1075 1537 1210 1624 φθόνου
1225 1540 1282 1602 καί
1304 1533 1399 1624 ζηλο-

142 1638 267 1714 τυπίας
288 1639 344 1702 καὶ
366 1642 439 1716 τοῖς
461 1634 579 1714 άλλοις
601 1637 805 1723 ἀνθρώποις
827 1640 913 1724 ὑπὲρ
941 1641 1062 1726 δρετής
1083 1642 1140 1704 καί
1162 1631 1318 1718 εὐδοξίας
1340 1649 1400 1728 τής

143 1760 179 1806 τε
209 1741 319 1803 αὐτῶν
347 1741 403 1803 καλ
431 1747 491 1825 τῆς
520 1737 688 1825 πατρίδος
715 1742 773 1804 καὶ
801 1744 897 1817 όπως
926 1743 1106 1826 πρωτεύσῃ
1137 1745 1278 1819 έκαστος
1299 1745 1335 1806 έν
1357 1751 1399 1829 τῇ

146 1839 288 1926 πατρίδι
309 1839 356 1926 τῷ
374 1839 505 1920 δίκαιός
527 1862 563 1908 τε
586 1841 753 1908 εἶναικαὶ
776 1839 963 1930 φιλόπολις
984 1845 1040 1907 καί
1061 1847 1106 1930 μή
1131 1842 1297 1920 δδδνατσς
1319 1846 1399 1928 ἀγα-

95 1953 122 2004 ιό
145 1945 212 2008 θόν
234 1965 268 2008 τι
291 1950 404 2010 ποιεῖν
425 1946 481 2008 καί
504 1941 616 2022 αὔξειν
639 1947 699 2030 τήν
715 1943 875 2030 πατρίδα.
913 1945 952 2010 εδ
964 1947 1027 2030 γάρ
1044 1945 1117 2010 ἴστε
1133 1949 1187 2010 δτι
1202 1947 1241 2012 οδ
1255 1948 1395 2034 μεγίστη
1419 1946 1439 2010 9

142 2054 209 2111 τῶν
233 2043 366 2112 πόλεων
390 2047 474 2112 οδσα
498 2044 575 2110 οὐδὲ
599 2043 761 2114 πλεῖστον
780 2052 903 2132 χρόνον
928 2049 1104 2133 οἰκουμένη
1122 2045 1259 2112 πολλῶν
1281 2067 1400 2133 γνωρι-

142 2155 276 2235 μωτέρα
299 2151 373 2216 έστί
393 2151 450 2214 καί
472 2151 567 2235 παρά
582 2154 656 2226 τοῖς
672 2146 790 2226 ἄλλοις
812 2151 1026 2235 ἀνθρώποις,
1049 2153 1105 2216 καί
1122 2148 1240 2232 σχεδόν
1255 2172 1290 2214 τι
1313 2153 1401 2236 πρὸς

143 2255 298 2328 ἅπαντας
320 2253 588 2335 ἀγωνιουμένους
609 2253 689 2328 τοδς
702 2244 863 2336 Ἕλληνας
893 2249 1002 2316 πάλαι
1032 2258 1174 2338 παρέχει
1195 2255 1275 2328 τούς
1298 2253 1400 2338 αὑτής

144 2353 289 2432 πολίτας
319 2355 376 2416 οάκ
398 2356 433 2417 έν
455 2358 529 2429 τοῖς
557 2355 717 2431 ὑστάτοις
746 2346 821 2421 οὐδ’
853 2356 888 2420 έν
917 2359 991 2431 τοῖς
1019 2357 1149 2440 τρίτοις
1180 2356 1200 2441 ή
1231 2354 1401 2440 δευτέροις

95 2465 127 2520 20
150 2460 433 2545 ἀριθμουμένους.
480 2453 563 2539 λέγω
588 2454 624 2520 δέ
649 2457 706 2537 οὐχ
728 2458 814 2541 ὑπέρ
837 2459 986 2538 έμαυτοῦ
1006 2465 1124 2521 τοῦτον
1139 2459 1204 2541 ἐγὼ
1219 2461 1277 2522 τόν
1294 2455 1401 2542 λόγον,

145 2558 230 2625 ἀλλά
245 2564 331 2646 ὑπὲρ
346 2566 413 2623 τῶν
430 2556 551 2639 άλλων,
576 2557 622 2623 ὥν
650 2561 759 2641 οἱμὲν
775 2558 1060 2647 ἀποδημήσαντες
1074 2563 1131 2626 καί
1145 2558 1284 2627 πλείοσι
1301 2581 1402 2648 φανε-

144 2667 199 2750 ρολ
220 2665 392 2746 γενόμενοι
416 2664 565 2749 φανεράν
587 2666 646 2749 τήν
677 2659 779 2742 δόξαν
801 2663 1000 2749 όκτήσαντο,
1030 2665 1065 2728 οί
1094 2661 1130 2728 δέ
1153 2660 1280 2728 ἐνθάδε
1303 2661 1402 2728 πολι-

143 2769 319 2847 τευόμενοι
339 2766 396 2828 καλ
416 2770 575 2846 μένοντες
597 2762 694 2828 οὐδέν
713 2768 848 2851 χείρους
870 2767 1006 2829 έκείνων
1022 2766 1203 2830 εἰσίνοδτε
1219 2769 1299 2849 περὶ
1319 2769 1398 2842 τούς

147 2867 264 2951 λόγους
286 2867 362 2930 οὔτε
385 2869 465 2952 περὶ
486 2869 527 2930 τά
550 2869 639 2953 έργα.
678 2869 744 2952 δρῶ
762 2865 798 2930 δὲ
822 2869 860 2930 οδ
882 2870 987 2948 μόνον
1006 2869 1077 2931 ἀπό
1095 2865 1211 2951 λόγων,
1233 2866 1319 2931 άλλά
1341 2871 1398 2932 καί
1415 2866 1451 2928 10

98 2979 127 3030 2⁵
150 2973 219 3034 άπό
244 2967 456 3056 φιλοσοφίας
478 2967 603 3056 ἄνδρας
632 2971 787 3054 άγαθοδς
814 2973 871 3034 καλ
899 2967 1097 3054 ἀξιολόγους
1124 2976 1339 3054 γιγνομένους
1367 2975 1402 3035 έν

146 3081 187 3158 σή
216 3071 333 3136 πόλει·
360 3074 447 3158 ὑπὲρ
474 3070 521 3135 ὧν
548 3074 613 3155 ἐγὼ
641 3075 697 3136 καί
720 3070 792 3158 ίδίφ
819 3075 898 3148 τοδς
927 3078 1023 3148 νέους
1051 3075 1108 3138 καλ
1136 3081 1247 3160 κοινή,
1277 3055 1402 3160 ότανῇ

145 3178 273 3261 καιρός,
296 3176 354 3238 οὐκ
376 3176 506 3261 δκνήσω
530 3172 748 3260 παρακαλεῖν.
786 3177 842 3238 καί
865 3178 923 3238 τόν
940 3173 1046 3262 δῆμον
1068 3179 1154 3257 ὑμᾶς
1177 3174 1273 3255 άξιῶ,
1297 3179 1318 3238 ά
1342 3179 1404 3258 μὲν

12 3289 88 3340 σεεμ
98 3289 131 3342 11)
145 3281 221 3342 ἔστι
236 3279 330 3362 παρὰ
346 3284 413 3341 τῶν
426 3281 648 3363 κρατούντων,
664 3286 769 3340 ταῦτα
784 3273 934 3356 ἐλπίζειν
950 3281 997 3356 ὡς
1008 3281 1153 3361 ἐσόμενα
1168 3282 1225 3343 καί
1240 3280 1404 3360 εὔχεσθαι

149 3382 345 3463 συμβαίνειν
367 3382 443 3445 τινά
472 3383 571 3467 τιμήν
594 3381 613 3466 ή
639 3377 740 3458 δόξαν
762 3381 782 3466 ή
806 3381 970 3466 εάπορίαν
997 3385 1194 3466 χρημάτων·
1224 3380 1305 3445 άδέ
1328 3382 1403 3444 ἔστι

98 3495 129 3546 εσ
151 3475 237 3570 παρ’
263 3484 382 3561 αὐτῶν,
405 3485 502 3564 ἔχειν,
526 3480 662 3567 εὐταξίᾳ
684 3491 751 3548 τῶν
775 3479 885 3548 άλλων
909 3478 1023 3569 δήμων
1040 3481 1275 3570 διαφέροντας,
1298 3480 1402 3560 αίδοῐ,

147 3585 195 3671 τῷ
226 3587 422 3650 πείθεσθαι
450 3591 523 3662 τοῖς
552 3588 701 3670 άγαθοῖς
730 3583 891 3669 ἀνδράσι,
924 3582 1098 3672 φιλεργίᾳ,
1128 3585 1331 3672 σωφροσύνη
1361 3582 1403 3667 τῇ

149 3691 228 3774 περί
250 3692 308 3752 τόν
329 3679 414 3751 καθ’
438 3693 567 3775 ήμέραν
589 3690 682 3772 βίον,
705 3685 753 3771 τῷ
775 3690 859 3774 μήτε
882 3693 949 3750 τῶν
974 3689 1140 3769 σωμάτων
1162 3682 1298 3768 ἀμελεῖν
1319 3686 1403 3770 μήτε

148 3800 208 3878 τῆς
229 3799 350 3877 ψυχῆς,
373 3783 458 3854 καθ’
483 3795 563 3856 δσον
586 3795 714 3878 ἑκάστῳ
740 3788 861 3878 σχολήν
885 3787 1008 3854 δίδωσι
1030 3789 1071 3853 τά
1092 3792 1196 3853 αὐτοῦ
1209 3791 1402 3874 πράγματα,

236 4009 435 4086 ίγεοργὸςΤ
504 4010 619 4070 ουτωΒ
705 4003 796 4068 λδνιδ
814 4007 876 4066 αδδ
891 4008 1001 4074 Roiuke,
1020 4006 1182 4080 πνεύματος
1200 4007 1284 4066 deleri
1304 4006 1407 4063 mavult

148 4096 214 4153 wil.
289 4092 556 4168 δάπολειφθοῖσιει
574 4099 602 4160 (ν
620 4099 701 4164 em.)
718 4094 743 4150 U
760 4087 1003 4167 άπολειφθάσιΒ
1093 4099 1150 4161 ’τῖ’νς
1167 4093 1216 4151 UT
1233 4094 1262 4162 (i.
1279 4107 1304 4150 ο.
1321 4083 1406 4150 mvn}-

147 4185 251 4253 ματος)
335 4170 490 4242 δοδτωΒ
576 4179 715 4240 πέτανται
734 4179 807 4238 UBT
893 4171 1046 4240 θοδτωΒ
1144 4176 1194 4254 ἔχη
1211 4184 1238 4252 (η
1254 4177 1283 4234 in
1299 4175 1407 4244 m.)U

150 4263 249 4341 δχειΤ
320 4272 352 4324 10
370 4257 447 4327 οὕτω
465 4267 514 4324 ΒΤ
585 4273 615 4324 11
635 4264 890 4338 φιλονεικήσοντας
908 4265 982 4322 UBT
1054 4270 1084 4322 1³
1102 4259 1259 4325 αδτοῖνΠΤ
1328 4281 1407 4334 πρω-

150 4346 243 4412 τεύσει
261 4351 290 4406 Μ
307 4347 464 4426 τερατεύσήι
482 4351 554 4410 Um.
564 4367 607 4423 pr.
678 4354 709 4408 1⁸
728 4343 876 4423 αδτήςΠΤ
930 4355 960 4408 21
981 4345 1110 4412 ἄλλ’ΒΤ
1180 4356 1213 4406 30
1229 4349 1269 4406 ita
1285 4347 1409 4405 dlutinxst

151 4436 260 4494 Goelius
276 4437 413 4508 probato
429 4437 559 4509 Emporio
612 4440 643 4491 ³1
663 4431 698 4494 τὸ
716 4452 766 4507 pro
786 4439 828 4512 τῷ
846 4435 871 4493 U
889 4452 924 4492 m.
942 4454 982 4509 pr.
1000 4439 1025 4496 B
1076 4439 1234 4511 φιλεργίως
1249 4433 1318 4502 libri,
1336 4449 1407 4490 σοιν.

150 4521 430 4596 mmmmm.
489 4527 522 4579 ³2
540 4521 673 4581 τὸῦω.
691 4522 773 4594 pr.B
826 4525 887 4580 των
904 4517 1118 4597 αδκομάτωνΤ
1188 4527 1221 4580 33
1240 4514 1329 4580 αὐτοῦ
1344 4517 1409 4575 libri
