3466 5268
350 328 390 388 58
760 326 884 384 DIONIS
902 327 952 382 AD
970 327 1192 385 APAMENSES

307 507 327 568 2
350 503 562 592 ἐπιδημῆσαι
591 507 678 590 πρὸς
706 507 836 580 αὐτούς.
891 507 947 567 καί
976 502 1060 579 ἴσως
1090 497 1186 567 οὐδὲν
1209 507 1359 569 ἐποιεῖτε
1382 508 1603 588 θαυμαστόν·

348 597 387 670 οὗ
408 609 471 692 γάρ
493 611 596 688 μόνον
619 609 656 669 αί
679 604 800 670 λοιπαί
822 603 956 684 πόλεις,
987 603 1072 668 ἀλλά
1099 609 1155 670 καί
1184 613 1250 669 τῶν
1278 609 1441 687 ἰσοτίμων
1464 611 1543 690 ύμῖν
1567 611 1605 672 αί

348 707 509 773 πλεῖσται
532 706 666 789 σχεδόν,
689 711 776 772 ὅπου
798 714 934 792 γέγονα,
956 711 1013 772 καί
1036 704 1213 785 πολιτείας
1234 711 1290 772 καί
1311 706 1434 796 βουλῆς
1455 713 1513 774 καί
1535 719 1604 775 τῶν

348 815 494 898 πρώτων
522 819 629 893 τιμῶν
663 810 760 875 οὐδὲν
795 810 941 894 δεομένην
975 808 1182 892 μετέδωκαν,
1218 813 1275 875 οὐκ
1307 811 1464 900 ἀνωφελῆ
1500 831 1605 900 σφισι

347 911 540 996 νομίζοντες
555 912 632 978 οὐδὲ
648 913 786 993 ἀνάξιον
801 915 980 996 τιμᾶσθαι.
1018 917 1057 977 τό
1082 911 1117 977 δὲ
1133 917 1292 1000 ύμέτερον
1311 917 1369 978 ούκ
1384 918 1476 979 ἔστιν
1500 913 1600 979 ἀλλό-
1622 927 1637 976 5

346 1038 457 1101 τριον,
487 1009 562 1080 ἀλλ’
590 1019 636 1094 ὡς
658 1019 699 1080 ἀν
722 1019 835 1100 εὐνοίᾳ
864 1019 921 1080 καί
946 1019 1062 1101 χάριτι
1085 1015 1252 1101 πατρίδος
1281 1021 1433 1103 τιμώσης
1455 1016 1602 1103 πολίτην
1617 1032 1664 1083 ιιεε
1676 1030 1710 1081 ¹1}

347 1121 457 1207 αὐτῆς.
503 1123 541 1184 τό
565 1117 601 1182 δέ
625 1118 714 1182 εἶναί
734 1141 839 1196 τινος,
863 1121 909 1195 ὡς
932 1121 973 1182 ἀν
988 1122 1023 1182 έν
1040 1116 1144 1205 δήμῳ,
1167 1126 1234 1182 τῶν
1250 1117 1376 1182 ένθάδε
1391 1123 1468 1201 ἐμοί
1484 1117 1603 1200 σχεδὸν

346 1225 390 1308 μη
423 1219 557 1310 σφόδρα
586 1219 770 1309 ἡδομένους
801 1214 860 1284 οὐκ
889 1224 930 1284 ἀν
959 1223 1180 1301 θαυμάσαιμι
1208 1218 1265 1284 διά
1294 1224 1354 1308 την
1377 1229 1444 1285 τῶν
1467 1219 1603 1285 πόλεων

348 1323 556 1412 φιλοτιμίαν.
614 1326 727 1388 καίτοι
755 1326 946 1404 έπίσταμαι
979 1331 1099 1410 σοφῶς
1134 1316 1211 1387 οὐδὲ
1246 1327 1325 1400 τούς
1354 1327 1427 1388 ἐκεῖ
1456 1321 1603 1400 πολίτας

351 1431 506 1504 ἅπαντας
529 1429 651 1512 ἀρέσαι
675 1424 873 1509 δυνάμενος,
906 1418 983 1489 ἀλλ’
1010 1427 1121 1503 ένίους
1144 1419 1191 1490 δι’
1218 1416 1300 1490 αὐτὸ
1330 1435 1429 1491 τούτο
1459 1428 1609 1508 ἀχθομέ-
1632 1437 1660 1488 1⁰

308 1532 326 1595 3
349 1550 427 1604 νους
449 1533 503 1592 ότι
526 1527 601 1592 λίαν
625 1527 712 1592 δοκῶ
737 1527 923 1616 φιλόπολις
944 1531 1001 1591 καί
1023 1529 1214 1614 πρόθυμος.
1255 1525 1311 1592 δεῖ
1330 1525 1365 1591 δὲ
1389 1532 1446 1592 τόν
1469 1532 1604 1617 ἐπιεικῆ

347 1634 403 1695 καί
424 1637 562 1715 μέτριον
585 1629 691 1717 ἀνδρα
713 1634 770 1695 καί
791 1634 915 1716 ταύτην
939 1635 1099 1716 παρέχειν
1121 1633 1181 1718 την
1203 1628 1360 1708 ἐξουσίαν
1383 1637 1456 1707 τοῖς
1482 1636 1608 1695 ἑαυτοῦ

347 1731 517 1810 πολίταις.
561 1736 600 1796 τό
623 1735 685 1818 γὰρ
708 1731 835 1820 μηδένα
859 1736 894 1796 έν
917 1731 1018 1797 πόλει
1038 1737 1122 1820 μήτε
1145 1731 1329 1817 ἀντιλέγειν
1345 1735 1395 1796 ένί
1415 1736 1498 1819 μήτε
1520 1740 1605 1814 μέμ·

348 1838 482 1923 φεσθοι
503 1838 564 1899 κάν
588 1839 722 1900 ἅπαντα
748 1839 914 1923 φαίνηται
938 1844 1048 1900 ποιῶν
1070 1833 1190 1914 καλῶς,
1216 1830 1253 1900 ού
1272 1835 1386 1921 δήμων
1409 1839 1500 1899 έστίν
1525 1828 1604 1899 οὐδὲ

347 1943 505 2019 ἐπιεικές,
528 1937 613 2002 ἀλλὰ
635 1937 763 2020 μᾶλλον
785 1937 887 2026 φιλεῖ
899 1943 937 2003 τό
953 1947 1108 2003 τοιοῦτον
1125 1940 1320 2021 συμβαίνειν
1335 1944 1409 2016 τοῖς
1423 1941 1601 2022 τυράννοις
1626 1947 1654 2000 1⁵

345 2043 463 2128 ἢτοῖς
493 2032 692 2128 εὐεργέταις.
744 2045 775 2106 εί
804 2043 862 2105 οδν
885 2045 954 2107 είσί
975 2065 1065 2119 τινες
1087 2046 1174 2128 πρός
1197 2045 1255 2123 ἐμὲ
1279 2038 1450 2118 δυσκόλως
1480 2039 1605 2105 διακεί-

346 2165 460 2225 μενοι,
491 2147 626 2222 τούτοις
654 2143 802 2227 μάλιστα
833 2147 994 2209 πιστεύω.
1048 2142 1148 2232 δῆλον
1177 2146 1239 2229 γάρ
1270 2146 1317 2220 ὡς
1347 2140 1539 2224 νομίζοντές
1561 2165 1605 2225 με

347 2248 480 2330 ἀγαπᾶν
509 2251 569 2334 την
598 2251 744 2329 ἐμαυτοῦ
774 2245 923 2332 πατρίδα
954 2249 1009 2310 καί
1039 2250 1151 2308 πάντα
1179 2250 1309 2331 τρόπον
1348 2244 1460 2324 αὔξειν
1497 2249 1606 2322 οὕτως

348 2350 490 2429 ἔχουσιν.
543 2352 601 2414 έάν
632 2350 690 2413 οδν
719 2351 916 2413 πεισθῶσιν
945 2352 999 2413 ότι
1027 2351 1084 2412 καί
1111 2351 1235 2434 ταύτην
1264 2353 1410 2435 ἠγοῦμαι
1440 2347 1603 2434 πατρίδα,

346 2454 403 2515 καί
418 2455 581 2536 πράττειν
596 2455 681 2534 ὑπὲρ
699 2444 803 2539 αι’της
825 2455 889 2528 ό,τι
911 2453 952 2513 ἀν
975 2449 1127 2532 δύνωμαι
1152 2453 1334 2535 πρόθυμός
1357 2453 1445 2532 είμι,
1473 2449 1603 2537 ῥηιδίως
1625 2461 1654 2512 λυ

307 2552 619 2636 4μεταβαλούνται
640 2557 696 2618 καί
718 2555 936 2640 ἀγαπήσουσί
962 2574 1004 2635 με
1033 2559 1107 2629 τοῖς
1135 2551 1252 2629 ἀλλοις
1281 2556 1417 2635 δμοίως.
1473 2558 1511 2618 τό
1542 2559 1604 2636 μέν

349 2657 406 2720 σύν
430 2654 542 2744 φιλεῖν
565 2660 624 2744 την
647 2655 797 2742 πατρίδα
820 2653 969 2737 μάλιστα
992 2659 1129 2718 πάντων
1153 2645 1212 2719 οὐκ
1235 2652 1373 2738 έξαρνός
1398 2659 1478 2737 είμι.
1520 2677 1603 2720 πυν-

347 2762 501 2841 θάνομαι
527 2758 562 2825 δὲ
587 2752 717 2839 αὐτῶν,
746 2765 777 2824 εί
799 2768 899 2824 τούτο
923 2756 1040 2822 ἀδίκου
1064 2754 1259 2840 νομίζουσιν
1289 2757 1410 2845 ἀνδρὸς
1437 2758 1604 2823 εἶναικαὶ

346 2864 542 2948 μοχθηροῦ,
579 2865 638 2927 καί
670 2860 814 2948 πολίτην
848 2869 1003 2925 τοιοῦτον
1037 2852 1095 2924 οὐκ
1129 2863 1169 2924 ἀν
1203 2859 1358 2926 ἐθέλοιεν
1392 2862 1480 2927 εἶναι
1513 2854 1599 2946 παρ’
1617 2877 1727 2928 (ιειοισ

348 2966 473 3040 αὐτοῖς.
519 2955 637 3028 οδκούν
659 2962 789 3043 ἔξεστιν
811 2967 889 3044 ύμῖν
912 2966 998 3044 ἔχειν
1028 2966 1111 3044 κάμέ
1135 2961 1279 3050 πολίτην
1308 2967 1515 3040 ἀνυπόπτως
1543 2967 1601 3027 καί
1622 2976 1652 3027 25

348 3075 415 3130 τῶν
438 3064 548 3130 ἀλλων
571 3071 650 3142 τούς
672 3065 877 3148 βελτίστους.
929 3069 985 3130 καί
1007 3069 1120 3131 τοίνυν
1150 3059 1198 3131 δι’
1224 3059 1306 3130 αὐτό
1334 3087 1395 3148 μοι
1423 3074 1524 3129 τούτο
1547 3087 1605 3130 πι-

350 3172 500 3232 στεύοιτε
524 3171 565 3232 ἀν
589 3166 808 3253 δικαιότερον.
846 3173 941 3245 ὅστις
956 3171 1017 3250 μέν
1039 3171 1101 3252 γὰρ
1118 3171 1282 3253 ἀγνώμων
1305 3172 1385 3254 περὶ
1400 3171 1479 3244 τούς
1503 3171 1606 3254 φύσει

347 3277 482 3353 γονέας,
517 3264 577 3334 οὐκ
606 3274 647 3334 ἀν
674 3277 806 3354 γένοιτο
836 3275 932 3348 όσιος
962 3264 1039 3335 οὐδὲ
1071 3275 1158 3356 πρὸς
1187 3275 1266 3348 τούς
1295 3273 1462 3353 θεμένους
1492 3263 1604 3333 αι’·τόν.

307 3374 327 3435 5
350 3376 370 3436 δ
394 3371 429 3436 δὲ
453 3377 532 3450 τούς
553 3376 777 3460 γεννήσαντας
800 3375 942 3457 ἀγαπῶν
965 3363 1127 3438 οὐδέποτ’
1153 3377 1194 3437 ἀν
1217 3372 1395 3460 ἀμελήσειε
1411 3381 1478 3437 τῶν
1490 3375 1607 3457 χάριτι

346 3483 472 3560 γονέων
494 3481 689 3560 γενομένων.
742 3479 865 3558 τὸμὲν
894 3479 957 3561 γὰρ
980 3486 1039 3563 της
1063 3480 1198 3562 φύσεως
1221 3469 1412 3557 αὐτόματόν
1441 3477 1531 3552 ἐστι,
1562 3478 1601 3538 τό
1625 3495 1655 3546 3ο

348 3577 384 3642 δὲ
412 3589 472 3666 τῆς
498 3583 637 3665 χάριτος
660 3581 823 3643 ἑκούσιον.
876 3582 946 3659 είμί
972 3582 1034 3660 μὲν
1057 3579 1114 3641 οόν
1139 3577 1283 3665 πολίτης
1312 3583 1494 3663 ἑκατέρων·
1525 3570 1603 3640 ἀλλ’

346 3684 487 3758 έκείνοις
518 3685 580 3764 μὲν
610 3674 649 3745 οὐ
679 3680 736 3746 δεῖ
757 3703 800 3764 με
831 3685 910 3767 περί
939 3683 1059 3744 τούτου
1085 3683 1184 3766 χάριν
1214 3679 1357 3757 εἰδέναι,
1391 3682 1475 3760 ὑμᾶς
1498 3678 1533 3742 δὲ
1558 3681 1606 3755 ὡς
1724 3717 1727 3810 η

347 3773 521 3869 εὐεργέτας
543 3786 753 3868 ἀμείβεσθαι
776 3783 916 3848 δίκαιον.
963 3781 1020 3847 διδ
1042 3784 1104 3866 γὰρ
1127 3785 1187 3870 την
1210 3785 1371 3869 ὑμετέραν
1394 3783 1527 3846 εύνσιαν
1549 3783 1607 3844 καί

432 4074 444 4124 1
465 4063 570 4136 αύτούς
587 4067 668 4125 UMT
755 4074 770 4122 λ
789 4062 925 4140 ἀνωφελῆ
943 4068 1024 4139 σφίσι
1041 4065 1149 4124 selden.
1167 4061 1315 4140 ἀνωφελῆς
1333 4070 1402 4139 φησί
1420 4065 1449 4120 Μ
1469 4057 1608 4136 ἀνωφελῆ

346 4154 501 4228 φησίΠΒΤ
548 4149 707 4212 ῡέοτιΒΜ
763 4154 1014 4223 6πατρίόοςευιε
1026 4144 1125 4228 εύνοίη
1140 4150 1236 4206 melina
1255 4151 1436 4208 collocaretur
1484 4143 1609 4222 ῖαύτῆς

345 4239 417 4308 libri,
436 4255 507 4296 corr.
526 4239 605 4309 Emp.
677 4243 709 4294 10
727 4231 911 4310 ἀχθομένους
929 4237 952 4291 Τ
971 4233 1136 4310 ἀχθόμενος
1155 4235 1234 4293 BMU
1251 4253 1285 4291 m.
1303 4253 1345 4306 pr.
1413 4242 1441 4292 ¹1
1461 4230 1554 4309 τῇνΤ

346 4329 379 4380 14
396 4325 551 4398 φαίνητεΒ
620 4320 712 4396 δῆμόν
728 4321 807 4381 ἐστιν
818 4323 856 4390 Μ,
876 4323 947 4378 unde
958 4317 1065 4394 (κατὰ)
1082 4315 1174 4392 δῆμόν
1190 4319 1268 4380 ἐστιν
1285 4322 1350 4378 Wil.
1368 4322 1431 4378 dub.
1497 4325 1528 4376 15
1547 4339 1609 4378 τοι·
1726 4331 1727 4336 ’

346 4413 416 4468 σύτο
433 4411 488 4467 ΒΜ
558 4413 590 4465 23
608 4403 680 4468 αύτδ
699 4408 773 4466 UBT
790 4414 850 4480 (pro
869 4402 975 4474 αὐτῶν)
1028 4412 1060 4463 25
1078 4401 1219 4474 αὐτοῖςΰ
1271 4411 1303 4462 29
1322 4401 1456 4480 ἀμελήσει
1474 4403 1508 4462 ἐκ
1525 4405 1555 4460 Μ

345 4499 376 4549 31
398 4487 449 4554 σύν
467 4511 519 4552 om.
538 4494 568 4549 M
637 4498 669 4549 3³
688 4489 731 4554 όιὰ
750 4491 807 4568 γὰρ
825 4495 926 4552 Reiske
944 4509 977 4550 ex
997 4495 1121 4565 interpr„
1139 4491 1184 4550 ἀιά
1203 4494 1232 4552 ἀλ
1250 4493 1311 4550 libri
