3520 5270
338 320 401 379 138
811 321 933 378 DIONIS
951 321 1128 378 cflnnsnls

336 500 449 581 μένην.
472 531 515 542 -
536 501 577 558 Δ.
605 497 648 558 Τί
669 499 749 579 γάρ;
779 498 815 558 ἐκ
844 505 912 560 τῶν
938 503 1125 580 γενομένων
1154 500 1234 581 περί
1262 498 1364 583 αύτην
1393 497 1451 558 σύκ
1477 498 1519 557 ἀν
1541 517 1594 571 τις

341 597 509 680 συμβάλοι
530 601 589 684 τὴν
613 596 768 662 διάνοιαν
789 601 834 685 μὴ
859 603 948 662 πάνυ
971 598 1091 676 άπλῶς
1107 598 1192 685 μηδὲ
1215 600 1350 684 εὐήθως
1374 605 1530 674 σκοπῶν,·
1553 631 1595 640 -

330 692 437 776 Ἴσως.
460 735 504 746 -
524 698 695 785 Πότε<ρσν
719 697 794 783 οὖν)
816 703 973 782 οίώμεθα
996 705 1054 765 τόν
1076 705 1216 787 Χρύσην
1239 703 1384 786 ἀκούσης
1406 709 1466 786 της
1488 700 1594 782 θυγα-

339 805 419 886 τρός
441 805 491 878 είς
512 806 550 866 τό
575 801 808 888 στρατόπεδον
836 801 953 868 ἐλθεῖν
981 806 1066 886 μετά
1097 803 1225 886 λύτρων
1254 807 1323 885 ἅμα
1353 806 1396 867 τά
1420 808 1594 885 πέμματα

338 901 518 986 κομίζοντα
540 913 602 967 τού
622 907 710 968 θεοῦ
728 909 786 969 καί
807 909 845 969 τό
883 905 1020 994 πλῆθος
1053 909 1211 970 ίκετεύειν
1239 910 1295 970 καί
1322 909 1402 983 τούς
1430 902 1627 988 βασιλέαςύ

341 1009 482 1094 ἀφιέναι
510 1010 628 1094 αὐτην,
658 1011 677 1094 ἢ
701 1011 896 1072 τούναντίον
917 1011 1045 1096 ἐκείνης
1069 1007 1228 1096 δεομένης
1250 1017 1312 1072 τού
1333 1013 1479 1091 πατρός,
1509 1006 1544 1070 εἴ
1563 1026 1597 1068 τι
1609 1023 1694 1076 (neam

300 1113 320 1172 4
343 1107 490 1188 δύναιτο,
513 1112 674 1196 βοηθεῖν,·
697 1114 728 1174 εί
750 1114 813 1196 γάρ
836 1114 970 1196 ἐστεργε
992 1118 1065 1188 τοῖς
1088 1116 1290 1197 παρούσινη
1307 1113 1461 1196 Χρυσηίς
1478 1107 1597 1190 καὶτῷ

339 1203 562 1295 Ἀγαμέμνονι
583 1219 731 1277 συνεῖναι
748 1212 920 1300 ἠβούλετο,
938 1206 1100 1278 οὐδέποτ’
1117 1212 1282 1278 ἀνείλετο
1298 1216 1438 1298 Χρύσης
1454 1214 1522 1292 ἅμα
1538 1215 1599 1296 την

341 1316 513 1398 θυγατέρα
533 1312 649 1378 λυπῶν
664 1315 712 1399 τῴ
727 1313 868 1398 βασιλεῖ
878 1318 1155 1396 ἀπεχθάνεσθαι,
1179 1317 1237 1378 ούκ
1259 1317 1389 1398 ἀγνοῶν
1411 1319 1507 1390 ὅπως
1531 1313 1599 1393 εἶχε
1613 1337 1724 1388 <sunm

343 1421 430 1502 πρός
452 1419 493 1480 αύ
514 1420 564 1503 ήν.
616 1422 654 1482 τό
683 1421 745 1503 γάρ
770 1425 919 1482 συνεῖναι
940 1419 990 1501 τῷ
1020 1417 1161 1502 βασιλεῖ
1177 1422 1237 1506 την
1259 1415 1438 1504 Χρυσηίδα
1463 1434 1596 1500 στεργο·
1618 1436 1647 1487 1⁰

341 1525 444 1606 μένην
474 1522 531 1601 σόχ
561 1522 662 1608 ἦττον
684 1521 731 1604 τῴ
755 1523 874 1606 Χρύση
905 1527 1095 1608 συνέφερεν.
1145 1524 1202 1584 καί
1229 1523 1291 1605 γάρ
1320 1525 1339 1608 η
1368 1523 1461 1604 χώρα
1483 1521 1539 1582 καί
1561 1521 1600 1581 τό

344 1623 434 1705 ίερόν
460 1625 518 1685 καί
546 1625 647 1699 αότός
675 1625 742 1685 ύπό
770 1630 843 1699 τοῖς
870 1617 1020 1703 Ἀχαιοῖς
1048 1627 1211 1707 ἐγεγόνει,
1240 1630 1392 1699 κακεῖνος
1420 1620 1460 1708 ην
1492 1624 1602 1685 αὐτῶν

304 1730 323 1789 5
345 1727 469 1808 κύριος.
514 1726 566 1787 ἐτι
589 1723 624 1788 όέ
648 1733 723 1801 πῶς
746 1735 950 1812 παραχρῆμα
972 1729 1034 1807 μέν
1055 1724 1203 1814 ἁλούσης
1224 1728 1301 1790 ούτε
1315 1723 1421 1812 ἦλθεν
1438 1726 1513 1787 σύτε
1528 1726 1603 1804 ἐμέ-

344 1846 450 1912 μνητο
478 1829 557 1911 περί
580 1825 723 1912 λύτρων,
753 1831 808 1891 ότε
831 1830 921 1905 είκός
942 1825 982 1914 ἦν
1002 1826 1240 1914 χαλεπώτερον
1271 1833 1403 1915 φέρειν,
1433 1830 1540 1911 χρόνῳ
1566 1824 1602 1889 δὲ

344 1929 484 2013 ὕστερον
506 1937 565 2015 της
587 1933 648 2010 μὲν
672 1927 780 2016 λύπης
794 1927 974 2007 ἐλάττονος
991 1937 1218 2018 γεγενημένης,
1244 1932 1429 2016 συνηθείας
1451 1927 1488 1993 δὲ
1511 1931 1598 2012 πρός
1622 1946 1651 1997 lb

345 2034 403 2094 τόν
421 2025 653 2114 Ἀγαμέμνονα
677 2029 853 2109 πλείσνσς;
877 2031 1003 2116 δεκάτῳ
1026 2036 1089 2118 γάρ
1112 2036 1181 2098 ύτει
1197 2043 1257 2120 τῆς
1273 2031 1473 2118 πολιορκίας
1495 2039 1600 2093 ταῦτα

347 2135 515 2221 συμβῆναί
536 2153 642 2222 φησιν
665 2137 684 2198 ό
706 2138 862 2221 ποιητής,
885 2138 926 2198 τά
951 2139 1031 2218 περί
1045 2140 1105 2224 τὴν
1120 2135 1240 2224 ἄφιξιν
1256 2144 1318 2199 τού
1333 2138 1450 2217 ἱερέως
1464 2136 1520 2196 καί
1542 2137 1603 2220 τὴν

345 2234 487 2323 κομιδὴν
509 2245 576 2300 τῶν
593 2235 730 2322 λύτρων.
768 2240 829 2314 τὰς
853 2236 889 2301 δέ
913 2241 1108 2322 περιοίκους
1124 2236 1243 2314 πόλεις
1263 2241 1321 2301 καί
1342 2239 1404 2313 τός
1421 2235 1604 2310 ἐλάττονας

346 2342 435 2416 είκός
463 2336 503 2425 ἦν
533 2333 637 2418 εὐθύς
659 2340 789 2405 ἁλῶναι
817 2334 894 2404 κατ’
924 2343 1030 2425 ἀρχάς
1051 2349 1112 2404 τού
1140 2338 1309 2422 πολέμου,
1339 2339 1386 2402 ὧν
1414 2343 1602 2426 ύπηρχενη

346 2445 467 2526 Χρῦσα
489 2445 546 2506 καί
566 2446 605 2505 τό
630 2445 729 2527 ίερόν.
757 2478 800 2487 -
831 2437 958 2508 Οὐκοῦν
989 2446 1009 2507 ό
1037 2441 1135 2527 λόγος
1165 2442 1264 2520 σότος
1293 2439 1424 2525 πολλὴν
1454 2442 1603 2504 ἀτοπίαν
1626 2458 1657 2507 νο

349 2541 559 2606 ἐπιδείκνυσι
581 2553 641 2630 της
663 2544 874 2632 Χρυσηίδος,
902 2549 941 2609 τό
972 2550 1139 2630 πρότερον
1166 2550 1228 2628 μὲν
1259 2543 1473 2627 αίχμάλωτον
1502 2545 1608 2606 οόσαν

349 2647 550 2726 ἀνέχεσθαι,
574 2652 786 2734 προσφάτως
810 2655 1012 2735 στερομένην
1034 2658 1097 2712 τού
1117 2652 1248 2733 πατρός
1268 2650 1325 2711 καί
1347 2656 1408 2734 τῆς
1431 2643 1607 2730 πατρίδος,

308 2749 329 2811 6
352 2745 560 2813 διελθόντων
583 2748 619 2813 δέ
641 2745 756 2834 (δέκα)
776 2754 861 2814 ἐτῶν
887 2749 1047 2832 χαλεπῶς
1076 2756 1202 2839 φέρειν.
1232 2785 1276 2796 -
1301 2754 1343 2814 Δ.
1367 2749 1412 2812 Εἴ
1430 2769 1466 2832 γε
1488 2750 1544 2811 καί
1566 2748 1608 2810 τά

349 2849 435 2915 ἀλλα
459 2853 654 2929 ἀκούσειας·
684 2851 761 2918 σόδέ
789 2857 852 2939 γάρ
882 2858 941 2918 τόν
970 2859 1112 2935 τυχόντα
1142 2856 1286 2939 ἐραστήν
1315 2850 1410 2929 ἅπαξ
1430 2855 1609 2934 γενόμενον

349 2953 411 3041 ηδύ
440 2953 629 3018 ἀπολιπεῖν
657 2963 734 3033 ταῖς
762 2955 977 3040 ἐλευθέραις,
1006 2961 1051 3043 μή
1082 2979 1117 3020 τι
1144 2977 1181 3041 γε
1209 2959 1268 3020 τόν
1297 2952 1517 3032 ἐνδοξότατον
1546 2952 1604 3014 καί
1629 2969 1661 3018 κύ

351 3055 625 3136 πλουσιώτατον,
666 3057 811 3141 βασιλέα
851 3063 913 3140 μέν
950 3069 1018 3122 τῶν
1052 3053 1214 3145 Ἑλλήνων
1255 3055 1475 3138 ξυμπάντων,
1514 3057 1609 3137 μεγί-

353 3177 434 3245 στην
465 3158 500 3224 δέ
530 3162 648 3241 έχοντα
677 3160 819 3244 δύναμιν
848 3165 883 3224 ἐν
911 3167 984 3238 τοῖς
1012 3166 1089 3226 τότε
1120 3163 1339 3246 ἀνθρώποις,
1367 3163 1483 3243 κύριον
1508 3155 1544 3220 δέ
1569 3149 1609 3220 σί·

350 3266 454 3343 μόνον
476 3265 615 3349 ἐκείνης,
638 3262 724 3326 ἀλλά
746 3267 803 3327 καί
825 3273 885 3327 τοῦ
908 3268 1039 3349 πατρός
1059 3268 1117 3329 καί
1137 3274 1197 3351 τῆς
1220 3261 1403 3347 πατρίδος,
1426 3255 1609 3338 ἐλπίζοντα

352 3364 388 3429 δὲ
410 3368 589 3451 κρατήσειν
615 3364 729 3450 όλίγσυ
748 3370 870 3449 χρόνου
892 3369 949 3431 καί
970 3377 1030 3455 τῆς
1050 3359 1168 3443 Ἀσίας
1190 3369 1240 3442 (τό
1267 3367 1330 3449 γάρ
1347 3355 1448 3429 Ἴλιον
1470 3359 1611 3449 φαύλως

351 3467 438 3549 είχεν
460 3471 496 3532 ἐκ
518 3466 658 3546 πολλσύ,
680 3472 736 3532 καί
756 3468 856 3550 μόλις
878 3468 1102 3556 διεφύλαττον
1125 3462 1228 3555 αὐτὴν
1250 3464 1309 3553 τὴν
1333 3463 1444 3544 πόλιν,
1467 3457 1607 3548 ἐπεξῄει
1630 3479 1663 3528 ³0

354 3570 389 3639 δὲ
414 3563 524 3648 οὐδείς
547 3575 596 3649 είς
617 3574 748 3657 μάχην),
770 3576 827 3636 καί
848 3572 953 3636 ταῦτα
970 3563 1009 3636 οὐ
1025 3578 1203 3658 παρέργως
1218 3572 1353 3650 ἔχοντος
1366 3564 1490 3653 <πρός>
1506 3559 1610 3650 αὐτὴν

351 3673 411 3738 τοῦ
434 3673 613 3757 βασιλέως,
635 3673 720 3738 άλλύ
735 3679 792 3740 καί
807 3684 962 3762 φανερῶς
978 3673 1222 3758 ύμολσγοῦντσς
1238 3678 1409 3756 προτιμᾶν
1430 3679 1490 3755 τῆς
1505 3666 1610 3731 αὑτοῦ
1625 3683 1709 3734 (nnn
1720 3681 1743 3724 u

351 3781 516 3861 γυναικός.
554 3778 702 3841 τοσαῦτα
718 3781 966 3842 ἀποπτύουσαν
987 3780 1044 3841 καί
1065 3773 1246 3862 τηλικαῦτα
1262 3775 1389 3856 ἀγαθά,
1411 3774 1468 3835 καί
1490 3773 1528 3833 τό
1550 3774 1609 3850 μέ·
1625 3783 1716 3838 (nenio

441 4001 451 4050 1
473 3994 634 4067 γινομένων
651 3995 674 4048 Β
744 4000 759 4046 ³
778 3993 850 4051 ποτε
869 3987 994 4062 οἰόμεθα
1007 3991 1092 4056 (nulla
1103 3989 1321 4060 interpunctione
1338 3993 1402 4044 nnte
1419 3985 1493 4044 ποτε
1510 3984 1613 4054 ponitn)

354 4079 425 4146 libri,
443 4074 572 4150 πότερον
591 4074 723 4150 οἰόμεθα
741 4079 850 4146 Reiske,
868 4077 998 4148 πότερον
1015 4067 1068 4134 σύν
1085 4075 1193 4130 Seldnn.
1264 4081 1279 4127 6
1298 4069 1339 4131 ἐτι
1356 4088 1407 4142 pro
1425 4069 1456 4129 εί
1468 4091 1495 4127 τι
1513 4069 1544 4124 Μ

355 4172 370 4223 8
389 4165 482 4226 είλετο
502 4165 531 4220 Μ
549 4157 633 4238 ἥδετο
650 4166 700 4224 UB
769 4169 785 4220 9
803 4165 907 4219 malim:
926 4157 1043 4234 α’γνσαῖν
1059 4180 1092 4234 γε
1170 4163 1199 4214 11
1219 4159 1376 4231 συνέφερεν
1393 4161 1421 4224 (ν
1438 4162 1518 4220 nm.)
1536 4152 1561 4209 U

358 4261 388 4310 16
406 4251 447 4312 ἔτι
465 4254 496 4309 Μ
564 4257 592 4308 21
614 4250 800 4310 ἐπιδείκνυσιν
817 4255 845 4316 (ν
861 4249 907 4304 fin.
925 4247 1094 4312 dentatum
1153 4247 1203 4301 καί
1220 4247 1271 4317 τῆς
1287 4243 1337 4299 UB
1406 4245 1448 4299 τά
1465 4235 1616 4313 πρότερον

355 4339 405 4396 BU
422 4356 457 4394 m.
475 4354 530 4396 εει.
632 4332 671 4409 μὴ
689 4352 739 4406 pro
756 4336 810 4405 μὲν
827 4333 856 4388 Μ
959 4336 992 4387 23
1010 4331 1079 4389 δέκα
1095 4329 1158 4386 εδδ.
1176 4329 1278 4384 ΒείιΙιε
1371 4331 1404 4382 25
1423 4335 1486 4392 ταῖς
1501 4322 1615 4382 ἐλευθε-

357 4427 431 4498 ρίαις
446 4426 473 4483 U
575 4427 605 4478 ³1
626 4419 702 4496 πρὸς
718 4422 780 4476 εδδ.
797 4421 899 4476 ΒείεΙω
994 4421 1027 4473 3³
1045 4409 1254 4476 ἀποπτύουσαν
1270 4415 1301 4470 Μ
1319 4417 1401 4482 (corr.
1419 4405 1618 4474 ἀπολύσωσι,

355 4525 422 4579 mrg.
441 4511 522 4579 vulg.)
539 4501 758 4568 ἀπολείπουσαν
775 4506 823 4563 UB
