3476 5264
354 375 416 436 802
799 375 924 432 DIOMIS
941 373 1182 434 cfflsslnssmus

356 555 612 637 εἰργασμένους·
643 554 771 632 ὁμοίως
800 558 971 637 γεγονέναι
1000 555 1059 616 τίν
1079 556 1207 634 κόσμον
1229 555 1279 629 εἰς
1308 552 1480 640 ὑποδοχήν
1501 576 1540 618 τε
1563 557 1623 618 καί
1711 631 1712 646 η

355 657 565 742 εὐφροσύνην
590 656 797 739 ἀνθρώπων,
825 654 934 742 εὐειδῆ
957 659 1014 719 καί
1044 655 1201 720 ποικίλον
1229 658 1370 742 ἄστροις
1392 678 1429 720 τε
1450 659 1507 722 καί
1529 655 1618 744 ἡλίῳ
1711 737 1712 740 ¹

356 760 414 820 καί
438 754 556 842 σελήνῃ
578 760 635 820 καί
657 765 699 842 γῇ
720 760 777 819 καί
791 755 946 843 θαλάττῃ
968 759 1025 821 καί
1048 763 1179 843 φυτοῖς,
1202 759 1225 819 ά
1247 756 1286 845 θη
1310 766 1373 821 τοῦ
1393 760 1487 823 θεῶν
1510 757 1620 823 πλού-

303 862 421 926 29του
443 860 500 922 καί
517 863 633 944 τέχνης
655 869 715 946 τῆς
729 861 864 922 ἐκείνων
880 861 982 922 έστίν.
1028 862 1301 945 παραγίγνεσθαι
1325 857 1361 924 ὀί
1377 863 1457 938 τους
1479 863 1619 946 ἀνθρώ·

357 981 444 1036 πους
465 963 516 1036 εἰς
539 963 640 1024 αὐτὸν
663 964 902 1046 ἑορτάσοντας,
924 963 992 1024 ὑπὸ
1016 969 1078 1025 τοῦ
1103 961 1272 1044 βασιλέως
1293 971 1361 1026 τῶν
1384 966 1478 1028 θεῶν
1499 963 1654 1050 κέκλη-1

357 1067 480 1143 μένους
501 1053 561 1125 ἐπ’
586 1065 729 1143 εὐωχίαν
757 1064 832 1127 τινά
855 1067 911 1127 καί
933 1065 1057 1150 θοίνην
1080 1063 1254 1149 λαμπράν,
1277 1067 1439 1129 ἁπάντων
1462 1057 1619 1130 άπολαά-

359 1184 482 1241 σοντας
504 1173 571 1228 τῶν
594 1157 746 1249 ἀγαθῶν.
790 1169 1017 1230 κατακεῖσθαι
1039 1165 1075 1230 δέ
1098 1165 1220 1243 ἄλλους
1236 1162 1373 1253 ἀλλαχῇ,
1395 1171 1557 1252 καθάπερ
1582 1172 1620 1233 έν

362 1266 500 1350 θείπνῳ,
523 1270 603 1344 τούς
616 1271 678 1349 μέν
701 1260 879 1349 ἀμείνονος
898 1272 1020 1355 χώρας,
1046 1271 1125 1346 τούς
1149 1267 1185 1332 δέ
1209 1268 1422 1356 φαυλοτέρας
1444 1273 1617 1351 τυχόντας.
1636 1285 1714 1337 (m

359 1370 447 1434 είναι
472 1369 507 1434 δέ
537 1375 649 1434 πάντα
680 1374 781 1451 ὅμοια
811 1377 884 1446 τοῖς
913 1364 998 1457 παρ’
1022 1376 1101 1455 ημῖν
1129 1377 1340 1455 γιγνομένοις
1369 1375 1405 1436 έν
1433 1379 1509 1449 ταῖς
1530 1375 1619 1436 ὑπο·
1639 1389 1716 1438 σωκ

359 1471 486 1552 δοχαῖς,
510 1469 598 1559 πλην
621 1477 667 1550 ὡς
688 1481 823 1558 μικροῖς
851 1477 907 1537 καί
934 1464 1087 1556 ἀγεννέσι
1115 1476 1197 1539 θεῖα
1226 1477 1283 1540 καί
1310 1473 1439 1558 μεγάλα
1469 1478 1617 1540 εἰκάσαι.
1643 1486 1674 1538 10

360 1582 439 1660 φῶς
463 1597 500 1639 τε
521 1576 583 1661 γάρ
607 1568 718 1661 [παρ’]
741 1581 819 1662 ημῖν
843 1583 1003 1662 παρέχειν
1025 1580 1104 1653 τους
1125 1580 1231 1654 θεοὺς
1253 1576 1368 1642 διττὸν
1391 1576 1448 1641 διὰ
1464 1576 1621 1663 λαμπτή-

360 1699 430 1761 ρων
454 1685 570 1755 τινῶν,
593 1681 669 1741 τοτὲ
691 1681 753 1760 μέν
776 1675 910 1756 πλεῖον,
938 1682 1016 1742 τοτὲ
1040 1678 1075 1742 δὲ
1099 1678 1255 1755 έλαττον,
1277 1683 1315 1744 τί
1338 1684 1401 1761 μέν
1423 1682 1556 1756 νυκτός,
1580 1683 1621 1743 τά

308 1781 349 1844 30
363 1776 399 1842 δέ
422 1784 567 1865 ἡμέρας
591 1785 647 1845 καί
670 1783 905 1866 παρακεῖσθαι
929 1779 967 1868 θη·
995 1779 1165 1867 τραπέζας
1187 1785 1325 1845 πάντων
1346 1787 1491 1863 μεστάς,
1522 1785 1622 1846 σίτου

361 1903 400 1945 τε
426 1885 483 1944 καί
505 1883 660 1968 ὀπώρας,
689 1894 748 1970 τῆς
777 1887 838 1963 μέν
861 1885 1070 1964 αὐτομάτου,
1099 1894 1159 1971 τῆς
1182 1882 1217 1948 δέ
1240 1886 1477 1971 εἰργασμένης,
1507 1887 1559 1948 έτι
1584 1883 1621 1948 δὲ

358 1986 415 2048 καί
435 1991 551 2068 κρεῶν,
574 1993 641 2049 τῶν
663 1990 724 2067 μὲν
739 1992 881 2072 ἡμέρων,
904 1994 971 2049 τῶν
995 1984 1031 2049 δὲ
1055 1977 1190 2072 ἀγρίων,
1215 1988 1253 2049 οὐ
1274 1989 1340 2073 μην
1364 1979 1449 2050 ἀλλά
1470 1988 1528 2050 καί
1549 1985 1619 2050 τῶν
1644 1997 1674 2048 15

361 2090 397 2150 έκ
420 2086 605 2174 θαλάττης.
651 2088 738 2152 είναι
761 2086 796 2152 δὲ
820 2092 882 2165 τάς
903 2084 1074 2174 τραπέζας
1096 2091 1178 2176 έφη,
1202 2092 1290 2152 πάνυ
1314 2081 1480 2172 ἀγροίκως
1504 2086 1621 2171 λέγων,

360 2194 442 2266 τούς
463 2212 500 2254 τε
524 2189 689 2273 λειμῶνας
709 2194 766 2255 καί
788 2191 892 2256 πεάία
921 2195 977 2256 καί
999 2194 1112 2268 νάπας
1133 2194 1188 2255 καί
1210 2183 1313 2267 ἀκτάς
1319 2240 1329 2270 ,
1360 2194 1396 2254 έν
1419 2191 1472 2266 οίς
1492 2191 1534 2252 τά
1557 2193 1622 2270 μὲν

364 2294 531 2378 φύεσθαι,
546 2295 588 2356 τά
606 2292 641 2357 δέ
657 2297 835 2375 νέμεσθαι,
850 2297 892 2358 τά
909 2292 945 2358 δὲ
961 2295 1155 2380 θηρᾶσθαι.
1186 2291 1270 2357 ἄλλα
1288 2291 1324 2357 (M
1341 2289 1459 2368 ἄλλοις
1475 2289 1621 2355 πλείονα

359 2401 531 2478 παρεῖναι,
555 2397 642 2478 πρὸς
666 2397 721 2472 αἰς
743 2399 784 2460 άν
799 2401 936 2460 έκαστοι
950 2391 1137 2481 τραπέζαις
1149 2393 1412 2459 κατακλιθῶσιν.
1456 2397 1535 2470 τους
1557 2397 1622 2475 μὲν

360 2499 423 2580 γάρ
447 2500 535 2578 πρὸς
564 2495 719 2582 θαλάττῃ
748 2505 875 2580 τυχεῖν,
904 2501 984 2573 τοὺς
1012 2495 1048 2561 M
1078 2500 1165 2582 πρὸς
1187 2495 1336 2575 πεδίοις,
1365 2499 1445 2573 τοὺς
1467 2494 1504 2559 δέ
1528 2499 1619 2581 πρὸς
1642 2507 1673 2559 m

310 2604 345 2665 31
366 2601 469 2682 ὄρεσι.
517 2597 755 2664 διακονεῖσθαι
786 2598 822 2663 δέ
851 2602 912 2676 τάς
933 2593 1051 2686 Ὥρας,
1084 2600 1140 2664 οία
1172 2597 1209 2686 θη
1234 2603 1405 2676 νεωτάτας
1428 2601 1531 2675 οἰίσας
1553 2607 1624 2663 τῶν

362 2703 467 2778 θεῶν,
492 2702 530 2765 εὗ
548 2706 610 2783 μέν
632 2705 879 2783 ἀμπεχομένας,
902 2700 1007 2778 καλάς
1030 2701 1066 2766 δὲ
1091 2700 1185 2778 ἰδεῖν,
1210 2702 1285 2766 οὔτε
1306 2722 1374 2764 που
1393 2699 1506 2785 χρυσῷ
1529 2721 1623 2764 κεκο-

365 2811 549 2890 σμημένας,
573 2803 658 2868 ἀλλὰ
675 2807 848 2868 παντοίων
863 2807 982 2868 ἀνθῶν
999 2808 1191 2892 στεφάνοις.
1229 2803 1401 2885 διανέμειν
1417 2802 1453 2868 M
1475 2807 1532 2867 καί
1553 2811 1623 2866 τῶν

367 2909 486 2972 ἀνθῶν
502 2911 621 2985 αὐτῶν,
636 2911 693 2971 καί
707 2906 812 2971 τᾶλλα
829 2905 1075 2989 ἐπιμελεῖσθαι
1090 2917 1149 2993 τῆς
1165 2910 1360 2986 ἑστιάσεως,
1376 2909 1494 2988 τὰμὲν
1510 2927 1621 2990 παρα·

363 3013 533 3088 τιθείσας,
555 3011 597 3073 τά
622 3008 658 3073 δὲ
675 3013 838 3093 αἰρούσας
859 3011 943 3073 κατά
958 3014 1084 3095 καιρόν.
1123 3011 1304 3092 γίγνεσθαι
1327 3008 1362 3073 δέ
1384 3006 1476 3094 (καί)
1494 3011 1619 3093 χοροὺς
1641 3021 1672 3072 25

315 3115 356 3178 32
367 3116 424 3177 καί
445 3116 505 3198 την
528 3109 631 3197 ἄλλην
661 3114 853 3176 εὐπάθειαν
883 3115 1030 3175 ἅπασαν.
1074 3114 1134 3174 τὸν
1160 3115 1278 3191 μέντοι
1300 3113 1406 3175 πόνον
1428 3119 1558 3187 τοῦτον,
1582 3111 1622 3172 δν

364 3217 452 3296 ἔχειν
476 3214 637 3296 δοκοῦμεν
664 3211 735 3296 <έν>
762 3216 941 3299 γεωργίαις
968 3235 1006 3277 τε
1025 3215 1083 3277 καί
1105 3215 1232 3299 θήραις
1252 3215 1310 3275 καί
1333 3215 1504 3299 φυτείαις,
1530 3211 1722 3280 εἶναιιασεει

365 3325 528 3380 τοσοῦτον
558 3321 639 3380 ὅσον
667 3322 741 3393 τοῖς
768 3322 1022 3398 κατακειμένοις
1048 3319 1086 3378 τά
1115 3313 1355 3401 ἐπορέξασθαί
1382 3335 1475 3390 τινος
1501 3317 1558 3379 καί
1580 3314 1623 3400 τῇ

362 3424 452 3505 χειρί
475 3419 599 3502 λαβεῖν.
644 3421 664 3483 δ
687 3418 722 3482 δέ
746 3421 848 3506 έφην,
878 3417 980 3482 ἄλλον
1009 3416 1138 3504 ἀλλαχῇ
1159 3420 1402 3497 κατακεῖσθαι,
1423 3420 1543 3480 τούτου
1565 3420 1625 3481 καί

456 3707 689 3782 1εἰργασμίναις
706 3706 759 3760 ΒΜ
785 3704 973 3778 εἰργασμένας
992 3702 1029 3768 U,
1053 3702 1258 3776 εἰργασμένους
1281 3700 1398 3757 Οαιεοίι.
1502 3696 1576 3765 σίαες
1593 3699 1625 3754 Μ

366 3789 484 3864 ὁμοίαις
502 3793 557 3858 UB.
578 3791 727 3862 ὀμοίωςΤ
797 3788 929 3848 maan
999 3781 1254 3853 θάπσλαάσοντας
1270 3803 1323 3842 om.
1342 3785 1418 3839 Mm.
1436 3800 1476 3854 pr.
1494 3785 1623 3854 (spatium

365 3879 438 3948 expl.
456 3895 474 3932 a
492 3885 573 3946 corr.)
643 3872 836 3946 ’ἰκαθοίσπερ
854 3877 883 3929 Μ
952 3869 1148 3945 δάμείνωνος
1165 3873 1193 3926 Μ
1273 3877 1304 3926 10
1323 3865 1436 3928 εἰκάσαι
1453 3885 1506 3924 om.
1525 3870 1554 3922 M

369 3969 397 4018 11
418 3956 491 4036 παρ’
510 3963 607 4018 delevit
625 3961 751 4018 Beiskiun
824 3965 854 4015 12
872 3958 941 4019 τότε
957 3960 1040 4016 bist]
1097 3963 1126 4014 11
1147 3957 1322 4030 έργασμένης
1340 3957 1369 4010 Μ
1428 3959 1458 4010 15
1478 3947 1512 4011 οὗ
1528 3950 1624 4024 μόνον

364 4055 425 4117 (pro
444 4043 478 4106 σά
495 4045 559 4118 μὴν)
578 4049 672 4118 Emp.;
691 4062 745 4102 non
763 4048 850 4115 probo
927 4051 955 4099 11
974 4050 1098 4114 λιμῶυας
1116 4043 1146 4098 Μ
1230 4041 1351 4109 ένοῐςῦ
1441 4043 1471 4094 19
1488 4041 1624 4095 κατακλι-

364 4135 482 4192 θῶσιΒ
586 4138 619 4188 21)
637 4143 731 4206 τυχεῖν
748 4134 804 4189 scil.
822 4131 1080 4200 κατακεκλιμένους
1097 4130 1224 4186 Βείεἰιίιιε
1328 4131 1361 4182 22
1381 4121 1443 4184 οὔτι
1461 4145 1507 4182 πω
1526 4124 1554 4177 Μ

366 4225 402 4275 25
421 4220 595 4293 γίνεσθαιΒ
663 4223 713 4276 καί
729 4218 792 4273 εἰσ.
811 4217 939 4272 Reiskius
1023 4211 1142 4288 καιροὺς
1160 4218 1305 4284 (ευμενιετ.
1322 4211 1412 4285 mu
1498 4213 1531 4266 26
1549 4201 1625 4268 άπά-

364 4304 496 4364 θειανῦ
565 4301 599 4362 τὸ
619 4321 667 4374 pro
687 4300 787 4362 τὸνΜ
856 4297 950 4359 πόνον
968 4301 996 4354 M
1014 4297 1168 4357 τόπονΠΒ
1225 4302 1256 4352 21
1276 4297 1308 4355 έν
1324 4297 1435 4362 inserui,
1454 4293 1526 4367 quod
1542 4291 1627 4350 facile

365 4391 460 4459 potuit
478 4390 564 4446 omitti
668 4394 700 4444 29
719 4379 742 4461 ᾧ
760 4389 790 4445 δέ
809 4388 848 4456 Β,
872 4379 907 4443 αλι
924 4385 995 4444 Mn
1098 4381 1168 4457 ἔφην
1185 4384 1215 4440 Μ
1233 4379 1287 4456 ἔφη
1309 4383 1368 4450 UB3
1395 4385 1541 4448 utrumque
1558 4377 1627 4433 ferri

369 4481 469 4545 potest,
487 4476 535 4531 sed
553 4476 710 4546 praeplacet
727 4472 807 4529 lectio
826 4472 855 4525 M
924 4468 1035 4542 άλλαχη·
1051 4469 1086 4526 de
1103 4469 1190 4535 modo,
1209 4485 1263 4524 non
1281 4469 1316 4525 de
1327 4470 1396 4534 loco,
1415 4471 1445 4520 ut
1456 4466 1534 4528 solet,
1552 4462 1626 4518 vide·

365 4569 412 4617 tur
428 4575 575 4630 usurpasse
