3476 5264
612 375 750 432 ORATIO
766 375 881 434 XXVII.
1314 375 1378 436 283

119 554 196 617 οδτε
219 545 448 616 πεπαίδευται
471 549 547 612 οὔτε
570 545 676 628 οἶδεν,
702 548 801 625 οὗτος
824 546 901 614 οὐδὲ
923 547 1182 633 βουλεύσασθαι
1198 551 1277 635 περὶ
1299 552 1378 612 τού-

119 677 188 719 των
212 656 325 730 ίκανδς
347 655 458 728 ἐστιν,·
480 653 542 737 χρή
573 650 630 713 οὖν
653 649 901 733 ἐπιμελεῖσθαι
927 649 1076 733 μάλιστα
1101 654 1299 738 φρονήσεως
1320 653 1377 715 καί

120 752 291 835 παιδείας,
309 757 363 819 ίνα
379 759 459 840 ήμῖν
474 734 496 839 ,ἦ
512 749 633 838 ῥᾴδιον
648 756 729 840 περί
744 755 906 818 ἁπάντων
923 757 1131 839 πραγμάτων
1145 751 1376 837 βουλεύεσθαι

119 861 177 922 καί
205 857 333 922 εἰδέναι
353 861 392 921 τὸ
417 860 574 921 συνοῖσον
596 859 718 942 ἑκάστῃ
741 853 847 942 βουλῇ
868 859 925 920 καί
946 860 991 944 μή
1015 854 1266 942 διαμαρτάνειν,
1289 852 1376 918 ἀλλὰ

86 969 102 1023 ἰ
121 962 282 1046 καθάπερ
302 962 336 1023 οί
350 960 508 1041 μουσικοί
521 959 578 1021 καί
593 960 628 1020 ol
648 963 837 1043 γεωμέτραι
849 961 907 1022 καί
930 960 965 1021 ol
984 960 1184 1045 κυβερνῆται
1207 959 1287 1043 περὶ
1309 963 1377 1020 τῶν

121 1061 219 1127 ἰδίων
242 1065 346 1148 ἔργων
360 1056 453 1144 <on)
468 1062 615 1141 ἀτέχνως
638 1065 842 1125 σκέπτονται
855 1063 911 1124 καί
927 1063 1076 1136 ἅπαντες
1093 1061 1127 1122 οί
1150 1061 1231 1145 περί
1251 1080 1285 1122 τι
1310 1055 1378 1122 δει-

121 1168 174 1230 νοί
195 1167 252 1229 καί
268 1169 417 1228 συνεῖναι
432 1165 512 1248 περί
528 1165 637 1226 αὐτῶν
651 1157 797 1246 <ίκανοί>
811 1164 908 1242 εἰσιν,
933 1165 1020 1226 οὕτω
1045 1159 1084 1249 δή
1106 1164 1164 1225 καί
1184 1166 1282 1246 ήμεῖς
1298 1162 1379 1246 περί

121 1274 189 1331 τῶν
212 1265 310 1330 ἰδίων
334 1267 443 1329 ἱκανοί
464 1264 554 1347 ὦμεν
574 1262 805 1348 βουλεύεσθαι
824 1267 882 1328 καί
904 1263 1020 1348 λέγειν.
1058 1266 1190 1328 άτοπον
1211 1265 1273 1349 γάρ
1296 1265 1377 1339 ταδς
1399 1271 1419 1336 8

120 1373 182 1451 μὲν
204 1364 428 1454 ἀρτιάζοντας
451 1369 585 1431 σύνεσιν
607 1365 880 1446 ἐπιδείκνυσθαι,
902 1369 1085 1430 καὶταῦτα
1108 1362 1301 1444 εἰκάζοντας
1322 1367 1380 1428 καί

75 1479 105 1532 10
125 1475 170 1560 μή
202 1474 352 1558 δρῶντας
379 1478 479 1533 τοῦτο
510 1471 590 1555 περί
613 1467 655 1532 οδ
673 1471 940 1555 ἀποφαίνονται,
962 1472 1042 1545 τοδς
1065 1467 1101 1532 δὲ
1125 1470 1205 1554 περί
1226 1470 1382 1554 πραγμά-

121 1596 190 1638 των
211 1571 475 1656 βουλευομένους
500 1574 584 1658 μήτε
608 1569 740 1650 ξύνεσιν
767 1574 851 1658 μήτε
879 1574 1071 1658 ἐπιστήμην
1091 1574 1175 1658 μήτε
1197 1571 1380 1656 ἐμπειρίαν

121 1673 394 1753 ἐπιδείκνυσθαι,
416 1677 625 1738 καὶτούτων
647 1676 756 1738 ἐνίοτε
778 1682 845 1738 τῶν
866 1675 1034 1757 μεγίστων
1057 1676 1172 1752 άντων,
1196 1674 1276 1757 περὶ
1298 1674 1379 1753 δμο-

121 1782 217 1856 νοίας
238 1780 296 1842 καί
319 1775 438 1864 φιλίας
460 1779 576 1841 οἰκιῶν
598 1778 656 1840 καί
677 1774 811 1841 πόλεων
832 1778 889 1839 καί
905 1778 985 1862 περί
999 1777 1133 1862 εἰρήνης
1154 1777 1211 1838 καί
1226 1772 1377 1857 πολέμου

12 1899 14 1968 ξ
120 1884 178 1945 καί
205 1883 286 1966 περί
312 1885 536 1960 κατοικισμοῦ
560 1880 617 1942 καί
639 1880 719 1963 περί
739 1879 976 1956 κατοικίσεως,
1004 1879 1086 1963 περί
1106 1899 1143 1940 τε
1166 1874 1301 1941 παίδων
1324 1879 1382 1941 καί

75 1989 103 2042 1⁶
125 1977 226 2068 [περὶ]
249 1987 423 2066 γυναικῶν.

647 2130 851 2140 —.-—-—

12 2367 101 2472 III}
198 2387 273 2466 ου
295 2380 561 2466 ΔΙΑΤΡΙΒΗ
588 2378 721 2464 ΠΕΡι
748 2379 862 2462 τευ
891 2379 969 2462 EN
996 2377 1322 2466 ΣΥΜΠΟΣΙΩΙ.

210 2661 461 2746 Οἰάνδρωποι
488 2662 660 2744 γίγνονται
688 2663 896 2747 καταφανεῖς
926 2659 1051 2721 ὁποίαν
1080 2659 1196 2739 ἔχουσι
1222 2654 1378 2721 διάνοιαν
1406 2677 1421 2737 1

121 2768 262 2840 ἕκαστος
276 2766 312 2828 ἐν
327 2768 404 2840 ταῖς
419 2766 646 2848 πανηγύρεσιν
664 2765 721 2844 οὐχ
743 2763 844 2849 ήττον
865 2763 885 2848 ή
909 2764 945 2826 έν
960 2767 1034 2838 τοῖς
1051 2763 1268 2842 συμποσίοις,
1292 2757 1381 2846 πλήν

123 2870 177 2930 δτι
205 2863 448 2951 ποικιλώτερον
478 2868 517 2928 τὸ
546 2873 613 2928 τῶν
643 2867 862 2950 πανηγύρεων
890 2867 948 2928 καί
966 2867 1089 2950 χρόνου
1113 2860 1280 2938 πλείονος.
1328 2864 1383 2924 οὐ·

124 2976 201 3030 κοον
231 2969 281 3043 εἰς
302 2967 345 3029 τά
369 2969 545 3048 συμπόσια
570 2964 680 3052 δήπου
705 2967 739 3028 ol
765 2971 827 3046 μέν
849 2986 939 3041 τινες
961 2967 1184 3051 ἀφικνοῦνται
1204 2972 1267 3026 του·
1287 2968 1382 3027 πιεῖν

78 3079 108 3132 2)
129 3073 237 3133 ένεκεν
258 3070 315 3131 καί
337 3069 441 3131 οὐδὲν
463 3064 546 3131 άλλο
569 3071 788 3153 πράττουσιν,
813 3069 929 3153 ὥσπερ
953 3069 988 3130 σί
1010 3065 1181 3152 διψῶντες
1201 3073 1269 3129 τῶν
1292 3064 1385 3129 δδοι-

124 3173 251 3256 πόρων,
275 3166 416 3232 ἐπειδάν
439 3166 592 3232 ἔλθωσιν
614 3172 675 3233 ίπί
695 3172 817 3256 κρήνην
839 3173 932 3249 τινά,
960 3171 1118 3234 πίνουσιν
1141 3171 1380 3251 ἐπικύψαντες.

123 3270 208 3336 ἀλλά
231 3274 355 3336 ἐκεῖνοι
376 3274 437 3352 μίν
453 3267 713 3357 ἐμπλησθέντες
730 3272 787 3334 καί
808 3275 847 3334 τὸ
872 3268 977 3349 δίψος
999 3273 1254 3352 ἀποσβέσαντες
1275 3275 1383 3358 ήσυχῇ

123 3373 409 3452 ἀπαλλάττονται,
426 3374 502 3437 οὔτε
514 3371 704 3459 πράξαντες
716 3375 791 3436 οὔτε
808 3376 965 3450 εἰπόντες
980 3376 1112 3437 άτοπον
1125 3370 1277 3456 <οδδέν>·
1295 3375 1329 3436 οἰ
1346 3371 1382 3436 δέ

123 3474 234 3540 πολλὰ
243 3477 300 3539 καί
313 3473 451 3562 δυσχερῆ
465 3477 573 3540 ένίοτε
584 3478 641 3539 καί
655 3473 790 3558 λέγουσι
799 3477 856 3539 καί
869 3473 1004 3561 δρῶσιν.
1029 3478 1141 3562 οὐγὰρ
1155 3478 1282 3557 δμοίως
1292 3480 1379 3541 ὑπο·
1400 3477 1421 3539 2

210 3689 310 3752 Ῑοδτε
321 3693 364 3750 bis
375 3693 466 3762 Emp„
485 3687 550 3752 οὐδὲ
561 3692 605 3748 δῖε
616 3691 680 3750 libri
730 3687 842 3749 τούτων
860 3691 964 3760 scripsi,
982 3687 1088 3750 τούτου
1099 3691 1162 3748 libri
1214 3689 1338 3749 2ἐστιΒ

122 3777 310 3856 φρονήματος
333 3779 411 3835 UBII
432 3775 602 3851 φρονήσεως
623 3777 647 3833 Τ
751 3781 766 3832 3
787 3774 836 3836 ἵνα
858 3772 915 3850 μὴν
935 3778 964 3832 In
983 3770 1025 3834 ‘lv’
1048 3771 1114 3848 ἡμῖν
1137 3778 1269 3832 mutatum
1292 3781 1356 3850 ηει
1375 3799 1385 3833 ι

122 3865 302 3935 τυρετεεΗῖ
370 3864 508 3920 ίωιῑίωι
525 3860 592 3933 (ἐν)
610 3858 716 3936 ἑκάστη
768 3867 850 3921 Ina!
865 3863 1026 3936 γεωμέτραι
1044 3866 1105 3930 (om.
1124 3861 1202 3929 0213
1261 3855 1385 3932 6<οδκ>

12 3983 13 3992 1
121 3940 249 4019 ἀτέχνως
266 3945 371 4016 τυτίρεῖ,
389 3938 517 4017 δτεχνυῖς
533 3943 596 4000 libri
667 3943 796 4003 IIxavoI
812 3945 874 4002 εδδ.
894 3944 1021 4001 Βείελιῖυτ
1091 3939 1225 4014 οδτωςΰ
1286 3947 1317 4006 δὲ
1333 3967 1383 4021 καὶ

121 4031 170 4088 UB
188 4036 232 4090 δεῖ
246 4034 296 4089 καί
312 4031 353 4100 Μ,
369 4028 401 4102 δὴ
419 4033 469 4088 καί
485 4031 566 4100 Εσιρ.
635 4034 651 4086 9
669 4021 854 4104 άρπδζοντας
871 4030 901 4085 II
990 4037 1021 4086 10
1039 4031 1107 4099 τούς
1128 4047 1178 4102 pro
1197 4036 1284 4090 τοῦτο
1306 4031 1331 4089 U

125 4122 155 4172 14
173 4109 348 4185 άποικισμοῦ
364 4117 406 4172 vel
422 4118 610 4186 μετοικισμοῦ
626 4115 703 4171 malit
721 4115 801 4185 Emp.
904 4112 1100 4189 κατοικήσεως
1117 4116 1166 4174 UB
1267 4121 1297 4173 15
1316 4120 1383 4188 περὶ

120 4200 256 4257 d01.wss.
325 4201 446 4257 Titulusz
465 4204 636 4271 συμποσίοις
654 4200 683 4254 Μ
779 4204 811 4256 16
827 4201 1001 4273 γίνονταιΰ
1088 4207 1117 4256 Π
1135 4200 1326 4276 πανεγδρεσιν
1343 4202 1383 4258 Μ.

122 4302 162 4344 or.
179 4287 246 4343 VIII
264 4287 305 4355 5¹
327 4291 467 4357 comparat
483 4287 564 4356 Emp.
655 4289 685 4342 18
703 4283 739 4346 τά
758 4290 817 4342 τοῖν
834 4287 912 4356 libri,
931 4301 1000 4342 corr.
1017 4285 1111 4356 Eum-3
1134 4277 1327 4359 ποικιλώτερα
1345 4281 1382 4345 τά

122 4375 182 4432 τοῖν
198 4371 325 4429 Roianus
411 4376 444 4428 20
461 4368 588 4431 ἓνεκαΒ
674 4375 707 4426 22
725 4365 842 4444 ἦσαχεῑα
860 4369 1036 4431 πλάττονται
1054 4370 1084 4426 II
1170 4375 1203 4426 2³
1222 4367 1383 4443 πράξαντες

122 4455 218 4527 Eum„
234 4455 391 4530 κράξαντες
407 4458 469 4515 libri
571 4455 689 4529 (οὐδὲν)
706 4457 811 4525 addidi,
834 4458 1040 4529 quodpropter
1064 4453 1093 4515 οἱ
1118 4455 1149 4514 δὲ
1169 4455 1251 4513 facile
1274 4460 1385 4528 poterat

122 4542 209 4599 omittI
283 4549 316 4600 22
334 4540 572 4616 δποδέχονταιῦ
