3520 5270
657 377 795 434 ORATIO
812 376 872 433 LII.
1331 380 1391 438 109

137 558 194 620 καί
215 553 413 638 ἐλευθέρια,
443 557 482 617 τό
512 575 548 616 τε
570 561 632 616 τοῦ
649 545 839 628 Ὀδυσσέως
862 549 949 614 πολδ
973 554 1163 637 πρᾳότερον
1185 556 1242 616 καὶ
1265 553 1393 618 άπλού-

141 676 259 742 στερον
286 659 306 742 ή
332 659 519 741 πεποίηκεν
541 657 561 718 ό
581 651 788 740 Εὐριπίδης,
817 658 855 716 τό
884 662 1005 716 τετοῦ
1025 652 1269 736 Νεοπτολέμου
1292 659 1393 740 άπερ-

7 817 13 843 ,
139 755 264 841 βάλλον
287 755 457 843 ἁπλότητι
478 759 534 820 καί
556 757 720 841 εὐγενείᾳ,
750 763 887 839 πρῶτον
914 758 975 836 μὲν
1003 758 1048 841 μή
1076 753 1282 838 βουλομένου
1306 756 1393 842 δόλῳ

141 863 199 925 καί
221 861 337 944 ἀπάτη
361 860 605 944 περιγενέσθαι
627 866 690 921 τοῦ
712 855 937 944 Φιλοκτήτου,
968 855 1052 920 άλλδ
1083 860 1177 939 ἰσχύϊ
1200 862 1257 923 καί
1279 863 1314 922 ἐκ
1336 868 1398 924 τοῦ

110 970 311 1049 οφανεροῦ·
345 963 466 1024 ἔπειτα
496 963 656 1037 πεισθείς
683 963 752 1024 ὑπὸ
786 969 848 1024 τοῦ
870 953 1059 1036 Ὀδυσσέως
1091 963 1147 1024 καί
1180 959 1397 1049 ἐξαπατήσας

142 1066 244 1128 αδτδν
265 1066 322 1127 καλ
344 1071 411 1126 τῶν
433 1060 541 1141 τόξων
563 1066 723 1150 ἐγκρατής
745 1067 936 1146 γενόμενος,
960 1063 1171 1142 αἰσθομένου
1193 1066 1320 1128 ἐκείνου
1342 1067 1398 1128 καί

7 1139 13 1170 ¹
143 1169 190 1244 ὡς
218 1164 473 1253 ἐξηπατημένου
506 1161 758 1246 σχετλιάζοντος
793 1169 849 1230 καί
883 1168 1112 1240 ἀπαιτοῦντος
1145 1167 1187 1228 τά
1216 1164 1323 1246 δπλα,
1360 1169 1397 1230 οδ

141 1274 284 1350 κατέχει,
307 1261 383 1331 ἀλλ’
409 1268 482 1345 οίός
503 1273 542 1331 τέ
563 1271 656 1332 έστιν
671 1265 879 1332 ἀποδιδόναι
895 1269 989 1344 αότά,
1011 1270 1122 1330 καίτοι
1139 1275 1201 1330 τοῦ
1210 1259 1399 1345 Ὀδυσσέως

143 1376 371 1460 ἐπιφανέντος
395 1373 452 1434 καί
475 1369 741 1450 διακωλύοντος,
768 1373 826 1435 καί
846 1368 943 1446 τέλος
966 1367 1107 1433 δίδωσιν
1130 1371 1231 1432 αδτά·
1260 1367 1340 1446 δοδς
1363 1366 1398 1432 δὲ

98 1484 126 1536 ίο
145 1473 194 1558 τῷ
217 1472 303 1557 λόγῳ
331 1481 491 1557 πειρᾶται
520 1475 659 1538 πείθειν
688 1477 806 1538 ἑκόντα
836 1471 1072 1560 ἀκολουθῆσαι
1100 1473 1150 1550 εἰς
1178 1475 1239 1559 τήν
1263 1474 1398 1556 Τροίαν.

143 1584 206 1640 τοῦ
238 1574 274 1639 δὲ
305 1573 514 1663 Φιλοκτήτου
547 1574 675 1663 μηδένα
710 1575 840 1661 τρόπον
875 1575 1025 1651 εἴκοντος
1056 1572 1141 1660 μηδὲ
1176 1576 1398 1656 πειθομένου,
1413 1577 1451 1640 17

144 1677 229 1742 άλλδ
246 1676 406 1761 δεομένου
420 1687 484 1743 τοῦ
495 1677 750 1761 Νεοπτολέμου,
768 1681 884 1765 ὥσπερ
903 1681 1079 1759 ὑπέσχετο,
1096 1678 1284 1760 ἀπαγαγεῖν
1300 1677 1401 1740 αὐτὸν

7 1769 14 1792 ¹
145 1783 195 1858 εἰς
216 1784 276 1868 τήν
293 1773 443 1861 Ἑλλάδα,
465 1783 681 1863 ὑπισχνεῖται
699 1784 757 1846 καί
778 1785 915 1864 έτοιμός
937 1784 1012 1844 έστι
1035 1786 1149 1844 ποιεῖν
1170 1789 1281 1858 τοῦτο,
1303 1785 1402 1864 μέχρι

146 1886 328 1970 ἐπιφανείς
345 1872 509 1970 Ἡρακλῆς
532 1885 653 1948 πείθει
674 1887 733 1948 τδν
751 1881 961 1971 Φιλοκτήτην
985 1882 1103 1947 έκδντα
1127 1885 1176 1958 είς
1198 1885 1258 1969 τήν
1276 1883 1402 1966 Τροίαν

7 1997 128 2052 'mm
150 1983 305 2048 πλεῦσαι.
450 1988 492 2070 τά
515 2006 551 2048 τε
572 1984 656 2072 μέλη
681 1987 740 2048 οὐκ
761 1987 830 2066 ἔχει
853 1983 941 2048 πολδ
964 1988 1003 2047 τδ
1025 1987 1192 2067 γνωμικδν
1215 1981 1292 2046 οὐδὲ
1316 1985 1402 2066 πρὸς

152 2089 273 2174 ἀρετήν
302 2083 532 2172 παράκλησιν,
564 2089 680 2173 ὥσπερ
708 2089 750 2150 τδ
779 2095 841 2151 τοῦ
867 2077 1073 2172 Εὐριπίδου,
1102 2082 1224 2171 ήδονήν
1254 2081 1290 2147 δὲ
1316 2085 1403 2146 θαυ-

150 2192 283 2276 μαστήν
299 2190 356 2252 καί
370 2185 678 2272 μεγαλοπρέπειαν,
704 2191 791 2253 ὥστε
812 2186 857 2275 μὴ
873 2192 947 2276 εἰκῇ
960 2195 1101 2251 τοιαῦτα
1125 2189 1205 2270 περὶ
1227 2178 1333 2250 αὐτοῦ
1346 2188 1404 2248 τδν

148 2283 399 2376 Ἀριστοφάνην
425 2292 609 2375 εἰρηκέναι·

323 2474 329 2488 ¹
358 2393 377 2454 δ
399 2383 433 2456 δ’
459 2392 504 2455 αδ
522 2367 736 2479 Σοφίνκλέους
757 2401 820 2456 τοῦ
837 2390 952 2474 μέλιτι
972 2395 1188 2474 κεχρισμένου

102 2509 134 2562 20
362 2496 478 2579 ὥσπερ
499 2493 659 2560 καδίσκου
683 2493 871 2580 περιέλειχε
892 2497 931 2558 τό
955 2491 1073 2574 στόμα.

681 2715 882 2724 -α--ι-

500 3000 573 3082 (36)
606 2997 762 3083 ΠΕΡΙ
794 2995 1074 3082 ΟΜΗΡΟΥ.

154 3287 157 3294 ’
235 3282 272 3353 Ὁ
286 3291 348 3372 μὲν
362 3293 576 3377 Δημόκριτος
591 3294 671 3375 περί
688 3280 832 3378 Ὁμήρου
849 3294 953 3378 φησίν
970 3293 1093 3366 οὕτως·
1108 3284 1257 3376 Ὅμηρος
1272 3292 1408 3376 φάσεως
1433 3295 1447 3354 1

106 3389 109 3396 “
156 3391 266 3474 λαγὼν
294 3388 486 3481 θεαζούσης
512 3396 624 3457 έπέων
650 3397 777 3475 κόσμον
813 3396 1011 3480 ἐτεκτήνατο
1047 3395 1237 3456 παντοίων·
1273 3393 1320 3466 ὡς
1352 3394 1410 3454 οὐκ

155 3497 231 3558 ένδν
253 3496 332 3558 δνευ
354 3496 457 3571 θείας
477 3498 533 3559 καί
556 3493 735 3576 δαιμονίας
758 3497 894 3581 φύσεως
917 3496 1025 3570 οὕτως
1046 3492 1131 3557 καλά
1148 3497 1204 3557 καί
1228 3494 1319 3579 σοφά
1343 3495 1409 3577 έπη

156 3598 382 3682 ἰργάσασθαι.
436 3594 559 3661 πολλοὶ
588 3595 624 3660 δὲ
653 3600 710 3660 καί
737 3594 836 3660 ἄλλοι
863 3599 1073 3682 γεγράφασιν
1104 3597 1138 3657 οί
1166 3598 1227 3675 μίν
1258 3597 1412 3679 ἄντικρυς

7 3689 14 3718 '
107 3716 140 3768 25
162 3694 423 3781 ἐγκωμιάζοντες
445 3704 502 3764 τὸν
525 3703 671 3786 ποιητήν
694 3701 763 3781 άμα
785 3702 842 3763 καί
858 3697 1035 3786 δηλοῦντες
1050 3700 1123 3760 ένια
1139 3705 1206 3760 τῶν
1221 3687 1283 3758 ὑπ’
1310 3698 1414 3758 αὐτου·

245 3951 418 4018 iuspecto:
437 3947 603 4027 πρᾳότερον
621 3945 657 4006 δν
725 3943 893 4004 20‘0m.U
962 3942 1087 4019 4ἰσχδει
1104 3946 1135 3999 Μ
1202 3951 1251 4004 καί
1269 3946 1363 4003 om.U

158 4035 174 4085 6
192 4031 407 4102 αἰσθανομένου
423 4033 448 4088 U
465 4034 528 4098 (litt.
548 4053 585 4091 αν
602 4037 756 4104 expunctae
773 4047 790 4088 ε
808 4038 888 4098 corr.)
958 4037 973 4087 '1
992 4024 1046 4090 οὖν
1061 4027 1100 4090 άν
1118 4033 1205 4106 τείχει
1216 4031 1256 4098 Μ,
1272 4031 1346 4086 unde
1363 4026 1415 4090 οὖν

157 4109 272 4188 άντίχει
289 4117 381 4174 Gudu
461 4112 568 4176 Βαδιὰ
587 4118 679 4174 om.P
767 4123 799 4174 1³
817 4122 905 4176 τοῦτο
924 4126 1019 4176 ποιεῖν
1036 4117 1098 4184 (hoe
1115 4118 1184 4185 ord.)
1202 4116 1251 4172 PH
1318 4116 1416 4190 μέχρις

158 4201 233 4256 ΒΡΗ
250 4216 267 4256 ι
285 4217 354 4258 corr.
426 4207 458 4258 14
475 4201 615 4276 ἐπιφανὴς
632 4203 656 4258 U
674 4220 709 4258 m.
727 4219 769 4274 pr.
845 4207 877 4258 15
896 4195 962 4261 οὐδὲ
979 4198 1056 4277 πρὸς
1073 4195 1181 4276 αἱρετὴν
1198 4200 1278 4258 UBM
1297 4196 1362 4261 οὐδὲ
1379 4198 1414 4261 τὸ

158 4281 235 4360 πρὸς
251 4279 356 4360 α’ρετῆς
373 4287 431 4355 ΡΗ,
448 4283 501 4360 τὴν
517 4293 582 4344 ουλε
598 4285 675 4362 πρὸς
691 4287 753 4345 εδδ.
771 4287 838 4344 editi
928 4292 960 4344 18
978 4279 1159 4361 ἆροστοφοίνη
1176 4287 1230 4344 UM
1327 4293 1358 4344 19
1375 4298 1417 4365 tq?

158 4387 209 4440 pro
227 4376 280 4430 τοῦ
296 4371 331 4440 Η,
350 4372 461 4430 corr-U
535 4374 738 4448 κεχρισμένους
755 4373 782 4428 Η
797 4378 880 4440 (corr.
896 4379 954 4441 -ου)
1040 4371 1068 4430 ολ
1085 4389 1135 4444 pro
1156 4367 1214 4431 δΒ
1283 4377 1316 4428 20
1332 4393 1418 4432 κεκα-

158 4457 258 4514 δίσκου
274 4459 324 4514 ΡΗ
392 4462 425 4514 22
442 4455 614 4532 θειαζοάσης
631 4460 680 4515 ΡΗ
757 4451 791 4516 οδ
809 4453 938 4517 κενὸνῦ
1026 4463 1058 4516 2³
1077 4450 1155 4518 οὕτω
1172 4457 1222 4514 ΡΗ
1307 4462 1340 4514 25
1358 4450 1418 4530 ἅμα

158 4541 190 4599 δί
206 4545 256 4599 καί
273 4542 321 4597 PH
389 4540 508 4602 ἐναντία
525 4549 585 4602 τῶν
601 4545 680 4602 MBU
698 4561 732 4599 ιιι
751 4560 793 4615 pr.
