3466 5268
641 353 777 412 omlo
794 357 907 416 XLVII.
1360 359 1402 420 85

144 543 252 621 μῆκος
282 533 340 596 καί
373 533 476 607 στοάς
511 531 723 615 ἑκατέρωθεν
757 538 1004 621 πεποιήκασιν·
1039 527 1117 598 οὐδὲ
1147 538 1227 612 τοός
1258 539 1404 622 Ταρσεῖς

14 651 132 704 {muln
147 633 224 699 οὐδὲ
247 643 304 699 νῦν
319 631 537 720 Νικομηδεῖς,
561 635 596 696 ol
616 635 835 720 ἐψηφίσαντο
858 637 900 700 τό
922 639 1079 724 μνήματα
1102 640 1284 723 μεταίρειν.
1323 640 1342 700 ό
1365 636 1401 703 δὲ
1418 640 1454 702 17

146 739 334 822 Μακρῖνος,
357 737 396 801 δν
410 737 584 822 εὐεργέτην
599 737 814 821 ἀνεγράψατε
836 747 897 826 τῆς
919 737 1062 818 πόλεως,
1085 743 1123 804 τό
1146 741 1322 828 Προυσίου
1344 748 1407 803 τοῦ

145 837 315 924 βασιλέως
336 843 500 927 μνημεῖον
521 840 717 925 μετήνεγκεν
739 841 776 902 έν
798 849 857 928 τῆς
886 843 1011 925 ἀγοράς
1037 845 1094 906 καί
1122 845 1180 906 τδν
1209 839 1402 928 ἀνδριάντα.

107 956 125 1007 ε
147 939 257 1017 οδδείς
277 944 340 1026 γάρ
363 943 438 1004 έστι
460 931 547 1024 παρ’
572 941 714 1016 έκείνοις
730 938 917 1026 φιλόπολις
932 944 1014 1031 δνηρ
1039 941 1116 1006 οὐδέ
1138 941 1302 1030 έπιμελης
1324 947 1405 1028 περὶ

145 1047 224 1120 τοὺς
239 1044 361 1121 δεοάς·
378 1039 463 1106 ἀλλά
482 1045 576 1127 παρά
592 1063 629 1126 γε
644 1047 725 1129 ημῖν
740 1040 826 1129 ἦσαν
842 1042 975 1109 πολλοί.
1011 1043 1098 1133 πλὴν
1113 1053 1218 1110 ταῦτα
1232 1049 1294 1128 μὲν
1309 1047 1405 1122 δπως

3 1125 24 1156 ’
146 1150 231 1210 ποτέ
255 1143 355 1210 δοκεῖ.
394 1147 429 1208 τί
448 1146 512 1228 γάρ
535 1147 612 1224 έμοί
634 1153 694 1232 τῆς
715 1144 842 1210 ἐνθάδε
866 1153 985 1224 στοόςς
1008 1149 1124 1234 ὥσπερ
1148 1151 1206 1212 οόκ
1229 1149 1347 1228 έχοντά
1362 1169 1405 1228 με

145 1253 229 1313 όποι
243 1245 411 1330 βούλομαι
426 1252 640 1330 περιπατεῖν,
656 1250 716 1333 την
733 1239 1087 1336 ΠοικίληνἈθήνησι,
1109 1255 1168 1338 την
1182 1253 1354 1337 Περσικὴν
1369 1252 1404 1313 έν

14 1368 55 1416 εει
65 1368 132 1421 ΒΗ)
146 1349 393 1431 Λακεδαίμονι,
416 1351 477 1426 τάς
492 1352 528 1413 έν
544 1357 586 1435 τῇ
597 1341 703 1434 Ῥώμῃ
719 1351 780 1426 τάς
792 1358 928 1436 χρυσᾶς,
952 1355 987 1415 έν
1010 1358 1087 1428 ταῖς
1108 1360 1175 1416 τῶν
1194 1345 1402 1433 Ἀντιοχέων,

95 1467 126 1518 lo
147 1461 214 1518 τῶν
239 1456 410 1537 Ταρσέων,
432 1453 517 1533 μετά
538 1449 699 1527 πλείονος
720 1461 831 1540 τιμῆς,
853 1455 873 1540 ἢ
896 1457 1001 1535 μόνον
1022 1451 1142 1533 έξοντά
1163 1475 1205 1536 με
1226 1457 1283 1518 καί
1306 1473 1402 1538 περι·

146 1558 355 1641 πατησοντα,
378 1562 446 1617 τῶν
469 1551 505 1618 δέ
530 1551 642 1616 ἄλλων
665 1552 785 1617 οάδένα
810 1553 970 1620 πολιτῶν.
1016 1549 1093 1619 ἀλλ’
1120 1556 1197 1620 οδτε
1217 1558 1402 1639 γυμνάσιον

144 1660 180 1722 έν
203 1656 305 1723 πόλει
324 1660 429 1740 μόνος
451 1655 562 1732 οὐδεὶς
583 1658 651 1736 έχει
681 1651 928 1738 γυμναζόμενος
959 1659 1035 1722 οδτε
1066 1658 1169 1721 στοάν
1198 1659 1274 1721 οδτε
1295 1653 1400 1740 βαλο-

4 1755 16 1778 ’
144 1765 234 1825 νεῖον
252 1762 328 1824 οδτε
343 1757 427 1822 ἄλλο
442 1766 510 1822 τῶν
527 1756 700 1844 δημοσίων
715 1757 822 1824 οὐδέν.
855 1761 875 1846 ἢ
893 1762 956 1843 ἐγὼ
973 1764 1173 1847 τετύφωμαι
1187 1761 1243 1824 καλ
1258 1761 1401 1845 ἀνόητός
1414 1759 1453 1826 18

145 1863 232 1946 είμι,·
255 1859 343 1948 πλὴν
364 1865 384 1925 ό
405 1881 441 1944 γε
463 1857 604 1947 ἠξίωσα,
629 1858 902 1942 συμβουλεύσατέ
921 1882 991 1945 μοι.
1038 1863 1085 1938 ὡς
1111 1863 1176 1946 ἐγὼ
1198 1858 1403 1944 βουλόμενος

97 1977 127 2030 15
148 1967 227 2046 δμῖν
249 1966 403 2050 ἀρέσκειν
425 1966 537 2026 πάντα
560 1965 689 2047 τρόπον
712 1963 844 2048 άπορῶ.
896 1971 953 2028 νόν
975 1965 1037 2049 γάρ
1067 1965 1127 2027 δάν
1157 1965 1322 2045 ἅπτωμαι
1342 1971 1405 2026 τοῦ

12 2095 16 2110 ·
148 2070 347 2153 πράγματος
368 2068 425 2130 καί
448 2059 629 2152 σπουδάζω
652 2065 833 2147 γίγνεσθαι
854 2068 893 2129 τό
922 2067 1035 2150 έργον,
1057 2071 1230 2148 τυραννεῖν
1250 2071 1294 2146 μέ
1316 2066 1405 2151 φασί

144 2190 234 2245 τινες
254 2171 311 2232 καί
330 2169 581 2231 κατασκάπτειν
603 2162 663 2252 τὴν
686 2164 789 2230 πόλιν
809 2169 867 2230 καί
888 2168 930 2229 τά
955 2169 1028 2252 ίερά
1053 2170 1176 2231 πάντα.
1215 2165 1316 2254 δῆλον
1337 2166 1400 2250 γάρ

41 2275 199 2338 {modu
226 2273 397 2356 ἐνέπρησα
425 2272 484 2332 τὸν
511 2270 595 2333 νεὼν
624 2275 686 2331 τοῦ
709 2270 797 2344 Διδς
823 2271 881 2331 καλ
909 2272 989 2343 τοὺς
1017 2266 1250 2354 ἀνδριάντας*
1277 2269 1314 2330 έν
1341 2275 1404 2330 τοῦ

143 2370 298 2454 μυδῶνος
312 2373 512 2457 έρρυσόμην,
534 2373 591 2435 καλ
605 2377 662 2434 νόν
678 2373 714 2434 έν
729 2369 777 2454 τῴ
794 2373 1022 2456 φανερωτάτῳ
1038 2375 1167 2434 κεῖνται
1181 2380 1241 2458 τῆς
1256 2369 1401 2446 πόλεως.

97 2487 126 2538 2⁰
147 2477 206 2538 έάν
239 2472 276 2539 δέ
309 2471 369 2561 τὴν
400 2475 541 2559 ἡσυχίαν
573 2476 661 2556 δγω,
693 2467 739 2558 μὴ
767 2471 974 2555 βουλόμενος
1002 2469 1130 2559 μηδένα
1160 2477 1288 2536 στένειν
1315 2470 1401 2558 μηδὲ

146 2579 368 2663 προοκροόειν
389 2573 518 2661 μηδενί,
541 2576 642 2656 βοᾶτε
663 2577 776 2656 ὑμεῖς,
799 2575 978 2658 Γιγνέσθω
1001 2577 1040 2637 τὸ
1063 2576 1160 2657 έργον
1181 2574 1201 2659 ἢ
1224 2573 1401 2656 καθαιρεί-

10 2724 15 2733 -
148 2681 225 2742 σθω
248 2682 286 2743 τὸ
308 2677 460 2763 γεγονός·
484 2680 600 2762 ὥσπερ
624 2680 701 2758 έμοί
723 2685 823 2740 τοῦτο
840 2683 1072 2764 προφέροντες
1091 2677 1148 2740 καί
1170 2669 1400 2752 ὀνειδίζοντες.

1 2795 132 2861 ,κνοω
146 2784 181 2845 τί
197 2782 254 2845 οδν
268 2777 439 2863 βούλεσθέ
452 2801 495 2862 με
511 2785 625 2843 ποιεῖν
631 2801 644 2857 ,·
663 2780 760 2865 δγάρ
776 2781 817 2844 δν
833 2779 962 2866 εἴπητε,
978 2786 1078 2843 τοῦτο
1095 2779 1232 2864 ποιήσω
1246 2780 1303 2841 καὶ
1318 2779 1399 2862 περὶ
1412 2783 1451 2847 19

145 2891 213 2948 τῶν
235 2881 346 2948 ἄλλων
368 2885 529 2947 ἁπάντων
543 2877 658 2964 (οὐδὲν
681 2877 775 2967 δρῶ),
800 2872 878 2947 οόδὲ
901 2884 942 2946 άν
964 2863 986 2967 ᾖ
1008 2903 1061 2958 τις
1083 2881 1180 2966 έργον
1203 2881 1402 2964 πεποιηκὼς

5 3010 29 3042 t
94 2999 125 3049 w
147 2989 233 3071 ὑπὲρ
247 2984 290 3049 οδ
299 2981 396 3069 λόγον
406 2981 452 3072 μὴ
469 2983 622 3064 δέδωκεν,
639 2977 715 3049 οὐδ’
733 2987 774 3049 δν
790 2988 841 3049 ότι
858 2991 969 3048 ποιῶν
982 2986 1039 3047 καί
1050 2985 1206 3070 χρηματα
1223 2979 1402 3064 λαμβάνων

146 3090 200 3152 άεί
222 3089 316 3174 παρά
339 3096 406 3151 τῶν
427 3080 504 3152 κατ’
529 3090 605 3164 έτος
620 3086 803 3172 ἀρχόντων,
828 3089 943 3173 ὥσπερ
960 3088 1010 3163 είς
1025 3090 1083 3150 τὸν
1099 3081 1275 3172 ἄπληστον
1291 3083 1402 3146 πίθον

144 3189 225 3255 τάδε
250 3188 459 3278 ληψόμενος,
491 3182 568 3254 οὐδὲ
592 3192 632 3254 όν
655 3187 738 3252 όλλο
760 3211 795 3253 τι
817 3191 986 3276 γίγνηται·
1015 3189 1051 3251 τί
1071 3189 1133 3274 γάρ
1158 3183 1233 3270 δμοί
1253 3187 1402 3262 τοότωνς

145 3291 202 3358 διά
224 3297 286 3374 μὲν
307 3299 369 3380 γάρ
392 3302 452 3381 τῆς
475 3299 578 3368 στοᾶς
602 3283 640 3354 οδ
665 3289 892 3372 διελεύσομαι,
918 3298 1039 3377 σαφῶς
1056 3290 1138 3354 ἴστε.
1175 3287 1260 3352 ἀλλὰ
1284 3291 1401 3351 πονεῖν

831 3487 892 3493 —.
904 3487 941 3492 ..-
956 3487 1017 3493 ..—
1032 3487 1079 3492 ...-
1098 3482 1392 3492 ——-----———·

230 3597 418 3667 3μακρεῖνος
434 3594 465 3649 Μ
480 3590 685 3664 μσκαρῖνοςΤ
789 3584 824 3648 ιδ
842 3591 871 3644 in
888 3604 986 3645 εαεσεε
1002 3590 1033 3645 Μ
1119 3594 1172 3648 τοῦ
1189 3605 1243 3646 om.
1260 3588 1335 3647 UB'l'

142 3679 358 3752 όμνημεῑονΤ
444 3672 616 3753 α’νόρειάντα
634 3677 664 3731 Μ
751 3671 954 3746 όφιλοπόλεις
971 3675 1001 3729 Μ
1077 3669 1143 3733 οδόδ
1159 3669 1234 3747 ἀνὴρ
1251 3673 1314 3736 (hoe
1332 3673 1401 3738 ord.)

141 3764 219 3834 libri,
242 3763 411 3834 transposuit
432 3763 514 3834 Emp.
618 3767 632 3817 7
657 3760 729 3819 ποτε
749 3756 845 3819 ἐδόκει
860 3758 936 3828 libri,
959 3775 1029 3815 οοπ.
1046 3759 1128 3829 Emp.
1215 3755 1349 3826 δέξονταί
1365 3778 1402 3829 με

142 3849 250 3919 scripsi,
266 3846 379 3918 ἐξιόντα
396 3869 434 3918 με
450 3848 528 3919 δοιός
546 3843 676 3906 εἰσιόντα
693 3847 814 3917 praefert
831 3845 894 3900 wil.
978 3849 1009 3899 1³
1028 3843 1164 3899 desidero:
1184 3841 1275 3917 ἢέγάι
1291 3835 1402 3916 (μόνος

144 3926 239 4007 οὕτω)
257 3931 423 4008 τετύφωμαι
475 3940 507 3990 14
524 3929 665 4007 ἠξιώσατε
682 3932 712 3987 Μ
773 3935 804 3987 18
820 3928 965 4004 ἐνέπρησα
983 3929 1093 3996 Reiske,
1110 3928 1271 4002 ἐνέπρησαν
1288 3929 1350 3985 libri

143 4019 198 4080 νειδ
217 4020 248 4075 Μ
329 4022 455 4077 lacunam
472 4020 621 4092 significavi
638 4023 701 4090 pont
718 4009 890 4092 άνάριόντας
983 4020 1015 4070 19
1030 4019 1163 4086 μυδῶνος
1183 4013 1255 4071 UB'l'
1272 4009 1402 4085 μόόωνος

142 4105 181 4174 Μ,
198 4110 328 4176 μυλῶνος
346 4106 464 4163 Οεεεσλ).
553 4100 699 4178 ἐρυσόμην
715 4103 745 4158 Μ
832 4106 864 4156 20
883 4100 993 4159 στένειν
1009 4105 1180 4171 εσερεεῖσιαι
1199 4097 1285 4155 fuitne
1302 4115 1400 4156 στενο·

140 4192 266 4264 χωρεῑνῖ
367 4194 400 4247 2³
417 4212 468 4262 μοι
485 4208 534 4262 pro
552 4211 589 4262 με
606 4189 656 4248 UT
764 4188 793 4245 τί
811 4177 863 4246 οδν
879 4182 1041 4262 pomos,-
1057 4184 1095 4258 μὴ
1115 4193 1224 4255 ποιεῖν,·
1241 4183 1322 4253 Emp.

143 4279 176 4331 2⁴
193 4277 318 4332 lacunam
340 4281 404 4345 pout
426 4270 564 4336 ἁπάντων
587 4273 724 4346 supplevit
740 4271 804 4329 wil.
909 4265 974 4330 οὐδ’
996 4266 1094 4329 ἐὰνΒ
1196 4274 1229 4324 25
1252 4263 1294 4327 ἔτι
1310 4269 1402 4339 Εωρ,

7 4359 10 4364 ‘
143 4351 191 4419 δτι
206 4361 236 4416 Μ
253 4351 306 4419 ότι
324 4361 398 4420 UBT
483 4365 516 4417 26
533 4356 660 4426 κάθετος
676 4358 707 4413 Μ
800 4351 958 4417 ἄκλειστον
974 4357 1004 4411 Μ
1095 4356 1222 4414 πίνοντα
1239 4354 1270 4412 δὲ
1285 4355 1316 4410 Μ

141 4449 173 4500 2ῖ
192 4443 365 4520 λειφόμενος
382 4446 431 4504 BU
449 4463 484 4502 m.
502 4463 545 4518 pr.
631 4437 695 4504 τόδ’
713 4439 806 4503 ἐδινΒ
903 4446 935 4498 28
954 4439 1031 4500 είστε
1048 4441 1078 4497 Μ
1164 4449 1266 4499 πονεῖν
1283 4439 1400 4508 (δεείίαιι,

141 4538 236 4589 ποιεῖν
252 4531 314 4588 libri
