3452 5264
601 364 907 425 omuoxxxvm.
1337 373 1377 436 35

7 555 112 606 somn
126 538 249 617 παῖδες
270 543 357 626 ύπδρ
379 550 446 604 τῶν
469 547 626 627 πατέρων
649 543 696 618 ὡς
717 545 777 605 ἐπί
791 548 864 618 τοῖς
879 545 1051 625 μεγίστοις
1066 549 1190 620 κακοῖς.
1234 547 1377 613 ἐπειδάν
1388 551 1429 615 20

127 646 188 724 μὲν
204 644 262 708 οὖν
278 641 430 730 λοιμδςή
449 647 588 725 σεισμός
603 649 751 730 γένηται,
773 649 847 722 τοῖς
862 647 961 721 θεοῖς
976 642 1186 728 ἐγκαλοῦμεν,
1209 651 1255 724 ὡς
1269 659 1379 716 κακῶν

128 751 334 828 παρέχουσιν
356 751 429 823 τοῖς
456 747 659 830 ἀνθρώποις
688 749 816 824 αἰτίας,
843 748 900 811 καί
931 747 971 810 ού
999 769 1109 834 φαμεν
1139 751 1261 828 αύτούς
1291 752 1380 818 εἶναι

130 846 280 924 δικαίους
296 845 373 912 οὐδὲ
390 845 671 935 φιλανθρώπους,
689 846 765 912 ούδέ
781 851 821 911 ἀν
837 851 878 911 τά
893 846 1042 929 μάλιστα
1058 855 1137 936 ημῖν
1152 854 1380 939 ἡμαρτηκόσιν

91 952 317 1030 δέπιτιμῶσι
340 953 399 1013 σύν
421 959 463 1036 τῇ
486 948 576 1036 δίκη·
609 959 771 1014 τοσοῦτον
800 955 901 1032 μῖσός
923 953 998 1014 ἐστι
1021 954 1108 1037 πρός
1136 952 1178 1014 τά
1208 956 1380 1038 αύτόματα

127 1059 194 1114 τῶν
215 1059 334 1116 κακῶν.
385 1050 535 1134 πόλεμον
558 1050 611 1131 δέ,
642 1056 736 1130 ὅστις
759 1054 817 1134 οὐχ
838 1053 938 1140 ἦττον
966 1051 1155 1117 ἀπόλλυσιν
1183 1057 1202 1142 ἢ
1232 1061 1381 1139 σεισμός,

129 1155 225 1217 αότοί
247 1157 510 1241 προαιρούμεθα
532 1157 588 1219 καί
609 1161 683 1232 τοῖς
699 1157 825 1232 αίτίοις
840 1158 968 1218 τούτων
984 1157 1187 1242 ἀνθρώποις
1208 1161 1266 1223 ούκ
1287 1163 1382 1243 ἐγκα-

129 1255 249 1338 λοῦμεν
272 1255 378 1336 οὐδέν,
402 1261 519 1342 ὥσπερ
540 1260 626 1344 ύπίρ
650 1260 785 1322 ἐκείνων
800 1263 874 1336 τοῖς
892 1259 1002 1336 θεαῖς,
1025 1255 1110 1322 ἀλλά
1132 1263 1273 1338 τούτους
1295 1261 1384 1326 εἶναι

127 1363 183 1424 καί
206 1357 416 1447 φιλοδήμους
432 1359 593 1442 δοκοῦμεν
606 1363 664 1424 καί
680 1358 842 1445 λεγόντων
864 1358 987 1448 ἥδιστα
1007 1364 1172 1442 ἀκούομεν
1196 1366 1305 1428 αὐτῶν
1326 1366 1384 1428 καί

82 1474 111 1528 1⁰
135 1461 400 1545 συμβουλεύουσι
422 1465 635 1546 πειθόμεθα,
657 1467 715 1528 καί
736 1467 852 1540 πάσας
874 1456 992 1540 αὐτοῖς
1008 1469 1199 1550 παρέχομεν
1221 1466 1296 1530 ἀντί
1317 1473 1385 1530 τῶν

131 1574 240 1630 κακῶν
262 1558 320 1629 οδκ
342 1567 505 1648 ἀμοιβάς·
527 1569 670 1650 ἀμοιβαὶ
684 1569 746 1652 γάρ
763 1565 801 1645 ἐξ
815 1565 899 1630 ἴσων
915 1570 956 1630 ἀν
972 1568 1142 1651 ἐγίγνοντο
1159 1571 1247 1654 πρός
1262 1561 1386 1644 αὐτούς

132 1677 254 1733 κακῶν·
277 1667 362 1732 ἀλλά
382 1672 524 1753 χάριτας
545 1671 602 1733 καί
616 1672 718 1751 τιμάς
732 1673 789 1733 καί
803 1672 982 1746 ἐπαίνους·
1008 1672 1095 1734 ὥστε
1112 1668 1246 1757 σφόδρα
1262 1671 1303 1734 δν
1318 1669 1386 1734 εἶεν

134 1775 272 1857 ἀνόητοι
294 1779 361 1835 τῶν
383 1774 443 1836 ἐπί
464 1778 537 1848 τοῖς
557 1777 674 1848 κακοῖς
695 1775 747 1837 ἐτι
766 1775 865 1858 χάριν
887 1770 1028 1836 είδότων
1052 1770 1259 1859 φειδόμενοι.
1347 1774 1385 1836 τύ
1397 1779 1435 1842 21

134 1877 195 1954 μδν
211 1874 269 1938 οδν
285 1882 432 1958 πρῶτον,
448 1873 567 1960 ἀνδρες
579 1872 795 1960 Νικομηδεῖς,
811 1876 872 1951 τὰς
888 1877 1002 1951 αίτίας
1017 1884 1077 1962 τῆς
1089 1879 1241 1952 στάσεως
1253 1872 1386 1956 ἴδωμεν.

88 1989 120 2040 15
140 1979 172 2040 εί
193 1980 254 2057 μὲν
275 1978 338 2060 γάρ
360 1974 544 2063 τηλικαῦτά·
565 1979 673 2054 ἐστιν,
703 1970 788 2039 ὥστ’
819 1974 916 2054 άξιον
943 1977 1032 2040 εἶναι
1054 1974 1216 2057 πολεμεῖν
1239 1975 1389 2058 πόλεμον

139 2079 177 2140 ού
201 2081 375 2158 σύντομον,
399 2078 472 2153 οίος
494 2080 535 2141 ἀν
557 2083 631 2154 τοῖς
652 2075 774 2153 όπλοις
796 2080 942 2162 ἐγίγνετο
957 2081 1014 2142 καί
1028 2081 1239 2165 παρηγορίαν
1261 2078 1329 2158 εἶχε
1350 2080 1389 2142 τδ

138 2183 240 2259 τάχος
262 2188 321 2266 τῆς
351 2177 567 2261 διακρίσεως,
598 2177 682 2242 ἀλλά
712 2183 839 2263 μακρόν
868 2182 925 2242 καί
952 2182 1145 2258 ἄπαυστον,
1175 2182 1262 2243 ὥστε
1290 2181 1391 2242 αὐτόν

7 2295 123 2344 noan>
138 2279 396 2344 ὑπολείπεσθαι
416 2283 473 2344 καί
494 2286 567 2357 τοῖς
591 2283 693 2345 παισί
706 2283 763 2345 καί
778 2286 851 2356 τοῖς
865 2283 1015 2366 ἐκγόνοις
1035 2284 1092 2346 καί
1112 2279 1285 2367 μηδέποτε
1301 2286 1391 2362 σχεῖν

139 2381 263 2448 ἐλπίδα
284 2380 510 2470 καταλλαγῆς·
534 2379 780 2467 ἀγωνιζώμεθα
801 2387 858 2448 καὶ
881 2380 1115 2466 στασιάζωμεν
1131 2385 1188 2448 καὶ
1210 2387 1391 2469 πράγματα

88 2496 119 2550 20
142 2493 340 2573 παρέχωμεν
357 2484 525 2573 ἀλληλοις,
548 2490 611 2550 όσα
627 2489 737 2550 όνεστι
754 2492 923 2571 παρέχειν,
946 2488 1135 2568 ἀχθόμενοι
1158 2484 1248 2550 διότι
1268 2488 1313 2572 μη
1335 2488 1393 2550 καί

137 2587 245 2653 πλείω
270 2585 455 2671 δυνάμεθα.
500 2591 532 2653 εί
555 2585 590 2652 δέ
612 2587 761 2670 μάλιστα
783 2592 844 2672 μὲν
868 2587 964 2654 ούδέν
978 2591 1053 2652 ἐστι
1075 2592 1114 2653 τὸ
1137 2586 1248 2652 ἆθλον
1270 2591 1391 2652 τούτου

136 2699 199 2756 τού
223 2700 341 2771 κακοῦ,
370 2693 412 2755 κδ
442 2690 478 2756 δὲ
509 2689 670 2756 δοκούντα
699 2691 789 2756 εἶναι
816 2694 873 2755 καί
893 2695 996 2778 μικρά
1019 2695 1094 2756 ἐστι
1122 2694 1178 2755 καί
1201 2689 1314 2778 φαῦλα
1336 2693 1394 2755 καί

138 2787 211 2858 σύδ’
237 2792 379 2871 ίδιώτας
399 2797 485 2879 ύπὲρ
509 2797 619 2858 αὐτῶν
642 2790 836 2872 στασιάζειν
850 2789 946 2869 άξιόν
961 2797 1064 2872 ἐστιν,
1089 2787 1148 2874 αύχ
1163 2797 1259 2870 όπως
1275 2791 1395 2870 πόλεις

137 2895 354 2982 τηλικαύτας·
388 2900 432 2983 μη
464 2899 648 2978 πάσχωμεν
676 2900 797 2978 όμοιόν
825 2918 860 2960 τι
887 2901 961 2973 τοῖς
991 2898 1122 2983 ἀφροσι
1151 2903 1219 2960 τῶν
1249 2893 1394 2974 παίδων,

89 3009 120 3062 25
144 3001 267 3076 οίτινες
289 2997 485 3082 αἰδούμενοι
506 3003 550 3086 μη
575 2997 701 3063 δοκῶσι
722 3002 831 3084 μάτην
853 2994 1053 3083 ὀργίζεσθαι
1080 3004 1154 3075 τοῖς
1181 3000 1353 3082 πατράσιν
1373 2999 1394 3084 ἢ

139 3109 214 3179 ταῖς
235 3105 404 3188 μητράσιν
433 3091 472 3165 οδ
500 3099 681 3184 βούλονται
707 3097 1004 3164 καταλλάττεσθαι
1033 3098 1170 3186 ῥᾳδίως.
1222 3101 1308 3185 ὑπὲρ
1330 3101 1445 3181 mm

140 3206 198 3269 σόν
220 3206 313 3292 γῆςῆ
331 3201 507 3290 θαλάττης
523 3202 600 3268 ούδδ
614 3205 809 3286 μαχόμεθα,
831 3199 916 3266 ἀλλά
933 3200 1109 3289 θαλάττης
1126 3205 1188 3284 μὲν
1204 3194 1279 3266 οὐδ’
1304 3203 1395 3266 ἀντι-

29 3320 83 3364 ιιτσ
95 3319 127 3370 Μ)
142 3315 324 3371 ποιοῦνται
340 3309 427 3391 πρὸς
441 3309 526 3387 ύμάς
542 3309 576 3369 οί
590 3309 741 3382 Νικαεῖς,
765 3299 842 3368 ἀλλ’
866 3303 984 3392 ηδέως,
1007 3308 1094 3369 ὥστε
1108 3303 1277 3391 μηδεμίαν
1293 3309 1396 3389 παρέ-

139 3431 212 3490 χειν
234 3413 352 3494 μάχην,
376 3405 611 3492 διακέκρινται.
653 3410 796 3494 κείμην
820 3398 898 3470 οὐδὲ
920 3410 1007 3491 ύπέρ
1029 3406 1212 3493 προσόδων
1235 3401 1360 3489 ἀγωνιζ
1381 3437 1394 3449 ·

91 3519 122 3578 ³⁰
144 3513 255 3593 μεθα,
284 3509 369 3574 ἀλλά
398 3514 554 3587 έκάστοις
582 3512 714 3596 ἀπόχρη
743 3512 785 3572 τά
815 3512 939 3573 σίκεῖα·
967 3513 1023 3574 καί
1052 3518 1158 3574 ταῦτα
1187 3507 1222 3574 δέ
1245 3511 1398 3592 τυγχάνει

143 3611 363 3700 διωρισμένα,
385 3616 442 3678 καί
462 3615 528 3700 μήν
554 3633 590 3696 γε
617 3615 675 3676 καί
702 3609 809 3676 τάλλα
837 3613 967 3690 πάντα,
998 3613 1114 3698 ὥσπερ
1136 3614 1173 3676 ἐν
1201 3613 1314 3696 εἰρήνη
1342 3610 1399 3672 καί

145 3714 254 3802 φιλίᾳ.
290 3719 348 3781 καί
368 3724 509 3802 καρπῶν
531 3717 618 3781 εἰσιν
641 3711 833 3790 ἀντιδόσεις
847 3714 905 3777 καί
926 3716 1043 3796 γάμων
1065 3710 1238 3794 ἐπιμιξίαι
1252 3713 1309 3774 καί
1330 3702 1396 3773 ἀπ’

144 3813 255 3884 αὐτῶν
276 3823 333 3884 καί
355 3825 543 3905 συγγένειαι
558 3815 686 3882 πολλαί
700 3838 790 3894 τινες
804 3813 867 3902 ἤδη
886 3821 1117 3902 γεγενημέναι·
1139 3815 1197 3878 καὶ
1218 3810 1400 3900 προξενίας

231 4027 318 4108 ύαύχ
336 4035 451 4093 om.UT
470 4035 528 4102 (sed
545 4034 573 4090 in
590 4031 616 4090 U
633 4034 723 4106 suppl.
740 4033 864 4104 inum-g.
881 4048 951 4104 ιαμ,
969 4045 987 4085 ε
1003 4045 1038 4084 m.
1057 4045 1100 4100 pr.
1117 4029 1248 4096 nifsllor)
1301 4025 1400 4089 τισό-

146 4141 205 4180 των
222 4121 355 4193 pluralem
372 4127 440 4192 puto
457 4121 583 4178 excusari
600 4135 682 4191 poue
735 4123 768 4176 1⁰
784 4122 833 4176 καί
850 4114 1015 4188 πειθόμεθα
1039 4115 1086 4173 UT
1157 4119 1187 4170 ¹1
1206 4110 1350 4190 ἀμηθαίΤ

146 4211 215 4275 ἴσως
232 4208 261 4262 Μ
318 4210 350 4262 12
366 4210 453 4264 κακαί
471 4209 571 4266 κακῶν
588 4205 715 4264 Reinkiuu
771 4211 799 4260 ίύ
819 4199 859 4272 ὡς
875 4200 998 4272 ἀξιονΤ
1052 4207 1083 4258 16
1102 4193 1168 4260 οὐδὲ
1185 4199 1214 4254 Μ
1267 4195 1351 4268 αίςΒ

146 4289 392 4364 ἀνΕωμ.ἐν1ἰ1)ι·ί
465 4297 494 4349 ίί
512 4287 655 4363 μικρδνΠ
744 4297 775 4348 18
792 4287 949 4364 ἔχεινῦΒΤ
1018 4292 1051 4343 20
1069 4285 1280 4361 μηκαίΕσιρ.,
1298 4285 1401 4361 καὶμὴ

146 4379 208 4436 libri
276 4381 311 4434 24
326 4369 362 4452 ἦν
378 4393 428 4450 pro
445 4374 483 4450 μὴ
502 4378 531 4433 Μ
600 4374 794 4451 κάσχαμενΰ
862 4379 899 4431 28
912 4369 1181 4434 καταλάττεσθαιΤ
1237 4377 1268 4428 27
1286 4375 1339 4446 γῆς
1354 4375 1402 4430 καί

147 4463 327 4537 θαλύττηςΒ
397 4458 641 4537 ἢθαλάττηςοια.
655 4462 704 4520 UT
790 4465 824 4518 2⁸
844 4459 985 4527 νικεεῖςΜ
1062 4463 1096 4515 29
1114 4457 1287 4533 διακέκριται
1304 4457 1336 4512 Μ

149 4541 311 4622 προσόδων
326 4549 358 4606 Μ
426 4543 624 4624 ἀγονιζδμεθα
643 4549 666 4604 Τ
754 4552 786 4604 30
803 4547 894 4602 πεδία
912 4545 943 4620 δὴ
962 4561 1013 4617 pro
1030 4545 1060 4604 δὲ

1162 4632 1198 4686 3*
