3476 5264
653 375 790 438 ORATIO
807 377 909 436 XXIII.
1350 381 1413 443 2⁷3

153 551 241 631 ἔχειν
252 551 407 637 χρῆσθαι
420 553 477 615 καί
492 555 621 636 έτέροις
636 558 828 635 παραινεῖν,
851 550 936 616 άλλά
951 555 995 640 μη
1012 556 1141 638 τρόπον
1156 555 1231 620 τινά
1247 552 1411 643 ἐξαίφνης

156 648 352 738 ληφθέντας
366 655 600 738 ταράττεσθαι
614 656 672 718 καί
686 651 957 737 αὐτοσχεδιάζειν
973 658 1053 742 περί
1068 655 1114 720 ὥν
1131 658 1188 720 οόκ
1210 656 1335 724 ἴσασιν.
1375 661 1410 722 ολ
1431 667 1451 728 5

153 755 299 841 μὲνγὰρ
322 758 472 841 ῥήτορες,
495 759 576 820 όταν
600 753 657 842 δέη
683 763 823 822 σκοπεῖν
847 760 928 843 περί
950 779 1053 838 τινος,
1077 758 1174 826 ούδδν
1193 757 1321 836 είδότες
1342 767 1411 824 τῶν

155 853 267 920 ἄλλων
290 855 395 921 πλέον
418 855 495 922 οὐδὲ
518 861 718 941 ἐσκεμμένοι
741 863 918 946 πρότερον,
942 863 1012 942 ἅμα
1027 882 1064 926 τε
1080 862 1177 925 αύτοί
1191 859 1411 943 βουλεύονται

117 973 133 1024 δ
155 963 285 1045 τρόπον
306 961 383 1025 τινά
404 963 462 1025 καί
485 959 769 1044 συμβουλεύουσιν
792 967 931 1048 ἑτέροις.
986 965 1020 1026 ol
1051 961 1243 1051 φιλόσοφοι
1271 962 1308 1028 δέ
1331 967 1412 1051 περί

153 1070 221 1126 τῶν
250 1061 407 1149 πράξεων
437 1061 625 1149 προοίδασι
652 1067 711 1130 καί
738 1063 848 1130 πάλαι
883 1062 1141 1147 βεβουλευμένοι
1175 1068 1410 1149 τυγχάνουσιν·

51 1179 143 1232 (σου)
157 1167 244 1230 ὥστε
272 1170 313 1229 άν
341 1189 395 1243 τις
422 1170 544 1244 αύτούς
572 1166 753 1255 παρακαλῇ
788 1165 998 1250 συμβούλους
1031 1176 1099 1234 τῶν
1133 1166 1266 1234 πόλεων
1293 1171 1313 1254 ἢ
1343 1176 1411 1234 τῶν

152 1270 265 1334 ἐθνῶν
292 1271 312 1357 ἢ
341 1277 409 1334 τῶν
437 1268 622 1352 βασιλέων,
651 1277 803 1356 κρεῖττον
825 1269 940 1350 έξουσι
960 1275 1018 1337 καί
1040 1269 1296 1359 ἀσφαλέστερον
1322 1271 1410 1335 άπο-

155 1373 346 1457 φαίνεσθαι
362 1374 399 1436 ού
415 1375 453 1436 τό
469 1375 569 1438 έπιδν
586 1375 711 1452 αὐτοῖς,
736 1372 812 1438 οὐδὲ
828 1383 884 1438 νύν
899 1376 961 1456 μὲν
978 1382 1094 1453 ταῦτα,
1117 1370 1222 1436 πάλιν
1239 1370 1275 1437 δί
1291 1375 1410 1438 τάναν-

22 1469 135 1572 (Ἧβλύ
155 1476 223 1553 τία,
247 1469 295 1539 δι’
320 1478 419 1562 όργην
440 1477 461 1561 ἢ
485 1473 678 1563 φιλονικίαν
700 1479 720 1563 ἢ
740 1479 891 1564 χρήμασι
911 1474 1103 1562 πληγέντες,
1129 1477 1244 1562 ὥσπερ
1260 1478 1321 1540 δπί
1334 1498 1410 1561 τρυ-

152 1579 272 1662 τάνης,
301 1579 368 1664 ἔφη
397 1599 450 1654 τις
481 1577 579 1660 οἶμαι
606 1585 675 1644 τῶν
703 1581 855 1664 ρητόρων
879 1581 1005 1658 αὐτῶν,
1034 1579 1119 1642 κατά
1148 1580 1188 1642 τό
1219 1576 1333 1665 λῆμμα
1356 1580 1410 1644 δελ

151 1681 323 1764 ῥέποντες.
360 1677 444 1763 λέγω
460 1678 496 1744 δὲ
513 1682 552 1744 ού
566 1685 683 1764 ψόγων
699 1684 880 1768 ρητορικην
897 1679 974 1745 ούδδ
990 1685 1136 1769 ῥήτορας
1150 1682 1230 1756 τούς
1245 1681 1409 1764 ἀγαθούς,

152 1778 237 1844 ἀλλά
259 1785 338 1858 τούς
362 1781 513 1870 φαύλους
533 1786 591 1849 καλ
612 1786 692 1860 τούς
715 1790 1037 1869 προσποιουμένους
1058 1785 1097 1846 τό
1121 1789 1267 1866 πρᾶγμα.

680 1988 878 1998 ——u————

345 2202 418 2284 ‹73›
446 2199 552 2282 ΟΤΙ
584 2199 919 2284 ΕΥΔΑΙΜΩΝ
948 2202 984 2285 0
1012 2198 1220 2283 ΣΟΦΟΣ

234 2496 277 2558 Δ.
298 2495 453 2578 Πότερον
475 2491 573 2558 δοκεῖ
591 2511 647 2558 σοι
676 2494 765 2560 εἶναι
794 2495 984 2574 ἅνθρωπος
1013 2490 1200 2575 εύδαίμων,
1230 2495 1261 2558 εί
1292 2491 1327 2558 δὲ
1350 2496 1407 2580 μή,
1432 2499 1447 2562 1

97 2605 128 2659 λύ
148 2601 320 2680 γεγονέναι
340 2597 360 2682 ἢ
384 2597 544 2676 ἔσεσθαι,
567 2599 586 2683 ἢ
609 2595 775 2661 ἀδύνατον
797 2602 860 2682 ἡγῇ
881 2598 920 2660 τό
936 2603 1091 2660 τοιοῦτον
1112 2597 1194 2681 περί
1208 2597 1408 2682 ἀνθρώπου,

152 2702 269 2786 ὥσπερ
292 2699 327 2763 εῖ
344 2721 398 2776 τις
420 2700 596 2764 ἀθάνατον
617 2701 807 2786 ἄνθρωπον
830 2697 923 2782 λέγοι
950 2698 1059 2776 τίνεις
1081 2697 1166 2774 ἴσως
1193 2699 1258 2784 γάρ
1286 2700 1327 2762 δν
1349 2701 1409 2786 την

152 2805 254 2890 αύτην
276 2804 367 2883 όχοις
389 2799 491 2880 δόξαν
509 2794 640 2889 Ὁμήρῳ
658 2805 715 2866 καί
729 2799 847 2878 ἄλλοις
864 2807 998 2883 συχνοῖς
1012 2809 1080 2866 τῶν
1102 2808 1266 2886 ποιητῶν.
1282 2833 1325 2846 -
1339 2802 1410 2865 Καί

151 2913 222 2968 πού
242 2904 476 2991 ἀποφαίνεται
498 2907 579 2989 περί
598 2897 896 2991 τούτουὍμηρος,·
918 2937 961 2950 -
975 2905 1017 2968 Δ.
1027 2897 1136 2967 Ὅπου
1160 2905 1328 2988 πεποίηκε
1349 2905 1409 2966 τόν

149 3009 220 3072 Δία
243 3004 382 3089 λέγοντο
405 3008 524 3085 αύτόν,
553 3008 611 3070 οὐκ
643 3004 745 3072 ἄλλον
774 3009 851 3072 τινά
880 3015 948 3072 τῶν
970 3007 1080 3084 θεῶν,
1112 3008 1159 3082 ὡς
1183 3002 1279 3072 οὐδέν
1300 3020 1408 3091 φησιν

96 3119 126 3171 νο
150 3105 361 3195 όὶζυρότερον
384 3108 473 3174 εἶναι
495 3106 621 3195 ἀνδρός
643 3111 804 3174 ἁπάντων
826 3116 893 3174 τῶν
919 3104 1023 3191 ζῴων,

355 3213 442 3276 όσσα
465 3232 502 3276 τε
523 3216 624 3294 γαῖαν
645 3212 706 3274 έπι
729 3213 841 3275 πνείει
863 3213 979 3274 τεκαὶ
1000 3214 1108 3297 έρπει.
1195 3295 1197 3304 Ι

151 3315 189 3376 ού
218 3310 315 3376 δοκεῖ
340 3329 397 3378 σοι
425 3317 484 3401 την
517 3308 608 3390 δῖζύν
638 3315 793 3400 ἄντικρυς
813 3310 1078 3394 κακοδαιμονίαν
1106 3312 1182 3377 τινά
1213 3307 1339 3394 λέγειν,·
1366 3341 1409 3354 -

142 3407 345 3498 Ἔμοιγε-
358 3418 400 3480 A.
425 3408 551 3500 Έτερος
567 3413 603 3478 δὲ
619 3417 765 3501 ποιητὴς
787 3417 845 3478 οὐκ
867 3412 939 3499 ίόίᾳ
955 3417 1071 3491 ούτως,
1094 3411 1179 3478 ἀλλά
1201 3421 1297 3500 κοινῇ
1320 3414 1407 3498 πρός
1429 3417 1448 3478 2

152 3519 301 3604 θέατρον
324 3513 571 3601 ἀγωνιζόμενος
593 3519 790 3602 εἰσηγεῖται,

102 3629 132 3681 λδ
356 3622 414 3683 τδν
438 3623 546 3707 φύντα
569 3620 710 3705 θρηνεῖν
733 3621 782 3695 είς
804 3610 859 3682 όσ’
885 3621 1019 3704 ἔρχεται
1038 3620 1139 3696 κακά,

353 3724 412 3786 τδν
436 3715 470 3784 δ’
497 3723 541 3786 αδ
559 3723 712 3786 θανόντα
734 3725 791 3786 καί
813 3724 929 3785 πόνων
952 3723 1170 3800 πεπαυμένον

237 3935 409 4012 λέφαίφνης
425 3941 465 4006 (ιιι
481 3954 501 3995 α
517 3937 642 4004 comm
711 3933 856 3998 λείουσιν
869 3937 899 3994 Μ
968 3929 1181 4008 δτυγχιίνινσιν
1197 3931 1227 3986 Μ
1296 3934 1409 4006 8κρίτ·

149 4042 203 4083 τον
219 4023 250 4080 Μ
319 4030 351 4080 10
368 4025 548 4096 φιλονεικίαν
564 4023 613 4079 UB
691 4019 816 4098 χρήμασι
834 4020 989 4095 πληγέντες
1006 4019 1042 4078 αῖ.
1060 4019 1133 4076 Ρλαλ.
1151 4016 1228 4074 Dom.
1247 4033 1271 4074 ο.
1288 4022 1321 4074 λδ
1340 4023 1409 4094 πλη·

149 4112 208 4182 γεῖς
224 4103 282 4168 δπδ
300 4113 350 4182 τῆς
367 4111 543 4183 δωροδοκίας
560 4108 690 4177 (aeolius)
767 4113 795 4164 11
815 4103 869 4182 ἔφη
886 4126 942 4174 tac:
960 4105 1019 4162 scil.
1037 4103 1236 4162 Demosthenes
1253 4102 1288 4160 do
1307 4119 1409 4162 σοεοσε

149 4195 230 4262 §²98
249 4187 311 4253 οὐδ’
331 4184 388 4252 ὅσα
406 4191 640 4269 συμβεβούλευκα
657 4193 778 4252 παίσατε
795 4193 933 4260 τουτοισί,
951 4184 1064 4262 ὁμοίως
1079 4183 1147 4261 ύμῖν
1164 4177 1264 4262 οἵσπερ
1281 4184 1319 4250 ἄν
1335 4183 1361 4248 εί
1377 4185 1410 4248 ἐν

150 4275 273 4356 τρυτάνῃ
291 4277 389 4354 ῥέπων
404 4278 454 4338 όπλ
471 4278 505 4338 τδ
524 4282 620 4351 λῆμμα
638 4278 872 4354 συμβεβούλευκα
889 4284 941 4334 ete.
992 4279 1067 4351 λῆμα
1085 4276 1115 4331 Μ
1169 4280 1199 4333 λδ
1217 4268 1252 4332 τδ
1271 4289 1324 4330 om.
1342 4273 1367 4330 B

152 4369 183 4420 λλ
196 4359 257 4439 ἔχοι
266 4365 355 4432 UBM,
368 4359 477 4438 ἔχοιςΤ
531 4369 563 4422 18
575 4369 641 4439 περί
652 4357 868 4439 τούὉμὴρονΒ
920 4368 951 4419 21
966 4355 1012 4421 ἔπι
1024 4363 1115 4421 πνείει
1122 4359 1200 4418 Hom
1210 4359 1240 4416 u
1249 4357 1337 4430 xvn,
1349 4361 1410 4428 447,

149 4447 289 4510 έπιπνείει
307 4451 362 4508 UM
378 4450 505 4510 ίπιπνίει
521 4451 546 4506 Β
598 4456 631 4507 23
650 4449 724 4510 ἰδίαν
741 4450 780 4507 Μ.
807 4449 851 4507 cf.
863 4449 933 4507 Eur.
947 4447 1123 4519 cresphontlu
1134 4445 1184 4516 ῖτς.
1197 4447 1247 4504 λδλ
1259 4443 1358 4502 Nauck

151 4539 184 4591 νε
202 4526 260 4594 ὅσα
277 4537 357 4594 σου

201 4628 260 4675 mo.
278 4629 307 4676 11.
1173 4619 1204 4672 18
