3466 5268
684 275 821 334 ORATIO
838 277 898 335 XL.
1380 281 1421 342 55

164 457 329 540 ἡμετέραν
359 450 460 516 πόλιν
490 456 529 515 τδ
558 453 619 532 μὲν
648 450 778 538 ἀληθὲς
807 459 952 519 ἅπτεται
976 454 1111 520 πολλῶν
1140 458 1197 519 καλ
1217 451 1320 533 κνίζει
1342 457 1421 531 τούς

166 553 290 632 ἀλλους
312 557 453 632 πάντας,
476 557 531 617 ότι
554 552 592 640 δη
616 556 678 631 τὰς
701 553 796 634 δίκας
811 559 906 638 ὑμεῖς
922 557 1137 639 ἀποδέχεσθε
1151 561 1208 622 καί
1231 550 1316 643 παρ’
1342 561 1419 638 ὑμῖν

167 660 290 734 αότοδς
312 659 434 742 ἀνάγκη
457 658 653 741 κρίνεσθαι·
681 661 742 745 χρη
774 656 809 722 δὲ
834 653 881 723 δι’
908 663 988 724 αὐτὸ
1010 659 1136 742 μᾶλλον
1160 657 1421 747 φιλανθρώπως

166 763 254 840 ἔχειν
275 762 331 823 καλ
352 761 396 845 μη
423 763 581 843 παρέχειν
604 763 744 836 ἑαυτούς
765 763 992 848 ἐπιφθόνους.
1032 765 1149 826 αὐτίκα
1171 758 1243 845 (σί)
1257 764 1420 847 πρέσβεις

129 874 146 925 5
170 865 205 926 οἱ
223 862 521 947 χειροτονηθέντες
543 864 602 925 ἐπὶ
624 871 723 925 τοῦτο
738 866 777 926 τό
795 871 931 949 πρᾶγμα
947 867 1060 929 πόθεν
1076 867 1221 928 ἀπίασιν
1227 887 1239 941 ς
1263 866 1320 926 οόκ
1335 867 1417 926 έκεῖ·

166 967 251 1041 θενς
273 967 311 1026 οδ
336 964 428 1048 παρὰ
451 971 518 1026 τῶν
533 966 706 1044 ἐχθίστων
721 967 976 1052 ἀναχθήσονται
992 965 1153 1044 πλέοντες
1167 969 1224 1030 καί
1235 969 1420 1052 χρήσονται

41 1081 104 1134 (ιτα
118 1081 151 1134 ιι)
167 1066 213 1151 τῷ
238 1065 348 1148 λιμένι
369 1075 429 1152 τῆς
450 1067 575 1150 ἐχθρᾶς
591 1064 724 1144 πόλεως
731 1091 742 1143 ς
763 1071 783 1153 ἢ
806 1067 912 1152 κύκλῳ
928 1072 1115 1150 περιίασιν,
1139 1072 1254 1153 ὥσπερ
1268 1065 1420 1154 χαλεπῆς

165 1172 222 1233 καλ
244 1169 371 1251 ἀβάτου
394 1176 454 1253 τῆς
476 1169 571 1251 έγγός
592 1173 672 1254 ημῖν
687 1167 881 1256 θαλάττηςς
903 1175 967 1254 ἐγὼ
990 1175 1052 1252 μέν
1074 1173 1136 1257 γάρ
1159 1173 1311 1246 καὶτοῖς
1333 1174 1417 1252 πρό-

166 1293 262 1356 τερον
285 1269 548 1357 διαφερομένοις
569 1273 657 1355 πρδς
679 1275 758 1348 τοὺς
780 1274 1018 1356 ἀστυγείτονας
1035 1283 1141 1338 ταῦτα
1156 1279 1302 1360 ηγοῦμαι
1321 1269 1419 1352 χαλε-

118 1385 147 1436 10
170 1378 307 1458 πότερα
329 1374 386 1436 καλ
407 1373 573 1458 βαρύτερα
596 1381 658 1436 τοῦ
679 1371 844 1457 λαβόντας
866 1373 957 1440 δπλα
979 1373 1129 1459 βαδίζειν
1152 1379 1202 1453 είς
1223 1379 1283 1462 την
1303 1377 1417 1459 χώραν

166 1479 186 1563 ἢ
211 1473 440 1561 προσβάλλειν
462 1481 535 1551 τοῖς
556 1477 701 1556 τείχεσιν
722 1479 742 1561 ἢ
765 1479 806 1540 τά
824 1475 945 1562 δένδρα
959 1484 1099 1544 κόπτειν
1116 1481 1135 1566 ἢ
1152 1479 1200 1562 τῷ
1214 1477 1334 1564 καρπῷ
1351 1485 1418 1562 πῦρ

164 1581 299 1643 ἐνιέναι.
351 1581 480 1641 τούτων
509 1579 571 1663 γάρ
600 1577 697 1658 οἶμαι
716 1577 875 1659 χαλεπῶν
904 1585 1025 1660 όντων,
1055 1581 1102 1666 τῷ
1133 1583 1237 1645 παντί
1261 1578 1470 1661 χαλεπά-34

164 1686 260 1766 τερόν
283 1684 393 1758 ἐστιν,
417 1670 480 1766 ἀφ’
513 1680 559 1743 ὥν
580 1683 743 1763 γίγνεται,
773 1685 811 1745 τό
834 1692 894 1770 τῆς
916 1685 1043 1770 ἔχθρας
1064 1686 1121 1747 καλ
1142 1687 1180 1748 τδ
1204 1692 1266 1748 τοῦ
1285 1685 1416 1763 μίσους.

12 1795 150 1850 menn)
165 1784 203 1845 οό
224 1785 287 1868 γάρ
311 1785 385 1846 έστι
409 1784 557 1870 φανῆναί
578 1803 663 1846 ποτε
686 1786 756 1846 ἀπό
780 1788 899 1849 τούτου
928 1795 990 1850 τοῦ
1017 1791 1215 1872 πράγματος
1244 1783 1418 1871 ὠφέλιμον

117 1895 145 1947 λδ
167 1884 243 1949 οὐδὲ
264 1889 419 1972 χρηστόν.
463 1889 482 1948 ό
504 1907 540 1949 τε
561 1887 623 1970 γάρ
647 1895 705 1973 τῆς
727 1888 854 1972 ἔχθρας
875 1893 1006 1973 καρπός
1029 1891 1190 1952 ἁπάντων
1213 1891 1419 1972 πικρότατος

163 1991 220 2052 καλ
243 1987 455 2073 δριμύτατος,
480 1989 595 2072 ὥσπερ
620 1987 716 2068 οἶμαι
739 1992 933 2053 τούναντίον
952 1994 1046 2078 δτῆς
1061 1992 1194 2066 εὐνοίας
1208 1988 1347 2075 ἥδιστος
1362 1991 1419 2051 καὶ

167 2087 450 2166 λυσιτελέστατος.
508 2092 547 2152 τδ
577 2091 639 2174 γάρ
668 2089 842 2175 μηδέποτε
877 2091 978 2156 εἴκειν
1012 2091 1096 2178 μηδέ
1128 2097 1343 2176 παραχωρεῖν
1371 2087 1418 2171 τῴ

167 2189 323 2277 πλησίον,
347 2190 429 2275 λέγω
452 2190 489 2256 δέ
509 2194 614 2277 χωρὶς
637 2195 804 2278 αίσχόνης,
827 2193 911 2280 μηδὲ
935 2203 1001 2258 τῶν
1016 2198 1077 2275 μὲν
1099 2197 1270 2276 τυγχάνειν
1287 2193 1417 2267 αὐτούς,

166 2295 209 2356 τά
239 2292 274 2356 δὲ
305 2300 464 2377 παριέναι
491 2300 565 2370 τοῖς
588 2292 721 2373 ἀλλοις,
752 2298 810 2358 οόκ
831 2294 985 2382 ἀνδρεῖόν
1008 2301 1118 2374 ἐστιν,
1148 2299 1265 2380 ὥσπερ
1289 2293 1421 2357 οἴονταί

117 2407 148 2458 20
170 2417 268 2473 τινες,
291 2395 366 2461 οὐδὲ
389 2394 614 2484 μεγαλόφρον,
637 2391 712 2460 ἀλλ’
738 2400 881 2484 ἀνόητον
901 2402 958 2463 καλ
980 2401 1125 2480 ἀμαθές.
1163 2401 1221 2479 οὐχ
1238 2401 1334 2483 δρᾶτε
1357 2405 1418 2460 τοῦ
1430 2399 1471 2463 35

167 2497 358 2579 ξύμπαντος
382 2501 526 2586 οὐρανοῦ
545 2501 601 2562 καλ
623 2506 690 2563 τῶν
713 2502 748 2562 έν
771 2499 861 2583 αὐτῷ
884 2503 992 2566 θείων
1014 2505 1071 2566 καί
1084 2504 1260 2585 μακαρίων
1276 2503 1417 2563 αίώνιον

165 2599 260 2679 τάξιν
281 2604 338 2666 καί
359 2604 519 2682 δμόνοιαν
548 2604 604 2665 καί
634 2606 872 2689 σωφροσύνην,
902 2605 942 2690 ης
969 2605 1045 2667 οὔτε
1072 2601 1209 2668 κάλλιον
1239 2605 1314 2666 οότε
1340 2619 1417 2682 σεμ-

164 2708 299 2789 νότερον
331 2702 427 2767 οὐδὲν
458 2704 530 2767 οίόν
558 2696 592 2766 τ’
622 2707 823 2791 έπινοησαις
862 2708 948 2790 πρός
984 2703 1019 2770 δὲ
1057 2708 1101 2769 αδ
1135 2714 1201 2770 τῶν
1233 2703 1418 2788 λεγομένων

166 2809 357 2887 στοιχείων,
388 2808 487 2890 ἀέρος
508 2808 565 2869 καί
586 2815 645 2892 γης
666 2808 722 2869 καλ
744 2805 866 2883 ὕδατος
888 2811 944 2871 καλ
966 2812 1088 2893 πυρός,
1119 2812 1178 2894 τὴν
1202 2805 1338 2894 ἀσφαλῆ
1361 2807 1418 2869 καὶ

114 2919 145 2970 25
169 2908 302 2972 δικαίαν
326 2901 374 2972 δι’
400 2911 524 2985 αἰῶνος
539 2909 712 2992 ἁρμονίαν,
735 2902 819 2989 μεθ’
845 2913 927 2996 όσης
943 2912 1196 2996 εὐγνωμοσύνης
1211 2913 1266 2973 καὶ
1284 2911 1416 2992 μετριό-

164 3033 266 3098 τητος
301 3008 471 3091 διαμένειν
506 3016 654 3098 πέφυκεν
689 3013 772 3074 αότά
805 3033 842 3076 τε
880 3008 1051 3095 σῳζόμενα
1084 3015 1141 3076 καλ
1176 3007 1325 3096 σῴζοντα
1359 3012 1417 3071 τόν

165 3117 302 3177 ἅπαντα
323 3117 466 3194 κόσμονς
490 3119 647 3176 σκοπεῖτε
669 3117 741 3197 γάρ,
765 3117 796 3177 εί
810 3116 868 3178 καί
890 3131 962 3178 τισι
984 3112 1076 3193 δόξει
1097 3120 1266 3196 μετέωρος
1282 3115 1304 3190 ό,
1320 3109 1417 3194 λόγος
1430 3113 1470 3177 36

163 3210 258 3299 (καί)
279 3217 316 3278 ου’
342 3219 430 3279 πάνυ
453 3237 486 3278 τι
509 3217 587 3295 ὑμῖν
612 3218 815 3301 συμπαθής,
844 3220 896 3280 ότι
925 3225 1030 3280 ταῦτα
1054 3220 1230 3303 πεφυκότα
1252 3215 1419 3302 ἄφθαρτα

164 3322 222 3383 καί
243 3320 326 3382 θεῖα
348 3321 487 3382 καὶτοῦ
509 3320 646 3402 πρώτου
668 3320 724 3380 καί
746 3320 905 3401 μεγίστου
929 3323 1041 3404 γνώμη
1064 3323 1120 3383 καί
1143 3317 1283 3399 δυνάμει
1304 3317 1418 3398 κυβερ-

115 3431 146 3480 ³0
169 3425 300 3503 νώμενα
331 3422 418 3485 θεοῦ
438 3424 495 3484 τόν
519 3423 654 3484 ἅπαντα
674 3423 795 3504 χρόνον
817 3423 853 3482 ἐκ
875 3430 934 3507 τῆς
957 3424 1044 3505 πρός
1066 3418 1194 3510 ἄλληλα
1223 3418 1341 3507 φιλίας
1364 3421 1420 3482 καί

252 3693 330 3746 λδεῖ
344 3689 367 3744 Β
453 3683 516 3743 ίολ
533 3685 625 3742 addidi
711 3679 779 3744 5οδ
797 3701 848 3756 pro
866 3683 894 3743 ολ
911 3686 941 3741 Μ
1035 3689 1200 3757 ’ίπερίασιν
1218 3684 1330 3752 UMT,
1350 3697 1419 3740 corr.

165 3775 292 3844 impransi
384 3777 400 3829 8
418 3769 504 3845 οὔσης
520 3775 585 3842 post
602 3766 717 3844 ἀβάτου
734 3771 795 3826 εδδ.
815 3769 986 3838 Ηετκεεδεα,
1004 3786 1056 3843 quo
1074 3786 1129 3827 non
1146 3771 1224 3826 valde
1242 3785 1311 3840 opus
1397 3769 1421 3824 si

165 3865 241 3916 recto
257 3875 287 3915 τε
304 3859 388 3915 habet
405 3867 467 3925 τοῖς
484 3854 646 3931 πρότερον,
672 3863 828 3928 suspectum
846 3855 1023 3924 Gasaubono,
1047 3855 1201 3911 addendum
1225 3862 1266 3911 est
1284 3855 1420 3928 γενέσθαι

166 3950 230 4016 pont
246 3941 393 4020 βαρύτερα
501 3948 532 3999 10
550 3940 696 4016 λαβόντος
713 3943 784 4008 libri,
803 3957 872 3999 corr.
892 3941 1006 3997 (λευκαὶ).
1092 3943 1140 3998 καλ
1157 3942 1285 4014 βαδίζειν
1302 3939 1351 3996 UT

168 4036 198 4087 11
218 4035 278 4089 τῶν
294 4033 416 4105 καρπῶν
433 4029 464 4086 Μ
536 4033 565 4084 13
584 4031 694 4101 γίνεται
710 4029 772 4084 libri
843 4032 874 4083 14
891 4026 995 4083 malim:
1014 4016 1159 4098 ὠφέλιμον
1176 4020 1292 4098 (οὐδέν)
1310 4019 1376 4083 οὐδὲ

170 4122 200 4173 15
219 4111 359 4175 ἀπάντων
376 4115 493 4182 Beiske,
515 4107 575 4174 ἀπὸ
596 4113 714 4174 πάντων
737 4115 799 4171 libri
901 4109 1077 4186 πικρότατος
1094 4111 1120 4168 U
1138 4115 1169 4177 (τι
1186 4125 1204 4165 ι
1222 4115 1303 4179 corr.)
1319 4105 1421 4184 μικρό-

168 4222 257 4270 τατος
273 4203 304 4258 Μ
322 4199 516 4275 σμικρότατος
536 4200 558 4254 Β
648 4203 679 4255 16
698 4193 715 4257 ὃ
735 4215 787 4256 om.
806 4199 835 4254 Μ
940 4201 972 4253 18
989 4200 1131 4267 exspecto:
1151 4192 1301 4269 τυγχάνειν
1318 4189 1423 4261 αὐτοὺς

166 4283 301 4359 (ἀξιοῦν)
369 4292 402 4343 ιο
420 4285 605 4343 scribendum:
623 4284 713 4356 (τὴν)
729 4289 791 4354 τοῦ,
809 4285 861 4341 nisi
879 4285 1002 4355 praestat
1018 4279 1071 4356 τὴν
1087 4288 1151 4337 unte
1168 4276 1288 4340 αἰώνιον
1301 4279 1421 4335 inserere

167 4372 202 4428 cf.
221 4374 337 4430 alterum
354 4371 503 4430 membrum
584 4373 617 4424 23
636 4364 701 4428 ολόν
718 4390 750 4429 τε
767 4370 792 4428 U
811 4367 922 4429 οἴονται
940 4369 971 4426 Μ
1058 4371 1090 4424 ²8
1107 4369 1155 4424 καί
1172 4367 1235 4424 αδδ.
1254 4365 1355 4421 Reiuko

166 4454 293 4531 εὐμαθής
311 4459 374 4514 wil.
392 4458 458 4515 dub.
527 4460 559 4512 29
579 4450 788 4529 κυβερνώμεθα
807 4455 831 4512 Τ
901 4461 934 4512 30
953 4449 1091 4527 ἀλλήλους
1108 4452 1182 4509 UBT
