3526 5264
656 374 793 431 ORATIO
810 373 923 429 LXXII.
1357 369 1418 431 185

162 571 257 626 τινας
279 548 402 626 πίλους
422 552 483 614 ἐπί
504 555 580 626 ταῖς
601 545 767 635 κεφαλαῖς
784 549 932 628 ἔχοντας,
956 549 1003 624 ὡς
1017 555 1074 610 νῖν
1088 555 1155 610 τῶν
1173 547 1314 632 Θρᾳκῶν
1329 567 1419 623 τινες

162 659 229 727 τῶν
251 655 364 716 Γετῶν
388 649 583 735 λεγομένων,
607 655 773 736 πρότερον
796 648 831 714 δὲ
848 647 1120 730 Λακεδαιμόνιοι
1140 651 1197 712 καί
1212 646 1419 728 Μακεδόνες,

163 752 286 830 ἄλλους
309 752 345 818 δέ
368 758 489 840 τιάραν
510 757 568 819 καί
589 751 809 836 ἀναξυρίδας,
838 754 999 836 καθάπερ
1030 751 1127 832 οἶμαι
1148 753 1283 836 Πέρσαι
1304 772 1341 814 τε
1363 754 1420 815 καί

161 858 326 941 Βάκτριοι
354 859 410 921 καί
434 859 637 943 Παρθυαῖοι
664 858 720 919 καί
744 852 844 918 ἀλλοι
865 852 989 919 πολλοί
1011 862 1078 917 τῶν
1099 854 1296 939 βαρβάρων·
1327 855 1362 915 οί
1384 851 1420 916 δέ

126 961 217 1022 υέτι
245 961 373 1023 τούτων
403 961 619 1044 ἀτοπώτεροι
647 960 815 1022 εἰώθασιν
849 957 1030 1043 ἐπιδημεῖν
1059 957 1166 1041 πτερά
1201 957 1333 1035 ἔχοντες
1361 957 1420 1018 ἐπί

162 1067 238 1138 ταῖς
259 1060 426 1148 κεφαλαῖς
455 1063 563 1146 ὀρθά,
594 1062 709 1144 ὥσπερ
733 1064 945 1141 Νασάμωνες
974 1093 1016 1105 -
1044 1061 1161 1122 ούκούν
1184 1057 1261 1120 ούδέ
1283 1061 1418 1134 τούτοις

163 1167 252 1226 πάνυ
282 1185 317 1227 τι
344 1161 498 1244 τολμῶσι
527 1166 709 1248 πράγματα
740 1168 899 1248 παρέχειν
928 1155 1003 1226 οὐδ’
1035 1159 1183 1242 ἐνοχλεῖν
1207 1163 1418 1246 προσιόντος.

161 1267 275 1328 καίτοι
296 1268 403 1342 Γέτας
424 1267 486 1345 μέν
507 1267 527 1351 ἢ
551 1267 690 1349 Πέρσας
711 1267 731 1351 η
755 1268 988 1346 Νασάμωνας,
1016 1267 1096 1339 τούς
1123 1265 1185 1344 μὲν
1209 1264 1247 1325 ού
1270 1259 1419 1338 πολλούς

163 1365 348 1448 βλέττουσι,
377 1370 457 1442 τούς
480 1365 516 1430 δέ
541 1368 695 1442 σπανίως
716 1364 983 1453 ἐπιδημοῦντας·
1013 1374 1080 1429 τῶν
1110 1363 1146 1428 δέ
1174 1367 1339 1428 τοιούτων
1361 1366 1417 1427 ἀν·
1440 1369 1460 1428 4

117 1481 144 1530 ιο
166 1471 321 1555 θρώπων
343 1466 457 1551 ὀλίγου
480 1477 537 1532 νῖν
551 1470 659 1549 μεστά
676 1471 799 1547 πάντα,
821 1472 878 1532 καὶ
894 1467 1011 1549 σχεδὸν
1027 1466 1167 1544 πλείους
1180 1469 1339 1549 γεγόνασι
1353 1473 1421 1530 τῶν

164 1575 378 1653 σκυτοτόμων
399 1573 456 1635 καί
483 1577 639 1657 κναφέων
668 1574 725 1634 καὶ
753 1577 819 1633 τῶν
849 1568 1088 1654 γελωτοποιῶν
1116 1573 1136 1657 ἢ
1160 1568 1264 1656 ἀλλην
1296 1570 1421 1632 όποίαν

160 1671 278 1756 βούλει
304 1679 420 1758 τέχνην
453 1670 698 1758 ἐργαζομένων·
736 1675 822 1736 ὥστε
849 1675 906 1737 καί
934 1664 994 1759 ἐφ’
1026 1677 1121 1759 ημῶν
1150 1671 1235 1747 ἴσως
1270 1672 1421 1756 ῥηθῆναι

163 1779 302 1850 εἰκότως
323 1778 377 1839 δτι
401 1773 486 1839 πλεῖ
504 1779 616 1839 πάντα
639 1777 768 1855 δμοίως
796 1777 918 1839 ἀκάτια
945 1778 1002 1839 καὶ
1030 1784 1126 1838 πᾶσα
1154 1776 1236 1857 βοός
1266 1773 1419 1859 ἀροτριᾷ.

248 1880 286 1940 ού
309 1880 422 1942 τοίνυν
443 1878 529 1940 κατά
551 1886 651 1940 τούτο
673 1881 778 1958 μόνον
800 1875 949 1964 ξυνήθης
964 1879 1081 1954 αύτοῖς
1102 1880 1233 1963 ηόψις,
1256 1875 1420 1940 ἀλλὰκαὶ
1442 1885 1462 1945 5

117 1993 144 2043 ιι
166 1982 207 2042 τά
230 1978 406 2063 ἀγάλματα
430 1983 555 2065 δρῶσιν
577 1983 708 2056 ἐντοῖς
730 1986 834 2058 ναοῖς,
858 1980 932 2043 οίον
946 1983 1033 2056 Διὸς
1053 1983 1111 2044 καί
1124 1977 1344 2056 Ποσειδῶνος
1365 1982 1422 2043 καί

163 2079 275 2146 ἀλλων
298 2079 434 2145 πολλῶν
457 2084 551 2145 θεῶν
573 2079 760 2164 ἀγάλματα,
783 2084 819 2146 ἐν
835 2085 975 2166 τοιαύτη
993 2080 1152 2145 διαθέσει
1166 2090 1228 2145 τού
1242 2085 1420 2168 σχήματος.

163 2185 257 2270 παρά
280 2188 341 2264 μὲν
363 2184 426 2269 γάρ
450 2184 661 2267 Αἰγυπτίοις
682 2187 738 2248 καί
762 2181 899 2262 Φοίνιξι
920 2186 976 2247 καί
998 2189 1130 2268 ἑτέροις
1160 2185 1232 2248 τισί
1253 2192 1321 2247 τῶν
1342 2184 1421 2269 βαρ-

162 2289 277 2372 βάρων
300 2289 358 2368 οὐχ
380 2289 400 2349 δ
423 2287 524 2362 αδτδς
546 2289 654 2362 τύπος
676 2293 743 2349 τῶν
758 2284 970 2369 ἀγαλμάτων,
994 2289 1111 2370 ῶσπερ
1128 2285 1224 2366 οἶμαι
1240 2287 1334 2370 παρά
1349 2291 1424 2362 τοῖς

155 2381 329 2474 Ἕλλησιν,
359 2385 444 2451 ἀλλά
476 2386 564 2451 πολύ
595 2385 777 2474 διαφέρων.
832 2386 959 2452 ἐνθάδε
989 2386 1025 2451 δέ
1048 2390 1067 2450 δ
1090 2390 1191 2464 αὐτός
1219 2391 1322 2452 ἐστιν.
1366 2391 1423 2452 καί

4 2511 5 2518 “
27 2488 142 2588 (Νῇξισ
164 2489 295 2576 ἀνδρῶν
319 2494 451 2566 εἰκόνας
474 2493 581 2576 δρῶσι
604 2488 754 2554 πολιτῶν
777 2501 837 2577 τῆς
860 2489 994 2567 πόλεως
1008 2494 1065 2554 καὶ
1079 2492 1115 2553 ἐν
1130 2499 1172 2576 τῇ
1187 2489 1294 2576 ἀγορᾷ
1315 2493 1372 2555 καί
1386 2493 1422 2555 ἐν

61 2598 237 2668 ίοεειίιτοῖς
267 2595 388 2678 ίεροῖς,
421 2601 614 2680 στρατηγῶν
641 2595 699 2656 καί
718 2591 888 2676 βασιλέων
911 2596 1019 2671 ούτως
1045 2596 1282 2674 ἀνακειμένας,
1310 2599 1421 2677 γένεια

164 2697 383 2759 καθεικότων.
436 2693 521 2758 ἀλλά
544 2697 579 2758 τί
601 2693 657 2759 δεῖ
679 2704 784 2759 ταῦτα
815 2693 939 2780 λέγειν;
969 2694 1086 2777 σχεδὸν
1113 2699 1176 2780 γάρ
1207 2718 1242 2760 τι
1269 2698 1326 2759 καί
1353 2703 1463 2767 τῶν6

161 2791 321 2885 Ἑλλήνων
345 2800 380 2862 οί
401 2796 541 2875 πλείους
563 2800 691 2879 ὁμοίως
713 2802 800 2884 πρὸς
821 2807 921 2862 τούτο
944 2802 1076 2880 ἐχουσι,
1102 2801 1159 2863 καί
1182 2797 1278 2862 ούδέν
1300 2800 1422 2875 αύτούς

164 2906 184 2987 η
208 2897 371 2988 ξυνήθεια
394 2898 588 2964 ἀποκωλύει
608 2902 647 2964 τδ
663 2905 708 2988 με)
724 2903 783 2964 ούκ
797 2899 987 2987 ἐρεσχηλεῖν
1001 2899 1086 2988 μηδέ
1102 2897 1257 2986 ὑβρίζειν,
1280 2897 1422 2964 ἐπειδάν

4 3033 12 3058 ι
117 3014 146 3064 τε
167 3025 243 3066 τινα
267 3000 369 3066 ἴδωσι
390 3010 555 3082 τοιοῦτον,
579 2999 663 3085 λέγω
688 3001 722 3066 δέ
746 3011 813 3066 τῶν
835 3001 972 3067 πολλῶν
993 3007 1050 3067 καί
1064 3001 1205 3082 ἀδόξων,
1229 3005 1287 3079 ούς
1300 3005 1344 3090 μη
1371 2999 1422 3065 δε-

168 3102 321 3168 δοίκασιν
350 3108 397 3181 ῶς
428 3109 562 3182 ίκανοδς
590 3107 799 3185 ἀμύνεσθαι·
829 3108 907 3170 ἐπεὶ
933 3108 1012 3183 τούς
1040 3128 1077 3190 γε
1105 3109 1282 3183 τοιούτους
1304 3103 1422 3186 σχεδὸν

167 3204 406 3270 δυσωποῦνται
427 3210 485 3270 καί
505 3203 751 3287 θαυμάζουσιν.

251 3312 350 3388 τυχὸν
373 3309 431 3372 ούν
452 3313 608 3371 τοιοῦτόν
630 3311 704 3373 ἐστι
725 3314 764 3374 τὸ
787 3316 990 3395 γιγνόμενον.
1039 3315 1118 3387 τούς
1138 3315 1200 3392 μὲν
1223 3313 1346 3386 ναύτας
1367 3314 1424 3374 καί

167 3411 246 3485 τούς
267 3413 434 3495 γεωργούς
455 3413 512 3473 καί
535 3417 715 3492 ποιμένας,
738 3416 790 3475 ἐτι
813 3409 848 3475 δέ
870 3415 1009 3496 Πέρσας
1029 3416 1086 3476 καί
1107 3417 1341 3493 Νασάμωνας,
1365 3416 1423 3476 ούκ

117 3523 148 3574 ³⁰
170 3511 302 3575 οἴονται
323 3519 548 3599 καταφρονεῖν
571 3517 680 3577 αὐτῶν
703 3503 780 3576 οὐδὲ
803 3511 892 3576 εἶναι
907 3517 994 3599 πρὸς
1009 3517 1131 3590 αύτούς
1146 3507 1266 3578 οὐδένα
1281 3517 1423 3592 ἐκείνοις

171 3611 284 3697 λόγον,
312 3616 396 3678 ὅθεν
425 3613 522 3679 ούδέν
553 3611 798 3701 φροντίζουσιν.
849 3618 928 3691 τούς
955 3621 1072 3696 μέντοι
1101 3614 1315 3702 φιλοσόφους
1337 3619 1420 3680 ύπο-
1444 3621 1462 3682 7

258 3912 414 3988 ισπὴλαυς
431 3917 462 3971 Μ
548 3921 612 3988 ῖγε
631 3921 690 3974 τῶν
707 3917 729 3973 P
746 3921 805 3988 (pro
823 3921 932 3986 Γετῶν)
1019 3913 1081 3975 λό’
1099 3913 1141 3976 ἐτι
1157 3919 1188 3973 Μ
1275 3913 1423 3978 ῖάτοπιύ·

169 4025 257 4078 τερον
276 4002 353 4060 [ΙΒΜ
421 3999 579 4076 ἀποδημεῖν
596 4001 676 4057 ΡΗΜ
745 4007 947 4072 θνασαμῶνες
964 4003 1012 4059 ΗΡ
1092 3999 1231 4064 vodan>
1301 4009 1422 4062 Θυσσα-

168 4127 268 4194 μῶνας
284 4123 333 4178 ΗΡ
404 4125 435 4176 12
451 4119 543 4194 βούλη
560 4121 589 4175 Μ
607 4067 665 4194 flou}
681 4121 793 4188 (⁸1ch
865 4126 894 4176 1⁷
913 4119 1104 4195 αίγυτιτίανΡ
1181 4128 1211 4180 18
1229 4120 1372 4198 βάρωνΒ

171 4201 264 4280 δσπερ
281 4208 329 4263 ΗΡ
382 4211 414 4262 19
433 4205 463 4264 δέ
480 4222 498 4260 α
514 4207 628 4263 ααττ.Η
680 4203 766 4264 ἐσται
785 4210 813 4272 (ν
830 4208 988 4274 εταευω)ῦ
1041 4211 1074 4263 ²0
1091 4204 1212 4274 ιλκάνας
1227 4209 1256 4263 Μ
1325 4212 1355 4264 21
1375 4212 1423 4266 καὶ

170 4292 314 4368 βασιλέων
331 4291 423 4348 om?
492 4285 681 4363 ἀνακειμένας
697 4291 809 4359 Βυίκίεε,
826 4287 1001 4363 ἀνακείμενα
1019 4293 1081 4351 libri
1154 4299 1186 4350 24
1201 4297 1254 4352 τοῦ
1270 4289 1309 4364 μὴ
1325 4292 1373 4347 ΡΒ

171 4377 332 4452 ἐρεσχελεῖν
348 4377 411 4433 libri
427 4379 536 4447 praeter
553 4377 584 4431 M
662 4381 693 4433 25
710 4378 740 4436 δὲ
757 4394 808 4433 om.
821 4377 900 4434 UBM
970 4383 1003 4434 2⁶
1020 4377 1086 4437 ἐπεί
1101 4398 1135 4450 γε
1151 4379 1251 4436 ΠΒΡΗ
1303 4384 1334 4432 2¹1
1353 4383 1423 4435 θαυ-

168 4456 288 4534 μάζουσι
309 4460 360 4519 UH
412 4467 444 4517 2⁹
462 4458 521 4520 ἔστι
539 4478 589 4532 pro
608 4456 649 4519 ἔτι
666 4463 697 4518 Μ
714 4479 749 4519 m.
768 4479 808 4534 pr.
860 4468 1035 4535 νασαμῶνας
1051 4464 1078 4519 Η
1135 4468 1168 4519 3⁰
1186 4458 1281 4522 αὐτῶν
1299 4462 1372 4519 UHP

170 4543 274 4616 αύτούς
291 4549 353 4604 libri
371 4555 479 4618 praeter
497 4549 522 4604 Η
627 4554 656 4605 ³1
678 4544 759 4608 αύόὲν
777 4550 828 4606 PM
847 4545 912 4610 σι’·όέ
930 4550 1005 4608 UBH
1083 4552 1269 4624 φροντίζουσι
1287 4548 1338 4604 UH
