3520 5270
682 383 819 442 omlo
837 385 884 442 m.
1362 389 1422 448 101

165 561 228 645 γάρ
259 561 305 636 ὥς
333 579 422 634 τινες
450 555 572 637 ίδοξαν
599 560 658 622 καλ
686 556 784 642 λόγος
813 563 912 646 ἐρρύη
936 569 1091 638 τοιοῦτος
1114 565 1161 639 ὡς
1183 565 1241 644 ἐμὲ
1263 561 1424 645 ἐμποδὼν

165 664 343 746 γενόμενον
364 658 412 744 τῷ
437 663 647 744 συνάγεσθαι
668 660 810 748 βουλήν·
832 665 909 727 όπελ
929 665 986 727 καί
1007 661 1086 727 τόδε
1099 665 1227 750 ἤκουσα
1244 667 1290 742 ὡς
1312 669 1424 730 πάντα

167 762 287 840 ἁπλῶς
308 757 484 845 νομίζουσι
506 764 548 826 τά
571 773 631 850 τῆς
653 765 756 852 ἀρχῆς
778 767 959 849 γίγνεσθαι
980 767 1065 829 κατὰ
1088 769 1148 853 τήν
1176 770 1259 854 ἐμὴν
1280 771 1424 856 γνώμην.

166 869 230 951 ἐγὼ
255 864 291 930 δὲ
313 868 420 930 ἀκεῖνο
441 867 504 947 μίν
527 857 586 929 οἰκ
608 867 824 953 ἀφαιροῦμαι
845 870 903 930 τόν
926 869 1010 946 υίόν,
1031 871 1071 930 τό
1093 864 1198 953 μηδὲν
1220 870 1361 946 ἄκοντος
1383 872 1424 934 ἀν

134 972 255 1051 οόμού
274 978 422 1056 ποιῆσαι
444 975 512 1033 τῶν
533 959 593 1055 ἀφ’
618 967 727 1052 ἐαυτῷ
749 967 834 1056 μηδὲ
864 967 976 1047 άλλως
997 972 1038 1034 ἀν
1060 971 1080 1056 ἡ
1105 965 1348 1052 στοχαζόμενον
1369 976 1427 1038 καλ

169 1081 228 1160 τῆς
256 1076 339 1159 ίμῆς
366 1073 519 1158 γνώμης·
550 1073 662 1153 όμνύω
691 1069 728 1135 δὲ
758 1075 804 1160 μὴ
836 1069 1030 1157 προστάξαι
1057 1070 1288 1158 μηδεπώποτε
1309 1071 1424 1160 μηδέν,

40 1190 154 1244 monn)
170 1174 253 1260 λόγω
270 1172 306 1238 δὲ
321 1183 389 1238 τῶν
403 1181 535 1252 κοινῶν,
550 1176 589 1237 τό
606 1171 643 1237 δὲ
660 1172 899 1257 συμβουλεύειν
915 1179 1046 1260 πατέρα
1064 1177 1144 1238 όντα
1158 1171 1238 1257 (τά)
1250 1177 1424 1258 κρείττονα

168 1277 329 1343 δοκοῦντα
353 1279 615 1363 προστάγματος
637 1277 705 1357 ἔχει
726 1274 832 1356 τάξιν.
880 1280 937 1342 καί
961 1274 1017 1340 διδ
1040 1281 1101 1364 τὴν
1127 1279 1286 1362 ὑποψίαν
1300 1279 1425 1364 ταύτην

168 1384 239 1458 ἀπό
258 1384 380 1467 χρόνον
402 1382 495 1456 τινός
518 1370 596 1442 οὕδδ
618 1385 695 1456 ταῖς
716 1378 857 1461 βουλαῖς
873 1383 1134 1463 παρετύγχανον.
1171 1382 1210 1442 τό
1225 1380 1288 1465 γάρ
1311 1381 1425 1464 άρχειν

122 1493 150 1546 1⁰
172 1475 273 1548 αἰτόν
301 1480 494 1561 ἀξιώσαντα
523 1489 583 1568 τῆς
611 1479 761 1562 πόλεως,
792 1483 839 1559 ὡς
867 1484 981 1546 ίκανόν
1004 1483 1082 1545 όντα
1111 1479 1339 1564 βουλεύεσθαι
1360 1477 1423 1568 ἤδη

167 1588 224 1650 καί
253 1584 392 1650 διοικεῖν
421 1585 463 1646 τά
490 1586 604 1662 κοινά,
632 1581 758 1665 μεταξύ
789 1581 825 1647 δδ
854 1587 939 1669 ἔργῳ
970 1589 1085 1648 ποιεῖν
1114 1581 1255 1670 ἰδιώτην
1281 1585 1338 1648 καί
1366 1591 1427 1670 τῆς

168 1687 325 1767 ἀξοοσίας
339 1695 399 1774 τῆς
413 1687 498 1750 κατά
514 1689 573 1750 τόν
592 1690 696 1769 νόμον
711 1689 834 1773 ἀκυρον
851 1687 927 1750 ούτε
948 1684 1060 1764 άλλως
1078 1689 1227 1763 ἐπιεικὲς
1250 1686 1326 1749 ούτε
1342 1683 1427 1761 ἴσως

169 1785 235 1876 [αδ]
256 1795 330 1868 τοῖς
352 1787 574 1876 τηλικούτοις.

745 2011 896 2018 -----

36 2331 157 2436 πίνου
496 2329 571 2414 ου
591 2327 759 2410 111202
780 2325 1102 2410 Διονύσον.

750 2501 851 2513 ——

255 2620 395 2710 Σφόδρα
424 2618 613 2704 θαυμάζειν
641 2624 792 2702 ἔπεισιν,
822 2621 848 2685 ὦ
877 2619 1013 2708 ἀνδρες,
1043 2620 1079 2685 εἴ
1103 2643 1156 2698 τις
1179 2623 1237 2685 ούκ
1259 2620 1423 2704 ἀποδεχό-
1450 2629 1464 2690 1

124 2737 153 2788 15
173 2729 275 2809 μενός
301 2746 377 2790 τινα
407 2723 484 2788 ούδλ
513 2726 654 2807 ἀγαπῶν
684 2725 804 2788 ἔπειτα
834 2725 983 2800 ἀναστάς
1016 2727 1157 2788 ἐπαινεῖ
1181 2722 1229 2808 τῷ
1259 2721 1345 2809 λόγῳ
1373 2729 1430 2790 καί

170 2830 278 2892 όνίοτε
301 2825 443 2914 διῆλθον
464 2830 630 2909 ἐγκώμιον
657 2830 785 2912 μακρόν
813 2830 871 2892 καλ
899 2825 976 2891 λίαν
1005 2824 1177 2908 ἐπιμελῶς
1207 2830 1428 2910 συγκείμενον.

172 2933 191 2994 ό
212 2932 274 3016 γάρ
296 2938 451 3006 τοιοῦτος
473 2931 663 3010 ἅνθρωπος
680 2930 739 2992 ούκ
753 2931 847 2994 ἔστιν
869 2930 934 3009 ό,τι
957 2937 1025 2992 τῶν
1048 2931 1232 3011 αἰσχίστων
1255 2931 1294 2991 ού
1319 2933 1429 2993 σύνοι-

172 3031 227 3098 δεν
250 3032 357 3117 αύτῷ,
388 3035 540 3120 φθόνον,
568 3034 814 3118 μικροψυχίαν,
845 3035 884 3096 τό
908 3035 1046 3095 πάντων
1074 3033 1231 3112 ἔσχατον,
1262 3028 1428 3095 δουλείαν.

173 3133 304 3220 λέγεται
324 3143 403 3219 γοῦν
434 3136 492 3198 ούκ
520 3136 660 3210 ἀτόπως
686 3136 742 3197 καί
771 3135 865 3220 παρά
895 3138 968 3210 τοῖς
998 3131 1162 3209 παλαιοῖς
1191 3129 1323 3196 ’δούλου
1352 3125 1427 3196 τόδ’

123 3249 155 3300 20
177 3237 302 3315 elnac!
345 3242 426 3324 φέρε
450 3235 500 3323 δή,
523 3244 599 3313 πῶς
620 3231 713 3320 <οάκ>
734 3238 775 3300 ἀν
797 3236 849 3322 εἴη
874 3233 994 3313 δοῦλος
1018 3238 1140 3322 όπρός
1154 3237 1338 3312 τοσούτους
1360 3237 1429 3318 άμα

171 3344 380 3427 ἀνθρώπους
408 3343 504 3425 ἔτερα
533 3338 579 3402 ὧν
603 3343 729 3424 φρονεῖ
746 3341 872 3418 εἰπών,
899 3341 956 3403 καί
977 3347 1082 3402 ταῦτα
1106 3339 1164 3418 οὐχ
1187 3335 1321 3416 ἁπλῶς,
1345 3333 1430 3401 ἀλλά

171 3446 256 3527 μετά
273 3440 456 3530 φροντίδος
469 3444 525 3505 καί
541 3449 765 3527 παρασκευῆς,
781 3443 838 3504 καί
851 3438 1040 3505 κολακεύων
1056 3437 1223 3514 πολλάκις
1239 3441 1429 3523 άνθρωπον

172 3549 229 3611 καί
250 3541 436 3627 θαυμάζων
458 3545 496 3608 δν
520 3545 558 3606 ού
582 3541 694 3630 φιλεῖ,·
721 3548 860 3629 μέτριον
889 3544 951 3628 γάρ
982 3543 1090 3618 ούτως
1118 3544 1240 3606 εἰπεῖν.
1285 3544 1342 3605 καί
1362 3544 1469 3629 μήνλ

173 3653 228 3715 ότι
256 3651 382 3726 πάντες
411 3649 542 3722 πάντας
571 3639 819 3730 ἐγκωμιάζουσι
849 3637 934 3726 παρ’
967 3650 1048 3732 ἡμῖν
1076 3643 1272 3707 ἐπίστασθε
1302 3638 1430 3728 δήπου·

259 3873 448 3956 νγινύμενον
464 3879 539 3938 iiiii*
591 3874 626 3936 τὸ
645 3892 696 3948 pro
714 3879 757 3954 τῷ
774 3876 829 3932 ΒΜ
841 3891 875 3931 m.
888 3890 930 3946 pr.
981 3877 1158 3936 ίέκείνωΤ
1211 3872 1286 3936 ἀκον
1302 3871 1381 3934 ἀνΤ

175 3966 244 4030 'iti
262 3969 292 4028 δὲ
309 3968 383 4037 wii,
400 3966 468 4040 μηδὲ
485 3965 550 4022 libri
640 3963 752 4035 πατέρα
769 3963 860 4034 Eup„
877 3957 989 4036 πότερα
1006 3963 1071 4020 libri
1164 3958 1199 4021 τὰ
1218 3961 1281 4018 εδδ.
1299 3959 1364 4016 wil.

175 4061 190 4113 ⁸
208 4051 227 4130 ἢ
242 4058 385 4114 δοκοῦντα
402 4052 476 4109 UBT
545 4045 604 4124 ἔχει
620 4050 685 4106 wil.
703 4045 779 4124 ἔχειν
796 4048 859 4105 libri
941 4052 958 4104 9
975 4043 1075 4122 ἄρχειν
1093 4047 1209 4116 Baition„
1226 4041 1302 4119 ἔχειν
1318 4043 1382 4100 iibri

177 4138 460 4213 ῑθδὲρτοῆόηΜ
564 4142 592 4193 11
615 4129 765 4212 δι’ἔργυν
788 4133 1052 4192 demvixroeie
1157 4136 1188 4187 12
1206 4124 1305 4198 αύτοῖς
1325 4128 1379 4184 ΒΜ
1397 4119 1434 4186 αδ

173 4235 236 4295 τοῖς
253 4226 311 4296 UT,
328 4235 391 4292 τοῖς
407 4223 505 4296 Ρδαςὶι
590 4216 667 4298 πρὸς
683 4217 818 4295 όιόόορον
835 4220 860 4277 U
877 4236 913 4276 m.
931 4235 974 4290 pr.
1059 4220 1091 4273 iii
1108 4216 1190 4275 λείαν
1206 4215 1237 4272 Μ
1307 4218 1337 4270 li
1356 4213 1432 4287 ἐσχί-

174 4333 252 4372 στυν
269 4313 299 4368 Μ
404 4315 435 4367 18
458 4301 537 4388 αύτῷ
559 4308 614 4364 ΜΤ
716 4297 833 4380 φθόνον
855 4305 933 4371 libri¹
961 4300 1059 4378 φόβον
1080 4302 1155 4361 Θεοί.
1262 4303 1293 4356 iii
1311 4299 1348 4358 οῖ.
1365 4299 1433 4357 Eur.

174 4398 275 4454 Phoen.
295 4400 344 4453 ³95
448 4400 481 4452 20
506 4391 560 4454 οδκ
583 4393 644 4450 εδδ.
663 4393 740 4464 Emp.
843 4385 881 4449 ἀν
898 4381 917 4464 ᾖ
933 4385 1022 4449 uni
1044 4381 1103 4462 ᾔΤ
1206 4391 1237 4443 21
1257 4383 1348 4445 είπιδν
1364 4383 1433 4442 Hor·

174 4483 290 4552 werden,
308 4487 402 4541 πυωῖν
418 4483 481 4540 libri
549 4475 585 4540 οδ
600 4483 734 4553 χαλεπαῖς
751 4477 781 4532 Μ
860 4481 893 4532 24
910 4472 1022 4541 πάντας
1037 4475 1174 4542 Roianus,
1192 4469 1287 4533 πάντα
1304 4470 1366 4528 libri

173 4561 281 4638 δμῖνΤ
