3466 5268
656 296 922 356 σαινιοκωυ.
1374 295 1415 380 ει

164 468 248 534 ἀλλά
269 474 314 559 με)
332 468 485 534 δαπανᾶν
499 474 561 552 μὲν
576 469 613 550 ἐξ
628 469 749 555 ὀλίγων
765 469 996 557 ὑπαρχόντων,
1019 469 1246 552 ἀσχολεῖσθαι
1262 469 1298 534 ύύ
1314 473 1413 552 ἀσχο·
1426 473 1467 537 23

165 571 239 650 λίας
265 570 467 660 ἀνωφελεῖς,
502 575 541 636 τύ
572 571 606 638 ἀὲ
641 582 753 657 σῶμα,
792 576 984 664 θεραπείας
1016 568 1175 655 ύεόμενον
1203 576 1260 639 καί
1288 572 1417 662 πολλῆς

165 685 345 762 προσοχῆς,
368 677 615 762 καταφθείρειν
631 675 829 758 ἀμελοῦντα,
851 673 910 763 τὴν
927 674 962 740 ἀὲ
986 673 1095 763 ψυχὴν
1117 685 1280 742 τοσοῦτον
1293 670 1416 762 χρόνον

165 779 223 841 ίάν
244 771 441 861 (ἄγευστον)
464 775 675 866 φιλοσοφίας
703 782 760 848 καί
787 787 854 844 τῶν
883 782 1047 842 τοιούτων
1068 779 1300 864 μαθημάτων,
1329 781 1418 862 πρὸς

130 876 203 944 5άὲ
232 883 290 943 τὸν
320 877 412 945 ύεῑνα
441 876 662 958 ἐξετάζεσθαι
691 883 710 968 ἢ
741 885 800 944 τὸν
830 878 923 945 άεῖνα
945 883 1131 958 καλκανιύς
1153 882 1287 945 ἀκούειν
1309 881 1418 944 ἐνίοτε

30 983 218 1050 (πανικοί
234 978 430 1045 δάκνεσθαι.
468 985 555 1066 πρὸς
577 985 670 1046 θεῶν
693 985 713 1046 ἀ
734 991 839 1050 ταῦτα
862 985 947 1069 ὑπὲρ
963 985 1048 1065 ἐμοῦ
1062 978 1251 1069 φροντίζων
1265 985 1322 1054 καί
1344 979 1416 1046 ύια-

164 1081 340 1166 λεγόμενος
364 1086 421 1164 ούχ
445 1083 542 1160 ούτύς
564 1087 657 1150 ἐστιν
680 1087 878 1172 ἀνθρώπων
907 1089 1068 1152 ἁπάντων
1098 1086 1320 1160 εὐνούστατος
1342 1085 1419 1165 ἐμοί

162 1186 218 1248 καί
245 1182 394 1266 μάλιστα
423 1189 491 1250 ὑπὸ
519 1190 603 1267 ἐμοῦ
631 1186 815 1276 φιλεῖσθαι
844 1187 992 1264 ἀίκαιος,·
1125 1191 1205 1253 ὅταν
1236 1185 1271 1251 ἀὲ
1305 1188 1416 1254 ἀκούω
1523 1175 1528 1182 ’

165 1285 271 1371 λέγειν
285 1289 361 1352 τινά
377 1290 424 1364 ὡς
438 1292 519 1374 περί
532 1293 704 1375 τυράννου,
729 1288 924 1377 παράδοξον
939 1293 1015 1372 ἐμοί
1031 1291 1191 1378 φαίνεται
1205 1292 1262 1356 καί
1276 1287 1416 1372 γελοῖον.

116 1401 145 1454 1⁰
165 1390 230 1472 ἀχὼ
253 1390 315 1474 γάρ
330 1391 520 1472 ἐπίσταμαι
534 1399 601 1458 τῶν
616 1397 786 1478 τυράννων
805 1396 883 1482 ίρχα
899 1400 1051 1471 τοιαῦτα,
1072 1395 1241 1479 μοιχεύειν
1256 1396 1414 1475 γυναῖκας
1425 1391 1467 1453 24

165 1488 345 1577 ἀλλοτρίας
364 1495 421 1560 καί
436 1491 655 1580 διαφθείρειν
670 1494 808 1582 παῖδας,
831 1496 1040 1583 ἀνθρώπους
1054 1492 1257 1582 ἐλευθέρους
1279 1496 1418 1557 τύπτειν

163 1589 255 1674 <καί>
276 1589 471 1671 αἰκίζεσθαι
501 1599 638 1660 πάντων
668 1599 839 1685 ἀράντων,
867 1601 947 1676 τούς
975 1596 1011 1662 ἀὲ
1033 1601 1090 1664 καί
1119 1594 1315 1681 στρεβλοῦν,
1345 1594 1418 1658 οἷον

55 1710 107 1760 (σεο
117 1710 150 1764 Ι)
164 1697 213 1773 είς
228 1692 344 1774 ζέοντα
362 1695 483 1784 λέβητα
500 1701 695 1778 καθιέντας,
719 1699 841 1780 ἀλλους
864 1698 899 1765 ἀὲ
922 1709 1227 1778 καταπιττοῦντας·
1252 1697 1298 1762 ὧν
1321 1693 1418 1762 ούάὲν

164 1800 228 1881 ἀχά
252 1807 362 1863 ποιῶ·
386 1805 503 1886 ἑτέραν
526 1800 562 1865 ἀὲ
588 1809 726 1885 γυναῖκα
742 1808 903 1890 τύραννον
917 1807 1114 1887 Σεμίραμιν,
1137 1806 1191 1866 ύτε
1206 1802 1417 1888 πρεσβυτέρα

115 1911 145 1963 ιύ
166 1903 225 1987 την
247 1898 378 1985 ἠλικίαν
402 1903 486 1966 ούσα
508 1906 565 1968 καί
585 1904 713 1986 μάχλος
734 1903 895 1993 ἠνάγκαζε
925 1907 1167 1992 συχχίχνεσθαί
1187 1925 1282 1980 τινας
1304 1908 1417 1990 ἑαυτῇ.

163 2009 230 2069 τῶν
258 2000 294 2066 d&
324 2008 494 2089 τυράννων
516 2010 574 2072 ἕνα
605 2010 729 2094 ἀκήκοα
759 2017 863 2074 ταῦτα
894 2017 1077 2085 ποιοῦντα,
1108 2007 1301 2092 πρεσβύτην
1330 2006 1418 2089 θρα·

165 2108 233 2169 σύν.
284 2105 330 2170 ἀν
352 2107 387 2172 τί
409 2110 496 2192 πρὸς
524 2111 585 2191 ἐμέ
613 2113 724 2186 ἐστιν,·
752 2112 771 2198 η
802 2113 856 2176 άτι
885 2113 945 2202 την
975 2111 1084 2177 οίκίαν
1112 2105 1281 2190 οίκούομῶ
1311 2104 1414 2172 πολε·
1428 2105 1470 2168 25

161 2207 282 2286 τελῶς,·
311 2201 386 2271 ἀλλ’
412 2211 470 2272 ούκ
492 2213 536 2273 ἀῶ
561 2212 721 2289 πίπτειν,·
747 2215 767 2299 ἠ
792 2216 845 2282 ὅτι
867 2216 1048 2300 πορφύραν
1078 2213 1180 2288 αύτύς
1202 2211 1414 2296 ημφίεσμαι;

70 2299 71 2304 ’
162 2303 238 2375 ἀλλ’
264 2312 302 2374 σύ
326 2309 455 2398 φαῦλον
476 2315 657 2401 τριβώνιον
664 2338 676 2392 ,·
704 2309 780 2379 ἀλλ’
805 2319 860 2379 ύτι
879 2323 971 2398 κομῶ
995 2317 1051 2380 καί
1071 2321 1183 2398 χένεια
1206 2315 1291 2394 ύχω;
1313 2318 1413 2376 τοῦτο

112 2431 143 2492 χ)
164 2404 195 2476 δ’
221 2412 304 2490 ἴσως
326 2415 364 2476 ού
386 2421 581 2500 τυραννικόν
603 2420 706 2496 ἐστιν,
728 2415 814 2482 ἀλλὰ
835 2416 1021 2499 βασιλικόν.
1061 2419 1126 2504 ίφη
1144 2409 1178 2482 (λ’
1205 2415 1263 2482 οὖν
1287 2435 1340 2492 τίς
1362 2415 1418 2478 ὅτι

159 2517 216 2578 καί
237 2517 275 2578 τύ
297 2524 406 2594 κακῶς
428 2519 560 2582 ἀκούειν
582 2517 692 2596 καλῶς
714 2529 880 2586 ποιοῦντα
902 2523 1080 2585 καὶτοῦτο
1114 2516 1290 2604 βασιλικόν
1312 2519 1415 2583 ἐστιν.

686 2843 886 2852 ---ι

27 3217 146 3272 (τετυ)
357 3195 429 3276 (31)
461 3192 770 3277 ΠΟΛΙΤΙΚΟΣ
803 3195 875 3278 EN
901 3193 1236 3280 ΕΚΚΑΗΣΙΑΙ.

249 3485 395 3568 Πρῶτον
409 3488 479 3564 μέν,
503 3485 676 3572 ὦάνύρες,
700 3486 748 3571 τῷ
770 3489 937 3571 κρατίστῳ
964 3485 1127 3572 Ούαρηνῴ
1152 3484 1207 3550 ἀεῖ
1214 3491 1313 3572 χάριν
1328 3493 1417 3575 ημάς
1442 3490 1457 3551 1

166 3584 294 3650 είάέναι
315 3588 371 3649 καί
394 3583 450 3650 άιά
474 3592 532 3674 τὴν
555 3586 659 3674 ἀλλην
682 3590 898 3675 προθυμίαν,
925 3591 965 3674 ἢν
992 3587 1221 3652 ἐπιδέδεικται
1252 3591 1339 3671 πρὸς
1361 3592 1421 3675 τήν

166 3687 278 3767 πόλιν,
299 3690 356 3752 καί
377 3692 431 3752 ύτι
445 3688 664 3772 βουλομένοις
678 3695 758 3777 ἡμῖν
773 3689 992 3778 ἐκκλησιάσαι
1008 3688 1111 3754 πάλιν
1127 3693 1249 3778 ἀφῆκεν
1265 3692 1303 3752 ού
1318 3694 1422 3771 μόνον

117 3815 147 3866 25
169 3792 323 3872 ἑτοίμως,
339 3787 424 3853 ἀλλά
439 3796 495 3856 καί
505 3791 621 3876 ηύίως.
644 3801 744 3858 τοῦτο
756 3794 819 3878 χάρ
834 3791 875 3880 ἦν
886 3795 1107 3869 πιστεύοντος
1122 3795 1199 3873 ύμῖν
1215 3795 1271 3856 καί
1288 3790 1421 3870 είύότος

461 3953 556 3960 ...ο-...ι-
560 3955 594 3960 -
598 3955 644 3962 --
660 3955 909 3961 --——-—-.----—

250 4039 425 4116 λάχενστον
442 4042 503 4097 add.
522 4042 637 4112 Reink03
657 4047 715 4102 τῶν
732 4047 789 4116 φιλ
806 4043 869 4101 libri
976 4046 992 4095 5
1010 4045 1059 4099 καί
1076 4058 1126 4114 pro
1144 4039 1162 4115 ἢ
1181 4042 1228 4098 ΠΤ
1339 4047 1355 4099 6
1372 4048 1421 4103 καί

166 4122 241 4201 πρὸς
258 4126 307 4184 ΠΤ
395 4133 423 4183 ¹1
444 4129 654 4201 ἀαφθείρηνΒ
743 4132 773 4184 12
791 4131 840 4184 καί
856 4126 916 4185 ad&
935 4125 1036 4184 Reinke
1128 4132 1159 4184 1³
1176 4133 1423 4196 καταπιττοῦντας

165 4212 240 4280 ΠΗ,
256 4217 451 4275 καταπιττοῦν
468 4212 531 4268 libri
601 4219 632 4268 15
650 4213 838 4287 αυγγίνεσθαί
855 4211 927 4270 ΠΒΤ
1009 4209 1155 4285 ἀναυτῆΠ
1230 4219 1261 4270 16
1279 4211 1329 4274 ἕνα
1348 4215 1423 4282 wil„

166 4297 202 4352 τά
219 4298 356 4354 Tiberium
373 4297 508 4365 referens,
532 4290 633 4358 ούύίνα
651 4298 711 4360 libri
808 4301 841 4354 20
859 4293 913 4370 ἔφη
931 4289 957 4354 δ’
977 4287 1030 4355 οὖν
1047 4317 1102 4364 uc:
1125 4297 1184 4355 ιάλ
1202 4299 1378 4356 Antisthenen
1394 4299 1424 4356 in

168 4383 238 4451 Cyro
256 4383 292 4441 cf.
310 4384 401 4454 Epict.
419 4383 491 4440 Dina.
509 4383 557 4452 IV,
576 4389 592 4438 6
645 4388 675 4439 21
696 4387 851 4452 ποιοῦντας
867 4383 938 4449 libri,
956 4398 1028 4441 corr.
1046 4383 1181 4454 Πριαμίσι
1246 4388 1278 4444 22
1296 4376 1423 4460 ούαρίνφ

168 4466 217 4523 ΠΤ
234 4460 365 4545 οάαρήνφ
382 4469 436 4524 ΒΜ
504 4473 537 4524 24
554 4460 664 4540 ἀφῆκεν
681 4469 704 4525 Β
