<?xml version="1.0" encoding="UTF-8"?>
<!DOCTYPE html PUBLIC "-//W3C//DTD XHTML 1.0 Transitional//EN"
    "http://www.w3.org/TR/xhtml1/DTD/xhtml1-transitional.dtd">
<html xmlns="http://www.w3.org/1999/xhtml" xml:lang="en" lang="en">
 <head>
  <title>
</title>
<meta http-equiv="Content-Type" content="text/html;charset=utf-8" />
  <meta name='ocr-system' content='tesseract 3.04.00' />
  <meta name='ocr-capabilities' content='ocr_page ocr_carea ocr_par ocr_line ocrx_word'/>
</head>
<body>
  <div class='ocr_page' id='page_1' title='image "./quaeexstantomni01diogoog_0156.png"; bbox 0 0 3466 5268; ppageno 0'>
   <div class='ocr_carea' id='block_1_1' title="bbox 633 368 1381 430">
    <p class='ocr_par' dir='ltr' id='par_1_1' title="bbox 633 368 1381 430">
     <span class='ocr_line' id='line_1_1' title="bbox 633 368 1381 430; baseline 0.009 -7"><span class='ocrx_word' id='word_1_1' title='bbox 633 368 769 425; x_wconf 77' lang='lat' dir='ltr'><strong>ORATIO</strong></span> <span class='ocrx_word' id='word_1_2' title='bbox 786 368 885 426; x_wconf 78' lang='lat' dir='ltr'>XLVI.</span> <span class='ocrx_word' id='word_1_3' title='bbox 1341 369 1381 430; x_wconf 81' lang='lat'><strong><em>79</em></strong></span> 
     </span>
    </p>
   </div>
   <div class='ocr_carea' id='block_1_2' title="bbox 5 537 1435 2984">
    <p class='ocr_par' dir='ltr' id='par_1_2' title="bbox 5 537 1435 2984">
     <span class='ocr_line' id='line_1_2' title="bbox 5 537 1381 631; baseline 0.008 -31"><span class='ocrx_word' id='word_1_4' title='bbox 5 557 29 601; x_wconf 84' lang='grc' dir='ltr'><strong><em>ιν</em></strong></span> <span class='ocrx_word' id='word_1_5' title='bbox 42 555 66 599; x_wconf 76' lang='grc' dir='ltr'><strong><em>ιι</em></strong></span> <span class='ocrx_word' id='word_1_6' title='bbox 83 554 116 609; x_wconf 85' lang='lat'><strong><em>11)</em></strong></span> <span class='ocrx_word' id='word_1_7' title='bbox 130 548 255 606; x_wconf 87' lang='grc' dir='ltr'><strong><em>ποιεῖν.</em></strong></span> <span class='ocrx_word' id='word_1_8' title='bbox 291 547 310 626; x_wconf 79' lang='grc' dir='ltr'><strong><em>η</em></strong></span> <span class='ocrx_word' id='word_1_9' title='bbox 332 544 394 628; x_wconf 90' lang='grc' dir='ltr'><strong><em>γάρ</em></strong></span> <span class='ocrx_word' id='word_1_10' title='bbox 410 546 488 628; x_wconf 74' lang='grc' dir='ltr'><strong><em>τιμὴ</em></strong></span> <span class='ocrx_word' id='word_1_11' title='bbox 506 551 567 606; x_wconf 84' lang='grc' dir='ltr'><strong><em>τοῦ</em></strong></span> <span class='ocrx_word' id='word_1_12' title='bbox 583 546 677 606; x_wconf 83' lang='grc' dir='ltr'><strong><em>σίτου</em></strong></span> <span class='ocrx_word' id='word_1_13' title='bbox 694 553 752 630; x_wconf 80' lang='grc' dir='ltr'><strong><em>της</em></strong></span> <span class='ocrx_word' id='word_1_14' title='bbox 767 548 829 625; x_wconf 85' lang='grc' dir='ltr'><strong><em>μὲν</em></strong></span> <span class='ocrx_word' id='word_1_15' title='bbox 845 547 1029 630; x_wconf 74' lang='grc' dir='ltr'><strong><em>συνηθείας</em></strong></span> <span class='ocrx_word' id='word_1_16' title='bbox 1045 537 1130 627; x_wconf 83' lang='grc' dir='ltr'><strong><em>παρ’</em></strong></span> <span class='ocrx_word' id='word_1_17' title='bbox 1155 551 1234 631; x_wconf 73' lang='grc' dir='ltr'><strong><em>ἡμῖν</em></strong></span> <span class='ocrx_word' id='word_1_18' title='bbox 1254 544 1381 611; x_wconf 78' lang='grc' dir='ltr'><strong><em>πλείων</em></strong></span> 
     </span>
     <span class='ocr_line' id='line_1_3' title="bbox 123 639 1380 732; baseline 0.003 -26"><span class='ocrx_word' id='word_1_19' title='bbox 123 649 268 727; x_wconf 86' lang='grc' dir='ltr'><strong><em>γέγονεν,</em></strong></span> <span class='ocrx_word' id='word_1_20' title='bbox 292 647 329 706; x_wconf 92' lang='grc' dir='ltr'><strong><em>ού</em></strong></span> <span class='ocrx_word' id='word_1_21' title='bbox 352 647 417 732; x_wconf 76' lang='grc' dir='ltr'><strong><em>μην</em></strong></span> <span class='ocrx_word' id='word_1_22' title='bbox 442 647 530 708; x_wconf 84' lang='grc' dir='ltr'><strong><em>ὥστε</em></strong></span> <span class='ocrx_word' id='word_1_23' title='bbox 552 647 724 709; x_wconf 78' lang='grc' dir='ltr'><em>ἀπειπεῖν.</em></span> <span class='ocrx_word' id='word_1_24' title='bbox 768 639 844 709; x_wconf 86' lang='grc' dir='ltr'><strong><em>ἀλλ’</em></strong></span> <span class='ocrx_word' id='word_1_25' title='bbox 871 650 939 710; x_wconf 83' lang='grc' dir='ltr'><strong><em>είσί</em></strong></span> <span class='ocrx_word' id='word_1_26' title='bbox 963 645 1091 725; x_wconf 88' lang='grc' dir='ltr'><strong><em>πόλεις,</em></strong></span> <span class='ocrx_word' id='word_1_27' title='bbox 1114 651 1149 710; x_wconf 86' lang='grc' dir='ltr'><strong><em>έν</em></strong></span> <span class='ocrx_word' id='word_1_28' title='bbox 1174 649 1228 724; x_wconf 85' lang='grc' dir='ltr'><strong><em>αίς</em></strong></span> <span class='ocrx_word' id='word_1_29' title='bbox 1250 651 1304 712; x_wconf 80' lang='grc' dir='ltr'><strong><em>ἀεῖ</em></strong></span> <span class='ocrx_word' id='word_1_30' title='bbox 1325 669 1380 712; x_wconf 90' lang='grc' dir='ltr'><strong><em>το-</em></strong></span> 
     </span>
     <span class='ocr_line' id='line_1_4' title="bbox 125 747 1383 834; baseline 0.003 -26"><span class='ocrx_word' id='word_1_31' title='bbox 125 750 248 810; x_wconf 90' lang='grc' dir='ltr'><strong><em>σούτου</em></strong></span> <span class='ocrx_word' id='word_1_32' title='bbox 270 749 373 825; x_wconf 77' lang='grc' dir='ltr'><strong><em>ἐστίν,</em></strong></span> <span class='ocrx_word' id='word_1_33' title='bbox 397 751 477 810; x_wconf 89' lang='grc' dir='ltr'><strong><em>όταν</em></strong></span> <span class='ocrx_word' id='word_1_34' title='bbox 500 749 623 832; x_wconf 84' lang='grc' dir='ltr'><strong><em>ἀριστα</em></strong></span> <span class='ocrx_word' id='word_1_35' title='bbox 639 751 705 832; x_wconf 83' lang='grc' dir='ltr'><strong><em>ἔχη.</em></strong></span> <span class='ocrx_word' id='word_1_36' title='bbox 753 747 858 812; x_wconf 88' lang='grc' dir='ltr'><strong><em>πάλιν</em></strong></span> <span class='ocrx_word' id='word_1_37' title='bbox 882 750 925 812; x_wconf 85' lang='grc' dir='ltr'><strong><em>αδ</em></strong></span> <span class='ocrx_word' id='word_1_38' title='bbox 945 751 1135 834; x_wconf 73' lang='grc' dir='ltr'><strong><em>θορυβεῖτε,</em></strong></span> <span class='ocrx_word' id='word_1_39' title='bbox 1161 753 1275 833; x_wconf 85' lang='grc' dir='ltr'><strong><em>ὥσπερ</em></strong></span> <span class='ocrx_word' id='word_1_40' title='bbox 1298 753 1383 832; x_wconf 84' lang='grc' dir='ltr'><strong><em>έμού</em></strong></span> 
     </span>
     <span class='ocr_line' id='line_1_5' title="bbox 126 841 1382 938; baseline 0.002 -26"><span class='ocrx_word' id='word_1_41' title='bbox 126 846 281 931; x_wconf 88' lang='grc' dir='ltr'><strong><em>λέγοντος</em></strong></span> <span class='ocrx_word' id='word_1_42' title='bbox 309 853 361 912; x_wconf 89' lang='grc' dir='ltr'><strong><em>ότι</em></strong></span> <span class='ocrx_word' id='word_1_43' title='bbox 388 851 445 912; x_wconf 88' lang='grc' dir='ltr'><strong><em>καί</em></strong></span> <span class='ocrx_word' id='word_1_44' title='bbox 475 841 560 934; x_wconf 79' lang='grc' dir='ltr'><strong><em>παρ’</em></strong></span> <span class='ocrx_word' id='word_1_45' title='bbox 592 853 670 930; x_wconf 90' lang='grc' dir='ltr'><strong><em>ύμῖν</em></strong></span> <span class='ocrx_word' id='word_1_46' title='bbox 700 853 800 914; x_wconf 89' lang='grc' dir='ltr'><strong><em>αύτδν</em></strong></span> <span class='ocrx_word' id='word_1_47' title='bbox 830 855 993 914; x_wconf 82' lang='grc' dir='ltr'><strong><em>τοσούτου</em></strong></span> <span class='ocrx_word' id='word_1_48' title='bbox 1024 854 1188 938; x_wconf 78' lang='grc' dir='ltr'><strong><em>προσήκει</em></strong></span> <span class='ocrx_word' id='word_1_49' title='bbox 1216 851 1382 915; x_wconf 81' lang='grc' dir='ltr'><strong><em>εἶναικαὶ</em></strong></span> 
     </span>
     <span class='ocr_line' id='line_1_6' title="bbox 90 950 1381 1040; baseline 0.001 -25"><span class='ocrx_word' id='word_1_50' title='bbox 90 950 299 1039; x_wconf 69' lang='grc' dir='ltr'><strong><em>ύμηδέποτε</em></strong></span> <span class='ocrx_word' id='word_1_51' title='bbox 329 957 477 1040; x_wconf 70' lang='grc' dir='ltr'><strong><em>ἥττονος.</em></strong></span> <span class='ocrx_word' id='word_1_52' title='bbox 527 955 591 1037; x_wconf 77' lang='grc' dir='ltr'><strong><em>ἐγὼ</em></strong></span> <span class='ocrx_word' id='word_1_53' title='bbox 622 951 659 1018; x_wconf 90' lang='grc' dir='ltr'><strong><em>δέ</em></strong></span> <span class='ocrx_word' id='word_1_54' title='bbox 682 976 771 1040; x_wconf 80' lang='grc' dir='ltr'><strong><em>φημι</em></strong></span> <span class='ocrx_word' id='word_1_55' title='bbox 793 953 863 1018; x_wconf 88' lang='grc' dir='ltr'><strong><em>δεῖν</em></strong></span> <span class='ocrx_word' id='word_1_56' title='bbox 886 960 1065 1039; x_wconf 77' lang='grc' dir='ltr'><strong><em>προσέχειν</em></strong></span> <span class='ocrx_word' id='word_1_57' title='bbox 1086 957 1147 1034; x_wconf 79' lang='grc' dir='ltr'><strong><em>μὲν</em></strong></span> <span class='ocrx_word' id='word_1_58' title='bbox 1169 958 1265 1030; x_wconf 88' lang='grc' dir='ltr'><strong><em>όπισς</em></strong></span> <span class='ocrx_word' id='word_1_59' title='bbox 1286 951 1381 1016; x_wconf 81' lang='grc' dir='ltr'><strong><em>ἐλάτ-</em></strong></span> 
     </span>
     <span class='ocr_line' id='line_1_7' title="bbox 123 1055 1382 1142; baseline 0.002 -26"><span class='ocrx_word' id='word_1_60' title='bbox 123 1075 223 1131; x_wconf 88' lang='grc' dir='ltr'><strong><em>τονος</em></strong></span> <span class='ocrx_word' id='word_1_61' title='bbox 246 1057 359 1133; x_wconf 81' lang='grc' dir='ltr'><strong><em>ἔσται,</em></strong></span> <span class='ocrx_word' id='word_1_62' title='bbox 389 1059 433 1142; x_wconf 77' lang='grc' dir='ltr'><strong><em>με)</em></strong></span> <span class='ocrx_word' id='word_1_63' title='bbox 464 1061 581 1136; x_wconf 86' lang='grc' dir='ltr'><strong><em>μέντοι</em></strong></span> <span class='ocrx_word' id='word_1_64' title='bbox 605 1064 736 1140; x_wconf 81' lang='grc' dir='ltr'><strong><em>πικρῶς</em></strong></span> <span class='ocrx_word' id='word_1_65' title='bbox 766 1059 873 1133; x_wconf 85' lang='grc' dir='ltr'><strong><em>οὕτως</em></strong></span> <span class='ocrx_word' id='word_1_66' title='bbox 896 1059 982 1137; x_wconf 84' lang='grc' dir='ltr'><strong><em>όχειν</em></strong></span> <span class='ocrx_word' id='word_1_67' title='bbox 1005 1059 1064 1120; x_wconf 83' lang='grc' dir='ltr'><strong><em>έπί</em></strong></span> <span class='ocrx_word' id='word_1_68' title='bbox 1086 1055 1133 1139; x_wconf 79' lang='grc' dir='ltr'><strong><em>τῴ</em></strong></span> <span class='ocrx_word' id='word_1_69' title='bbox 1159 1057 1382 1141; x_wconf 76' lang='grc' dir='ltr'><strong><em>συμβεβηκότι</em></strong></span> 
     </span>
     <span class='ocr_line' id='line_1_8' title="bbox 121 1155 1382 1243; baseline 0.001 -24"><span class='ocrx_word' id='word_1_70' title='bbox 121 1155 208 1243; x_wconf 81' lang='grc' dir='ltr'><strong><em>μηδὲ</em></strong></span> <span class='ocrx_word' id='word_1_71' title='bbox 237 1155 428 1234; x_wconf 73' lang='grc' dir='ltr'><strong><em>ἐξεστάναι·</em></strong></span> <span class='ocrx_word' id='word_1_72' title='bbox 460 1160 506 1233; x_wconf 84' lang='grc' dir='ltr'><strong><em>ὡς</em></strong></span> <span class='ocrx_word' id='word_1_73' title='bbox 528 1161 570 1220; x_wconf 91' lang='grc' dir='ltr'><strong><em>τά</em></strong></span> <span class='ocrx_word' id='word_1_74' title='bbox 596 1177 632 1240; x_wconf 89' lang='grc' dir='ltr'><strong><em>γε</em></strong></span> <span class='ocrx_word' id='word_1_75' title='bbox 661 1163 821 1241; x_wconf 87' lang='grc' dir='ltr'><strong><em>γενόμενα</em></strong></span> <span class='ocrx_word' id='word_1_76' title='bbox 845 1167 901 1222; x_wconf 88' lang='grc' dir='ltr'><strong><em>νύν</em></strong></span> <span class='ocrx_word' id='word_1_77' title='bbox 925 1161 997 1240; x_wconf 83' lang='grc' dir='ltr'><strong><em>ούχί</em></strong></span> <span class='ocrx_word' id='word_1_78' title='bbox 1019 1162 1159 1222; x_wconf 84' lang='grc' dir='ltr'><strong><em>τοιαύτά</em></strong></span> <span class='ocrx_word' id='word_1_79' title='bbox 1183 1161 1295 1236; x_wconf 81' lang='grc' dir='ltr'><strong><em>ἐστιν,</em></strong></span> <span class='ocrx_word' id='word_1_80' title='bbox 1327 1158 1382 1221; x_wconf 85' lang='grc' dir='ltr'><strong><em>οία</em></strong></span> 
     </span>
     <span class='ocr_line' id='line_1_9' title="bbox 123 1253 1382 1343; baseline -0.001 -20"><span class='ocrx_word' id='word_1_81' title='bbox 123 1263 183 1323; x_wconf 89' lang='grc' dir='ltr'><strong><em>έπί</em></strong></span> <span class='ocrx_word' id='word_1_82' title='bbox 205 1264 349 1343; x_wconf 80' lang='grc' dir='ltr'><strong><em>τοιούτῳ</em></strong></span> <span class='ocrx_word' id='word_1_83' title='bbox 375 1265 564 1343; x_wconf 76' lang='grc' dir='ltr'><strong><em>πράγματι,</em></strong></span> <span class='ocrx_word' id='word_1_84' title='bbox 594 1253 671 1322; x_wconf 82' lang='grc' dir='ltr'><strong><em>ἀλλ’</em></strong></span> <span class='ocrx_word' id='word_1_85' title='bbox 698 1265 729 1324; x_wconf 86' lang='grc' dir='ltr'><strong><em>εί</em></strong></span> <span class='ocrx_word' id='word_1_86' title='bbox 758 1263 799 1324; x_wconf 88' lang='grc' dir='ltr'><strong><em>τά</em></strong></span> <span class='ocrx_word' id='word_1_87' title='bbox 822 1267 920 1325; x_wconf 90' lang='grc' dir='ltr'><strong><em>τέκνα</em></strong></span> <span class='ocrx_word' id='word_1_88' title='bbox 942 1264 1035 1343; x_wconf 82' lang='grc' dir='ltr'><strong><em>ὑμῶν</em></strong></span> <span class='ocrx_word' id='word_1_89' title='bbox 1063 1264 1119 1324; x_wconf 88' lang='grc' dir='ltr'><strong><em>καί</em></strong></span> <span class='ocrx_word' id='word_1_90' title='bbox 1142 1262 1203 1336; x_wconf 87' lang='grc' dir='ltr'><strong><em>τάς</em></strong></span> <span class='ocrx_word' id='word_1_91' title='bbox 1224 1265 1382 1343; x_wconf 88' lang='grc' dir='ltr'><strong><em>γυναῖκας</em></strong></span> 
     </span>
     <span class='ocr_line' id='line_1_10' title="bbox 126 1359 1430 1450; baseline 0 -26"><span class='ocrx_word' id='word_1_92' title='bbox 126 1365 362 1449; x_wconf 73' lang='grc' dir='ltr'><strong><em>ἀνῃρήκειμεν,</em></strong></span> <span class='ocrx_word' id='word_1_93' title='bbox 399 1360 495 1427; x_wconf 79' lang='grc' dir='ltr'><strong><em>ούδδν</em></strong></span> <span class='ocrx_word' id='word_1_94' title='bbox 525 1359 603 1446; x_wconf 83' lang='grc' dir='ltr'><strong><em>(ἀν)</em></strong></span> <span class='ocrx_word' id='word_1_95' title='bbox 631 1363 736 1445; x_wconf 87' lang='grc' dir='ltr'><strong><em>εἴχετε</em></strong></span> <span class='ocrx_word' id='word_1_96' title='bbox 767 1373 912 1450; x_wconf 82' lang='grc' dir='ltr'><strong><em>ποιῆσαι</em></strong></span> <span class='ocrx_word' id='word_1_97' title='bbox 937 1361 1185 1444; x_wconf 84' lang='grc' dir='ltr'><strong><em>χαλεπώτερον.</em></strong></span> <span class='ocrx_word' id='word_1_98' title='bbox 1244 1365 1283 1424; x_wconf 88' lang='grc' dir='ltr'><strong><em>τδ</em></strong></span> <span class='ocrx_word' id='word_1_99' title='bbox 1316 1363 1430 1446; x_wconf 80' lang='grc' dir='ltr'><strong><em>γύρ11</em></strong></span> 
     </span>
     <span class='ocr_line' id='line_1_11' title="bbox 78 1462 1383 1552; baseline -0.001 -25"><span class='ocrx_word' id='word_1_100' title='bbox 78 1468 107 1519; x_wconf 84' lang='lat'><strong><em>¹⁰</em></strong></span> <span class='ocrx_word' id='word_1_101' title='bbox 128 1462 290 1541; x_wconf 79' lang='grc' dir='ltr'><strong><em>πολίταις</em></strong></span> <span class='ocrx_word' id='word_1_102' title='bbox 312 1471 439 1528; x_wconf 77' lang='grc' dir='ltr'><strong><em>ἑαυτῶν</em></strong></span> <span class='ocrx_word' id='word_1_103' title='bbox 463 1462 697 1552; x_wconf 80' lang='grc' dir='ltr'><strong><em>ὀργιζομένους</em></strong></span> <span class='ocrx_word' id='word_1_104' title='bbox 718 1469 761 1546; x_wconf 89' lang='grc' dir='ltr'><strong><em>(εί</em></strong></span> <span class='ocrx_word' id='word_1_105' title='bbox 781 1470 842 1547; x_wconf 83' lang='grc' dir='ltr'><strong><em>μέν</em></strong></span> <span class='ocrx_word' id='word_1_106' title='bbox 857 1463 1015 1552; x_wconf 85' lang='grc' dir='ltr'><strong><em>ἀδίκωςῆ</em></strong></span> <span class='ocrx_word' id='word_1_107' title='bbox 1034 1463 1183 1544; x_wconf 77' lang='grc' dir='ltr'><strong><em>δικαίως,</em></strong></span> <span class='ocrx_word' id='word_1_108' title='bbox 1205 1464 1262 1537; x_wconf 81' lang='grc' dir='ltr'><strong><em>ἐῶ)</em></strong></span> <span class='ocrx_word' id='word_1_109' title='bbox 1285 1462 1383 1527; x_wconf 92' lang='grc' dir='ltr'><strong><em>πολί-</em></strong></span> 
     </span>
     <span class='ocr_line' id='line_1_12' title="bbox 125 1556 1383 1654; baseline 0.002 -26"><span class='ocrx_word' id='word_1_110' title='bbox 125 1588 203 1642; x_wconf 87' lang='grc' dir='ltr'><strong><em>ταις</em></strong></span> <span class='ocrx_word' id='word_1_111' title='bbox 226 1556 258 1629; x_wconf 78' lang='grc' dir='ltr'><strong><em>δ’</em></strong></span> <span class='ocrx_word' id='word_1_112' title='bbox 286 1567 344 1630; x_wconf 85' lang='grc' dir='ltr'><strong><em>σύν</em></strong></span> <span class='ocrx_word' id='word_1_113' title='bbox 364 1569 421 1630; x_wconf 87' lang='grc' dir='ltr'><strong><em>καί</em></strong></span> <span class='ocrx_word' id='word_1_114' title='bbox 443 1571 578 1644; x_wconf 84' lang='grc' dir='ltr'><strong><em>τούτοις</em></strong></span> <span class='ocrx_word' id='word_1_115' title='bbox 600 1570 776 1649; x_wconf 78' lang='grc' dir='ltr'><strong><em>ἐπιτίμοις</em></strong></span> <span class='ocrx_word' id='word_1_116' title='bbox 797 1571 854 1632; x_wconf 86' lang='grc' dir='ltr'><strong><em>καί</em></strong></span> <span class='ocrx_word' id='word_1_117' title='bbox 874 1565 1018 1654; x_wconf 87' lang='grc' dir='ltr'><strong><em>μηδενός</em></strong></span> <span class='ocrx_word' id='word_1_118' title='bbox 1042 1571 1175 1652; x_wconf 87' lang='grc' dir='ltr'><strong><em>χείροσι</em></strong></span> <span class='ocrx_word' id='word_1_119' title='bbox 1196 1564 1241 1652; x_wconf 82' lang='grc' dir='ltr'><strong><em>μὴ</em></strong></span> <span class='ocrx_word' id='word_1_120' title='bbox 1266 1565 1383 1631; x_wconf 84' lang='grc' dir='ltr'><strong><em>δοῦναι</em></strong></span> 
     </span>
     <span class='ocr_line' id='line_1_13' title="bbox 127 1663 1382 1754; baseline -0.001 -22"><span class='ocrx_word' id='word_1_121' title='bbox 127 1667 227 1751; x_wconf 86' lang='grc' dir='ltr'><strong><em>λόγον</em></strong></span> <span class='ocrx_word' id='word_1_122' title='bbox 249 1667 333 1754; x_wconf 82' lang='grc' dir='ltr'><strong><em>μηδὲ</em></strong></span> <span class='ocrx_word' id='word_1_123' title='bbox 358 1667 481 1752; x_wconf 88' lang='grc' dir='ltr'><strong><em>λαβεῖν,</em></strong></span> <span class='ocrx_word' id='word_1_124' title='bbox 505 1663 581 1731; x_wconf 78' lang='grc' dir='ltr'><strong><em>ἀλλ’</em></strong></span> <span class='ocrx_word' id='word_1_125' title='bbox 608 1673 712 1746; x_wconf 88' lang='grc' dir='ltr'><strong><em>εύθύς</em></strong></span> <span class='ocrx_word' id='word_1_126' title='bbox 736 1667 891 1748; x_wconf 73' lang='grc' dir='ltr'><strong><em>λιθάζειν</em></strong></span> <span class='ocrx_word' id='word_1_127' title='bbox 906 1674 962 1734; x_wconf 83' lang='grc' dir='ltr'><strong><em>καί</em></strong></span> <span class='ocrx_word' id='word_1_128' title='bbox 976 1674 1170 1734; x_wconf 90' lang='grc' dir='ltr'><strong><em>κατακαίειν</em></strong></span> <span class='ocrx_word' id='word_1_129' title='bbox 1185 1671 1247 1746; x_wconf 81' lang='grc' dir='ltr'><strong><em>τὰς</em></strong></span> <span class='ocrx_word' id='word_1_130' title='bbox 1263 1671 1382 1748; x_wconf 81' lang='grc' dir='ltr'><strong><em>οἰκίας,</em></strong></span> 
     </span>
     <span class='ocr_line' id='line_1_14' title="bbox 127 1769 1383 1855; baseline 0 -21"><span class='ocrx_word' id='word_1_131' title='bbox 127 1774 193 1848; x_wconf 86' lang='grc' dir='ltr'><strong><em>ἶνα,</em></strong></span> <span class='ocrx_word' id='word_1_132' title='bbox 217 1774 248 1834; x_wconf 86' lang='grc' dir='ltr'><strong><em>εί</em></strong></span> <span class='ocrx_word' id='word_1_133' title='bbox 270 1769 448 1846; x_wconf 76' lang='grc' dir='ltr'><strong><em>ἐδύνασθε,</em></strong></span> <span class='ocrx_word' id='word_1_134' title='bbox 470 1775 554 1854; x_wconf 87' lang='grc' dir='ltr'><strong><em>μετά</em></strong></span> <span class='ocrx_word' id='word_1_135' title='bbox 578 1780 645 1835; x_wconf 88' lang='grc' dir='ltr'><strong><em>τῶν</em></strong></span> <span class='ocrx_word' id='word_1_136' title='bbox 661 1771 795 1836; x_wconf 91' lang='grc' dir='ltr'><strong><em>παίδων</em></strong></span> <span class='ocrx_word' id='word_1_137' title='bbox 812 1776 933 1849; x_wconf 87' lang='grc' dir='ltr'><strong><em>αύτούς</em></strong></span> <span class='ocrx_word' id='word_1_138' title='bbox 954 1776 1010 1837; x_wconf 87' lang='grc' dir='ltr'><strong><em>καί</em></strong></span> <span class='ocrx_word' id='word_1_139' title='bbox 1032 1781 1098 1836; x_wconf 90' lang='grc' dir='ltr'><strong><em>τῶν</em></strong></span> <span class='ocrx_word' id='word_1_140' title='bbox 1121 1780 1285 1855; x_wconf 91' lang='grc' dir='ltr'><strong><em>γυναικῶν</em></strong></span> <span class='ocrx_word' id='word_1_141' title='bbox 1302 1789 1383 1852; x_wconf 89' lang='grc' dir='ltr'><strong><em>συμ-</em></strong></span> 
     </span>
     <span class='ocr_line' id='line_1_15' title="bbox 128 1871 1384 1961; baseline 0.001 -25"><span class='ocrx_word' id='word_1_142' title='bbox 128 1871 291 1960; x_wconf 81' lang='grc' dir='ltr'><strong><em>φλέξητε,</em></strong></span> <span class='ocrx_word' id='word_1_143' title='bbox 316 1876 417 1938; x_wconf 90' lang='grc' dir='ltr'><strong><em>τίνων</em></strong></span> <span class='ocrx_word' id='word_1_144' title='bbox 440 1877 531 1938; x_wconf 79' lang='grc' dir='ltr'><strong><em>ἐστίν</em></strong></span> <span class='ocrx_word' id='word_1_145' title='bbox 554 1877 751 1961; x_wconf 87' lang='grc' dir='ltr'><strong><em>ἀνθρώπιον</em></strong></span> <span class='ocrx_word' id='word_1_146' title='bbox 759 1899 770 1952; x_wconf 90' lang='grc'><em>;</em></span> <span class='ocrx_word' id='word_1_147' title='bbox 799 1878 876 1956; x_wconf 80' lang='grc' dir='ltr'><strong><em>ἐμοί</em></strong></span> <span class='ocrx_word' id='word_1_148' title='bbox 902 1880 964 1957; x_wconf 81' lang='grc' dir='ltr'><strong><em>μὲν</em></strong></span> <span class='ocrx_word' id='word_1_149' title='bbox 992 1872 1031 1961; x_wconf 75' lang='grc' dir='ltr'><strong><em>νὴ</em></strong></span> <span class='ocrx_word' id='word_1_150' title='bbox 1054 1879 1112 1938; x_wconf 88' lang='grc' dir='ltr'><strong><em>τδν</em></strong></span> <span class='ocrx_word' id='word_1_151' title='bbox 1135 1878 1204 1938; x_wconf 87' lang='grc' dir='ltr'><strong><em>Δία</em></strong></span> <span class='ocrx_word' id='word_1_152' title='bbox 1226 1878 1283 1939; x_wconf 91' lang='grc' dir='ltr'><strong><em>καί</em></strong></span> <span class='ocrx_word' id='word_1_153' title='bbox 1305 1878 1384 1950; x_wconf 87' lang='grc' dir='ltr'><strong><em>τούς</em></strong></span> 
     </span>
     <span class='ocr_line' id='line_1_16' title="bbox 77 1973 1385 2060; baseline 0.002 -22"><span class='ocrx_word' id='word_1_154' title='bbox 77 1978 107 2030; x_wconf 73' lang='lat'><strong><em>¹⁶</em></strong></span> <span class='ocrx_word' id='word_1_155' title='bbox 129 1978 251 2053; x_wconf 88' lang='grc' dir='ltr'><strong><em>θεούς,</em></strong></span> <span class='ocrx_word' id='word_1_156' title='bbox 280 1978 311 2039; x_wconf 88' lang='grc' dir='ltr'><strong><em>εί</em></strong></span> <span class='ocrx_word' id='word_1_157' title='bbox 339 1973 431 2060; x_wconf 87' lang='grc' dir='ltr'><strong><em>&lt;καί&gt;</em></strong></span> <span class='ocrx_word' id='word_1_158' title='bbox 449 1975 608 2058; x_wconf 80' lang='grc' dir='ltr'><strong><em>χαλεπῶς</em></strong></span> <span class='ocrx_word' id='word_1_159' title='bbox 628 1979 837 2056; x_wconf 85' lang='grc' dir='ltr'><strong><em>Ιἀκούσεσθε,</em></strong></span> <span class='ocrx_word' id='word_1_160' title='bbox 870 1979 907 2040; x_wconf 88' lang='grc' dir='ltr'><strong><em>ού</em></strong></span> <span class='ocrx_word' id='word_1_161' title='bbox 939 1975 1035 2040; x_wconf 88' lang='grc' dir='ltr'><strong><em>δοκεῖ</em></strong></span> <span class='ocrx_word' id='word_1_162' title='bbox 1052 1980 1094 2040; x_wconf 87' lang='grc' dir='ltr'><strong><em>τά</em></strong></span> <span class='ocrx_word' id='word_1_163' title='bbox 1126 1986 1267 2040; x_wconf 79' lang='grc' dir='ltr'><strong><em>τοιαῦτα</em></strong></span> <span class='ocrx_word' id='word_1_164' title='bbox 1297 1976 1385 2040; x_wconf 82' lang='grc' dir='ltr'><strong><em>εἶναι</em></strong></span> 
     </span>
     <span class='ocr_line' id='line_1_17' title="bbox 127 2073 1383 2165; baseline 0 -24"><span class='ocrx_word' id='word_1_165' title='bbox 127 2087 195 2142; x_wconf 85' lang='grc' dir='ltr'><strong><em>τῶν</em></strong></span> <span class='ocrx_word' id='word_1_166' title='bbox 235 2077 356 2157; x_wconf 78' lang='grc' dir='ltr'><strong><em>ἐνδεῶς</em></strong></span> <span class='ocrx_word' id='word_1_167' title='bbox 397 2084 616 2165; x_wconf 87' lang='grc' dir='ltr'><strong><em>πραττόντων</em></strong></span> <span class='ocrx_word' id='word_1_168' title='bbox 656 2073 733 2143; x_wconf 81' lang='grc' dir='ltr'><strong><em>ούδέ</em></strong></span> <span class='ocrx_word' id='word_1_169' title='bbox 766 2088 833 2142; x_wconf 85' lang='grc' dir='ltr'><strong><em>τῶν</em></strong></span> <span class='ocrx_word' id='word_1_170' title='bbox 868 2073 925 2143; x_wconf 79' lang='grc' dir='ltr'><strong><em>οὐκ</em></strong></span> <span class='ocrx_word' id='word_1_171' title='bbox 958 2083 1101 2160; x_wconf 87' lang='grc' dir='ltr'><strong><em>έχόντιυν</em></strong></span> <span class='ocrx_word' id='word_1_172' title='bbox 1134 2081 1176 2142; x_wconf 83' lang='grc' dir='ltr'><strong><em>τά</em></strong></span> <span class='ocrx_word' id='word_1_173' title='bbox 1210 2081 1383 2162; x_wconf 84' lang='grc' dir='ltr'><strong><em>ἀναγκαῖα.</em></strong></span> 
     </span>
     <span class='ocr_line' id='line_1_18' title="bbox 127 2178 1382 2268; baseline -0.002 -23"><span class='ocrx_word' id='word_1_174' title='bbox 127 2186 146 2268; x_wconf 75' lang='grc' dir='ltr'><strong><em>ἡ</em></strong></span> <span class='ocrx_word' id='word_1_175' title='bbox 171 2183 234 2267; x_wconf 90' lang='grc' dir='ltr'><strong><em>γάρ</em></strong></span> <span class='ocrx_word' id='word_1_176' title='bbox 258 2179 369 2245; x_wconf 87' lang='grc' dir='ltr'><strong><em>ένδεια</em></strong></span> <span class='ocrx_word' id='word_1_177' title='bbox 400 2185 623 2268; x_wconf 73' lang='grc' dir='ltr'><strong><em>σωφροσύνην</em></strong></span> <span class='ocrx_word' id='word_1_178' title='bbox 653 2189 756 2246; x_wconf 86' lang='grc' dir='ltr'><strong><em>ποιεῖ.</em></strong></span> <span class='ocrx_word' id='word_1_179' title='bbox 807 2184 863 2245; x_wconf 87' lang='grc' dir='ltr'><strong><em>καί</em></strong></span> <span class='ocrx_word' id='word_1_180' title='bbox 891 2191 996 2245; x_wconf 82' lang='grc' dir='ltr'><strong><em>ταῦτα</em></strong></span> <span class='ocrx_word' id='word_1_181' title='bbox 1026 2183 1057 2245; x_wconf 85' lang='grc' dir='ltr'><strong><em>εί</em></strong></span> <span class='ocrx_word' id='word_1_182' title='bbox 1078 2178 1123 2267; x_wconf 77' lang='grc' dir='ltr'><strong><em>μὴ</em></strong></span> <span class='ocrx_word' id='word_1_183' title='bbox 1148 2179 1275 2245; x_wconf 87' lang='grc' dir='ltr'><strong><em>δοκεῖτε</em></strong></span> <span class='ocrx_word' id='word_1_184' title='bbox 1298 2183 1382 2264; x_wconf 79' lang='grc' dir='ltr'><strong><em>ὑπὲρ</em></strong></span> 
     </span>
     <span class='ocr_line' id='line_1_19' title="bbox 128 2281 1435 2370; baseline 0.001 -25"><span class='ocrx_word' id='word_1_185' title='bbox 128 2285 221 2363; x_wconf 86' lang='grc' dir='ltr'><strong><em>ὑμῶν</em></strong></span> <span class='ocrx_word' id='word_1_186' title='bbox 244 2281 417 2366; x_wconf 87' lang='grc' dir='ltr'><strong><em>λέγεσθαι,</em></strong></span> <span class='ocrx_word' id='word_1_187' title='bbox 441 2282 602 2348; x_wconf 85' lang='grc' dir='ltr'><strong><em>πλεῖστον</em></strong></span> <span class='ocrx_word' id='word_1_188' title='bbox 624 2287 841 2370; x_wconf 82' lang='grc' dir='ltr'><strong><em>ἁμαρτάνετε.</em></strong></span> <span class='ocrx_word' id='word_1_189' title='bbox 878 2288 909 2347; x_wconf 90' lang='grc' dir='ltr'><strong><em>εί</em></strong></span> <span class='ocrx_word' id='word_1_190' title='bbox 923 2285 985 2370; x_wconf 86' lang='grc' dir='ltr'><strong><em>γάρ</em></strong></span> <span class='ocrx_word' id='word_1_191' title='bbox 1008 2293 1158 2348; x_wconf 80' lang='grc' dir='ltr'><strong><em>τοιοῦτοι</em></strong></span> <span class='ocrx_word' id='word_1_192' title='bbox 1174 2285 1300 2347; x_wconf 81' lang='grc' dir='ltr'><strong><em>ἔσεσθε</em></strong></span> <span class='ocrx_word' id='word_1_193' title='bbox 1320 2285 1381 2345; x_wconf 83' lang='grc' dir='ltr'><strong><em>κᾶν</em></strong></span> <span class='ocrx_word' id='word_1_194' title='bbox 1397 2285 1435 2347; x_wconf 82' lang='grc'><strong><em>12</em></strong></span> 
     </span>
     <span class='ocr_line' id='line_1_20' title="bbox 5 2383 1384 2472; baseline 0.004 -29"><span class='ocrx_word' id='word_1_195' title='bbox 5 2391 114 2443; x_wconf 66' lang='lat' dir='ltr'>nean)</span> <span class='ocrx_word' id='word_1_196' title='bbox 130 2387 317 2472; x_wconf 78' lang='grc' dir='ltr'><strong><em>ὀργισθῆτέ</em></strong></span> <span class='ocrx_word' id='word_1_197' title='bbox 345 2408 391 2468; x_wconf 82' lang='grc' dir='ltr'><strong><em>τῳ</em></strong></span> <span class='ocrx_word' id='word_1_198' title='bbox 422 2384 544 2464; x_wconf 81' lang='grc' dir='ltr'><strong><em>(πολλὰ</em></strong></span> <span class='ocrx_word' id='word_1_199' title='bbox 569 2385 604 2449; x_wconf 81' lang='grc' dir='ltr'><strong><em>δέ</em></strong></span> <span class='ocrx_word' id='word_1_200' title='bbox 628 2389 717 2463; x_wconf 89' lang='grc' dir='ltr'><strong><em>είκδς</em></strong></span> <span class='ocrx_word' id='word_1_201' title='bbox 740 2389 787 2463; x_wconf 81' lang='grc' dir='ltr'><strong><em>ὡς</em></strong></span> <span class='ocrx_word' id='word_1_202' title='bbox 809 2389 845 2449; x_wconf 89' lang='grc' dir='ltr'><strong><em>έν</em></strong></span> <span class='ocrx_word' id='word_1_203' title='bbox 868 2384 969 2450; x_wconf 89' lang='grc' dir='ltr'><strong><em>πόλει</em></strong></span> <span class='ocrx_word' id='word_1_204' title='bbox 998 2387 1163 2472; x_wconf 77' lang='grc' dir='ltr'><strong><em>συμβῆναι</em></strong></span> <span class='ocrx_word' id='word_1_205' title='bbox 1191 2388 1248 2450; x_wconf 83' lang='grc' dir='ltr'><strong><em>καί</em></strong></span> <span class='ocrx_word' id='word_1_206' title='bbox 1270 2383 1384 2449; x_wconf 86' lang='grc' dir='ltr'><strong><em>δίκαια</em></strong></span> 
     </span>
     <span class='ocr_line' id='line_1_21' title="bbox 79 2480 1385 2574; baseline 0.001 -26"><span class='ocrx_word' id='word_1_207' title='bbox 79 2491 110 2541; x_wconf 80' lang='lat'><strong><em>²⁰</em></strong></span> <span class='ocrx_word' id='word_1_208' title='bbox 132 2490 188 2550; x_wconf 83' lang='grc' dir='ltr'><strong><em>καί</em></strong></span> <span class='ocrx_word' id='word_1_209' title='bbox 211 2485 322 2564; x_wconf 78' lang='grc' dir='ltr'><strong><em>ἄδικα)</em></strong></span> <span class='ocrx_word' id='word_1_210' title='bbox 344 2485 544 2574; x_wconf 86' lang='grc' dir='ltr'><strong><em>τηλικαύτην</em></strong></span> <span class='ocrx_word' id='word_1_211' title='bbox 567 2487 729 2566; x_wconf 84' lang='grc' dir='ltr'><strong><em>ἀξιώσετε</em></strong></span> <span class='ocrx_word' id='word_1_212' title='bbox 752 2491 919 2574; x_wconf 86' lang='grc' dir='ltr'><strong><em>τιμωρίαν</em></strong></span> <span class='ocrx_word' id='word_1_213' title='bbox 942 2487 1134 2570; x_wconf 86' lang='grc' dir='ltr'><strong><em>λαμβάνειν,</em></strong></span> <span class='ocrx_word' id='word_1_214' title='bbox 1166 2480 1249 2550; x_wconf 84' lang='grc' dir='ltr'><strong><em>ὥστ’</em></strong></span> <span class='ocrx_word' id='word_1_215' title='bbox 1280 2481 1385 2563; x_wconf 82' lang='grc' dir='ltr'><strong><em>εὐθύς</em></strong></span> 
     </span>
     <span class='ocr_line' id='line_1_22' title="bbox 127 2588 1385 2675; baseline 0.001 -23"><span class='ocrx_word' id='word_1_216' title='bbox 127 2591 212 2670; x_wconf 80' lang='grc' dir='ltr'><strong><em>μετὰ</em></strong></span> <span class='ocrx_word' id='word_1_217' title='bbox 235 2597 303 2652; x_wconf 88' lang='grc' dir='ltr'><strong><em>τῶν</em></strong></span> <span class='ocrx_word' id='word_1_218' title='bbox 326 2588 460 2654; x_wconf 84' lang='grc' dir='ltr'><strong><em>παίδων</em></strong></span> <span class='ocrx_word' id='word_1_219' title='bbox 482 2593 661 2654; x_wconf 80' lang='grc' dir='ltr'><strong><em>κατακάειν</em></strong></span> <span class='ocrx_word' id='word_1_220' title='bbox 683 2594 740 2654; x_wconf 88' lang='grc' dir='ltr'><strong><em>καί</em></strong></span> <span class='ocrx_word' id='word_1_221' title='bbox 762 2613 857 2667; x_wconf 89' lang='grc' dir='ltr'><strong><em>τινας</em></strong></span> <span class='ocrx_word' id='word_1_222' title='bbox 888 2599 955 2654; x_wconf 89' lang='grc' dir='ltr'><strong><em>τῶν</em></strong></span> <span class='ocrx_word' id='word_1_223' title='bbox 977 2598 1158 2674; x_wconf 90' lang='grc' dir='ltr'><strong><em>γυναικῶν,</em></strong></span> <span class='ocrx_word' id='word_1_224' title='bbox 1188 2592 1385 2675; x_wconf 86' lang='grc' dir='ltr'><strong><em>ἀνθρώπων</em></strong></span> 
     </span>
     <span class='ocr_line' id='line_1_23' title="bbox 127 2689 1384 2779; baseline 0.002 -25"><span class='ocrx_word' id='word_1_225' title='bbox 127 2689 335 2777; x_wconf 80' lang='grc' dir='ltr'><strong><em>ἐλευθέρων,</em></strong></span> <span class='ocrx_word' id='word_1_226' title='bbox 365 2689 561 2774; x_wconf 83' lang='grc' dir='ltr'><strong><em>ἀναγκάζειν</em></strong></span> <span class='ocrx_word' id='word_1_227' title='bbox 590 2695 668 2774; x_wconf 87' lang='grc' dir='ltr'><strong><em>ὑμῖν</em></strong></span> <span class='ocrx_word' id='word_1_228' title='bbox 698 2695 850 2779; x_wconf 88' lang='grc' dir='ltr'><strong><em>δρᾶσθαι</em></strong></span> <span class='ocrx_word' id='word_1_229' title='bbox 878 2694 1162 2778; x_wconf 85' lang='grc' dir='ltr'><strong><em>περιερρηγμένας</em></strong></span> <span class='ocrx_word' id='word_1_230' title='bbox 1184 2696 1240 2756; x_wconf 89' lang='grc' dir='ltr'><strong><em>καί</em></strong></span> <span class='ocrx_word' id='word_1_231' title='bbox 1263 2695 1384 2756; x_wconf 88' lang='grc' dir='ltr'><strong><em>ίκετευ-</em></strong></span> 
     </span>
     <span class='ocr_line' id='line_1_24' title="bbox 130 2791 1385 2880; baseline 0.002 -24"><span class='ocrx_word' id='word_1_232' title='bbox 130 2797 235 2870; x_wconf 91' lang='grc' dir='ltr'><strong><em>ούοας</em></strong></span> <span class='ocrx_word' id='word_1_233' title='bbox 256 2797 343 2874; x_wconf 86' lang='grc' dir='ltr'><strong><em>ύμάς</em></strong></span> <span class='ocrx_word' id='word_1_234' title='bbox 367 2795 482 2879; x_wconf 85' lang='grc' dir='ltr'><strong><em>ὥσπερ</em></strong></span> <span class='ocrx_word' id='word_1_235' title='bbox 506 2799 541 2858; x_wconf 84' lang='grc' dir='ltr'><strong><em>έν</em></strong></span> <span class='ocrx_word' id='word_1_236' title='bbox 565 2793 721 2878; x_wconf 85' lang='grc' dir='ltr'><strong><em>πολέμῳ·</em></strong></span> <span class='ocrx_word' id='word_1_237' title='bbox 744 2798 797 2870; x_wconf 93' lang='grc' dir='ltr'><strong><em>τίς</em></strong></span> <span class='ocrx_word' id='word_1_238' title='bbox 814 2797 921 2871; x_wconf 91' lang='grc' dir='ltr'><strong><em>ούτως</em></strong></span> <span class='ocrx_word' id='word_1_239' title='bbox 943 2797 1086 2878; x_wconf 87' lang='grc' dir='ltr'><strong><em>ἀνόητος</em></strong></span> <span class='ocrx_word' id='word_1_240' title='bbox 1108 2798 1163 2859; x_wconf 89' lang='grc' dir='ltr'><strong><em>καί</em></strong></span> <span class='ocrx_word' id='word_1_241' title='bbox 1185 2791 1307 2880; x_wconf 75' lang='grc' dir='ltr'><strong><em>ἀτυχὴς</em></strong></span> <span class='ocrx_word' id='word_1_242' title='bbox 1329 2796 1385 2858; x_wconf 86' lang='grc' dir='ltr'><strong><em>ἀν·</em></strong></span> 
     </span>
     <span class='ocr_line' id='line_1_25' title="bbox 130 2895 1386 2984; baseline 0 -25"><span class='ocrx_word' id='word_1_243' title='bbox 130 2899 277 2982; x_wconf 88' lang='grc' dir='ltr'><strong><em>θρωπός</em></strong></span> <span class='ocrx_word' id='word_1_244' title='bbox 293 2899 395 2975; x_wconf 87' lang='grc' dir='ltr'><strong><em>έστιν,</em></strong></span> <span class='ocrx_word' id='word_1_245' title='bbox 418 2900 512 2973; x_wconf 87' lang='grc' dir='ltr'><strong><em>όστις</em></strong></span> <span class='ocrx_word' id='word_1_246' title='bbox 528 2901 563 2960; x_wconf 84' lang='grc' dir='ltr'><strong><em>έν</em></strong></span> <span class='ocrx_word' id='word_1_247' title='bbox 578 2901 717 2982; x_wconf 82' lang='grc' dir='ltr'><strong><em>τοιαύτη</em></strong></span> <span class='ocrx_word' id='word_1_248' title='bbox 742 2895 842 2960; x_wconf 88' lang='grc' dir='ltr'><strong><em>πόλει</em></strong></span> <span class='ocrx_word' id='word_1_249' title='bbox 866 2895 921 2983; x_wconf 79' lang='grc' dir='ltr'><strong><em>ζην</em></strong></span> <span class='ocrx_word' id='word_1_250' title='bbox 938 2900 1114 2984; x_wconf 71' lang='grc' dir='ltr'><strong><em>αἱρήσεται</em></strong></span> <span class='ocrx_word' id='word_1_251' title='bbox 1136 2899 1218 2978; x_wconf 87' lang='grc' dir='ltr'><strong><em>μίαν</em></strong></span> <span class='ocrx_word' id='word_1_252' title='bbox 1240 2902 1366 2982; x_wconf 76' lang='grc' dir='ltr'><strong><em>ἡμέραν</em></strong></span> <span class='ocrx_word' id='word_1_253' title='bbox 1374 2919 1386 2972; x_wconf 90' lang='grc'><strong><em>,·</em></strong></span> 
     </span>
    </p>
   </div>
   <div class='ocr_carea' id='block_1_3' title="bbox 26 2996 1438 3596">
    <p class='ocr_par' dir='ltr' id='par_1_3' title="bbox 82 2996 1385 3088">
     <span class='ocr_line' id='line_1_26' title="bbox 82 2996 1385 3088; baseline -0.001 -26"><span class='ocrx_word' id='word_1_254' title='bbox 82 3001 112 3052; x_wconf 79' lang='lat'><strong><em>²⁵</em></strong></span> <span class='ocrx_word' id='word_1_255' title='bbox 134 2996 223 3062; x_wconf 90' lang='grc' dir='ltr'><strong><em>πολύ</em></strong></span> <span class='ocrx_word' id='word_1_256' title='bbox 246 2999 308 3082; x_wconf 86' lang='grc' dir='ltr'><strong><em>γάρ</em></strong></span> <span class='ocrx_word' id='word_1_257' title='bbox 331 3005 481 3084; x_wconf 87' lang='grc' dir='ltr'><strong><em>κρεῖττον</em></strong></span> <span class='ocrx_word' id='word_1_258' title='bbox 506 2998 639 3084; x_wconf 78' lang='grc' dir='ltr'><strong><em>φυγάδα</em></strong></span> <span class='ocrx_word' id='word_1_259' title='bbox 657 2999 745 3063; x_wconf 86' lang='grc' dir='ltr'><strong><em>εἶναι</em></strong></span> <span class='ocrx_word' id='word_1_260' title='bbox 759 3002 815 3062; x_wconf 85' lang='grc' dir='ltr'><strong><em>καί</em></strong></span> <span class='ocrx_word' id='word_1_261' title='bbox 831 3005 1007 3083; x_wconf 88' lang='grc' dir='ltr'><strong><em>παροικεῖν</em></strong></span> <span class='ocrx_word' id='word_1_262' title='bbox 1022 3003 1083 3064; x_wconf 86' lang='grc' dir='ltr'><strong><em>έπί</em></strong></span> <span class='ocrx_word' id='word_1_263' title='bbox 1099 2999 1195 3088; x_wconf 86' lang='grc' dir='ltr'><strong><em>ξένης</em></strong></span> <span class='ocrx_word' id='word_1_264' title='bbox 1209 3002 1228 3085; x_wconf 82' lang='grc' dir='ltr'><em>ἢ</em></span> <span class='ocrx_word' id='word_1_265' title='bbox 1245 3007 1385 3063; x_wconf 80' lang='grc' dir='ltr'><strong><em>τοιαῦτα</em></strong></span> 
     </span>
    </p>

    <p class='ocr_par' dir='ltr' id='par_1_4' title="bbox 130 3093 1386 3189">
     <span class='ocr_line' id='line_1_27' title="bbox 130 3093 1386 3189; baseline -0.001 -25"><span class='ocrx_word' id='word_1_266' title='bbox 130 3105 285 3181; x_wconf 86' lang='grc' dir='ltr'><strong><em>πάσχειν.</em></strong></span> <span class='ocrx_word' id='word_1_267' title='bbox 330 3103 408 3164; x_wconf 82' lang='grc' dir='ltr'><strong><em>έπεί</em></strong></span> <span class='ocrx_word' id='word_1_268' title='bbox 427 3104 484 3164; x_wconf 87' lang='grc' dir='ltr'><strong><em>καί</em></strong></span> <span class='ocrx_word' id='word_1_269' title='bbox 507 3110 563 3164; x_wconf 87' lang='grc' dir='ltr'><strong><em>νύν</em></strong></span> <span class='ocrx_word' id='word_1_270' title='bbox 584 3106 604 3188; x_wconf 67' lang='lat' dir='ltr'><strong><em>r)</em></strong></span> <span class='ocrx_word' id='word_1_271' title='bbox 629 3105 807 3188; x_wconf 79' lang='grc' dir='ltr'><strong><em>πρόφασις</em></strong></span> <span class='ocrx_word' id='word_1_272' title='bbox 828 3107 848 3187; x_wconf 77' lang='grc' dir='ltr'><strong><em>η</em></strong></span> <span class='ocrx_word' id='word_1_273' title='bbox 874 3100 1041 3188; x_wconf 83' lang='grc' dir='ltr'><strong><em>λεγομένη,</em></strong></span> <span class='ocrx_word' id='word_1_274' title='bbox 1066 3093 1112 3166; x_wconf 78' lang='grc' dir='ltr'><strong><em>δι’</em></strong></span> <span class='ocrx_word' id='word_1_275' title='bbox 1139 3105 1179 3189; x_wconf 80' lang='grc' dir='ltr'><strong><em>ἣν</em></strong></span> <span class='ocrx_word' id='word_1_276' title='bbox 1201 3106 1285 3183; x_wconf 87' lang='grc' dir='ltr'><strong><em>ύμοῖς</em></strong></span> <span class='ocrx_word' id='word_1_277' title='bbox 1300 3104 1386 3164; x_wconf 91' lang='grc' dir='ltr'><strong><em>ἀπο-</em></strong></span> 
     </span>
    </p>

    <p class='ocr_par' dir='ltr' id='par_1_5' title="bbox 26 3201 1438 3394">
     <span class='ocr_line' id='line_1_28' title="bbox 131 3201 1390 3290; baseline 0.001 -24"><span class='ocrx_word' id='word_1_278' title='bbox 131 3204 305 3288; x_wconf 79' lang='grc' dir='ltr'><strong><em>τραπῆναί</em></strong></span> <span class='ocrx_word' id='word_1_279' title='bbox 334 3219 422 3290; x_wconf 76' lang='grc' dir='ltr'><strong><em>ωασι</em></strong></span> <span class='ocrx_word' id='word_1_280' title='bbox 451 3213 510 3290; x_wconf 82' lang='grc' dir='ltr'><strong><em>της</em></strong></span> <span class='ocrx_word' id='word_1_281' title='bbox 534 3205 643 3279; x_wconf 88' lang='grc' dir='ltr'><strong><em>οίκίας</em></strong></span> <span class='ocrx_word' id='word_1_282' title='bbox 671 3213 731 3289; x_wconf 78' lang='grc' dir='ltr'><strong><em>τῆς</em></strong></span> <span class='ocrx_word' id='word_1_283' title='bbox 753 3206 851 3289; x_wconf 77' lang='grc' dir='ltr'><strong><em>έμης,</em></strong></span> <span class='ocrx_word' id='word_1_284' title='bbox 880 3201 1106 3284; x_wconf 85' lang='grc' dir='ltr'><strong><em>ὑπιδομένους</em></strong></span> <span class='ocrx_word' id='word_1_285' title='bbox 1129 3213 1190 3267; x_wconf 84' lang='grc' dir='ltr'><strong><em>τού</em></strong></span> <span class='ocrx_word' id='word_1_286' title='bbox 1212 3213 1390 3268; x_wconf 81' lang='grc' dir='ltr'><strong><em>στενωποῦ</em></strong></span> 
     </span>
     <span class='ocr_line' id='line_1_29' title="bbox 26 3305 1438 3394; baseline 0.008 -31"><span class='ocrx_word' id='word_1_287' title='bbox 26 3319 119 3372; x_wconf 66' lang='lat' dir='ltr'><strong><em>‹nm›</em></strong></span> <span class='ocrx_word' id='word_1_288' title='bbox 133 3309 172 3368; x_wconf 91' lang='grc' dir='ltr'><strong><em>τδ</em></strong></span> <span class='ocrx_word' id='word_1_289' title='bbox 196 3306 318 3386; x_wconf 91' lang='grc' dir='ltr'><strong><em>βάθος,</em></strong></span> <span class='ocrx_word' id='word_1_290' title='bbox 343 3307 441 3387; x_wconf 87' lang='grc' dir='ltr'><strong><em>όροῖτε</em></strong></span> <span class='ocrx_word' id='word_1_291' title='bbox 465 3305 537 3368; x_wconf 87' lang='grc' dir='ltr'><strong><em>οίόν</em></strong></span> <span class='ocrx_word' id='word_1_292' title='bbox 559 3309 661 3368; x_wconf 90' lang='grc' dir='ltr'><strong><em>έστιν.</em></strong></span> <span class='ocrx_word' id='word_1_293' title='bbox 701 3307 731 3368; x_wconf 90' lang='grc' dir='ltr'><strong><em>εί</em></strong></span> <span class='ocrx_word' id='word_1_294' title='bbox 752 3307 814 3389; x_wconf 85' lang='grc' dir='ltr'><strong><em>γάρ</em></strong></span> <span class='ocrx_word' id='word_1_295' title='bbox 838 3308 897 3386; x_wconf 78' lang='grc' dir='ltr'><strong><em>έμὲ</em></strong></span> <span class='ocrx_word' id='word_1_296' title='bbox 920 3314 1018 3369; x_wconf 84' lang='grc' dir='ltr'><strong><em>τοῦτο</em></strong></span> <span class='ocrx_word' id='word_1_297' title='bbox 1042 3309 1159 3384; x_wconf 87' lang='grc' dir='ltr'><strong><em>έοωσε,</em></strong></span> <span class='ocrx_word' id='word_1_298' title='bbox 1181 3311 1299 3391; x_wconf 87' lang='grc' dir='ltr'><strong><em>καιρός</em></strong></span> <span class='ocrx_word' id='word_1_299' title='bbox 1320 3305 1383 3394; x_wconf 74' lang='grc' dir='ltr'><strong><em>ἤδη</em></strong></span> <span class='ocrx_word' id='word_1_300' title='bbox 1399 3312 1438 3375; x_wconf 88' lang='grc'><strong><em>13</em></strong></span> 
     </span>
    </p>

    <p class='ocr_par' dir='ltr' id='par_1_6' title="bbox 130 3405 1387 3492">
     <span class='ocr_line' id='line_1_30' title="bbox 130 3405 1387 3492; baseline 0.002 -22"><span class='ocrx_word' id='word_1_301' title='bbox 130 3412 169 3470; x_wconf 88' lang='grc' dir='ltr'><strong><em>τὸ</em></strong></span> <span class='ocrx_word' id='word_1_302' title='bbox 200 3405 322 3470; x_wconf 85' lang='grc' dir='ltr'><strong><em>λοιπόν</em></strong></span> <span class='ocrx_word' id='word_1_303' title='bbox 350 3409 396 3482; x_wconf 86' lang='grc' dir='ltr'><strong><em>ὡς</em></strong></span> <span class='ocrx_word' id='word_1_304' title='bbox 419 3410 454 3470; x_wconf 82' lang='grc' dir='ltr'><strong><em>έν</em></strong></span> <span class='ocrx_word' id='word_1_305' title='bbox 479 3405 698 3492; x_wconf 83' lang='grc' dir='ltr'><strong><em>στρατοπέδῳ</em></strong></span> <span class='ocrx_word' id='word_1_306' title='bbox 730 3416 771 3491; x_wconf 77' lang='grc' dir='ltr'><strong><em>τῇ</em></strong></span> <span class='ocrx_word' id='word_1_307' title='bbox 799 3407 900 3470; x_wconf 83' lang='grc' dir='ltr'><strong><em>πόλει</em></strong></span> <span class='ocrx_word' id='word_1_308' title='bbox 922 3410 983 3484; x_wconf 86' lang='grc' dir='ltr'><strong><em>τάς</em></strong></span> <span class='ocrx_word' id='word_1_309' title='bbox 1007 3407 1196 3492; x_wconf 91' lang='grc' dir='ltr'><strong><em>δυσχωρίας</em></strong></span> <span class='ocrx_word' id='word_1_310' title='bbox 1217 3407 1387 3490; x_wconf 85' lang='grc' dir='ltr'><strong><em>καταλαμ-</em></strong></span> 
     </span>
    </p>

    <p class='ocr_par' dir='ltr' id='par_1_7' title="bbox 82 3505 1387 3596">
     <span class='ocr_line' id='line_1_31' title="bbox 82 3505 1387 3596; baseline 0.002 -24"><span class='ocrx_word' id='word_1_311' title='bbox 82 3521 112 3572; x_wconf 71' lang='lat' dir='ltr'><strong><em>w</em></strong></span> <span class='ocrx_word' id='word_1_312' title='bbox 132 3511 248 3591; x_wconf 89' lang='grc' dir='ltr'><strong><em>βάνειν</em></strong></span> <span class='ocrx_word' id='word_1_313' title='bbox 270 3513 325 3573; x_wconf 87' lang='grc' dir='ltr'><strong><em>καί</em></strong></span> <span class='ocrx_word' id='word_1_314' title='bbox 348 3512 388 3572; x_wconf 88' lang='grc' dir='ltr'><strong><em>τά</em></strong></span> <span class='ocrx_word' id='word_1_315' title='bbox 412 3508 526 3596; x_wconf 82' lang='grc' dir='ltr'><strong><em>ὑψηλά</em></strong></span> <span class='ocrx_word' id='word_1_316' title='bbox 549 3513 568 3594; x_wconf 77' lang='grc' dir='ltr'><em>ἢ</em></span> <span class='ocrx_word' id='word_1_317' title='bbox 593 3513 762 3589; x_wconf 86' lang='grc' dir='ltr'><strong><em>ἀπότομα.</em></strong></span> <span class='ocrx_word' id='word_1_318' title='bbox 813 3512 926 3574; x_wconf 87' lang='grc' dir='ltr'><strong><em>καίτοι</em></strong></span> <span class='ocrx_word' id='word_1_319' title='bbox 954 3512 1001 3590; x_wconf 88' lang='grc' dir='ltr'><strong><em>μά</em></strong></span> <span class='ocrx_word' id='word_1_320' title='bbox 1023 3515 1102 3586; x_wconf 90' lang='grc' dir='ltr'><strong><em>τούς</em></strong></span> <span class='ocrx_word' id='word_1_321' title='bbox 1123 3513 1229 3586; x_wconf 85' lang='grc' dir='ltr'><strong><em>θεούς</em></strong></span> <span class='ocrx_word' id='word_1_322' title='bbox 1252 3505 1329 3575; x_wconf 81' lang='grc' dir='ltr'><strong><em>ούδὲ</em></strong></span> <span class='ocrx_word' id='word_1_323' title='bbox 1352 3515 1387 3576; x_wconf 77' lang='grc' dir='ltr'><strong><em>ἐν</em></strong></span> 
     </span>
    </p>
   </div>
   <div class='ocr_carea' id='block_1_4' title="bbox 130 3685 1393 4616">
    <p class='ocr_par' dir='ltr' id='par_1_8' title="bbox 130 3685 1393 4616">
     <span class='ocr_line' id='line_1_32' title="bbox 221 3685 1355 3766; baseline 0.002 -19"><span class='ocrx_word' id='word_1_324' title='bbox 221 3694 342 3751; x_wconf 85' lang='grc' dir='ltr'><strong><em>1τιλείω</em></strong></span> <span class='ocrx_word' id='word_1_325' title='bbox 354 3693 444 3758; x_wconf 81' lang='grc' dir='ltr'><strong><em>ὓΒΜ,</em></strong></span> <span class='ocrx_word' id='word_1_326' title='bbox 462 3692 602 3750; x_wconf 85' lang='grc' dir='ltr'><strong><em>πλείωνΤ</em></strong></span> <span class='ocrx_word' id='word_1_327' title='bbox 655 3687 931 3764; x_wconf 54' lang='lat' dir='ltr'><strong><em>Mammam</em></strong></span> <span class='ocrx_word' id='word_1_328' title='bbox 979 3692 1079 3764; x_wconf 74' lang='grc' dir='ltr'><strong><em>Θμηδὲ</em></strong></span> <span class='ocrx_word' id='word_1_329' title='bbox 1097 3693 1187 3761; x_wconf 65' lang='lat' dir='ltr'><strong><em>Emp„</em></strong></span> <span class='ocrx_word' id='word_1_330' title='bbox 1203 3685 1275 3766; x_wconf 77' lang='grc' dir='ltr'><strong><em>μὴτε</em></strong></span> <span class='ocrx_word' id='word_1_331' title='bbox 1291 3694 1355 3749; x_wconf 89' lang='lat' dir='ltr'>libri</span> 
     </span>
     <span class='ocr_line' id='line_1_33' title="bbox 130 3771 1320 3852; baseline -0.003 -16"><span class='ocrx_word' id='word_1_332' title='bbox 130 3797 165 3852; x_wconf 83' lang='grc' dir='ltr'><strong><em>γε</em></strong></span> <span class='ocrx_word' id='word_1_333' title='bbox 182 3794 234 3836; x_wconf 85' lang='lat' dir='ltr'><strong><em>om.</em></strong></span> <span class='ocrx_word' id='word_1_334' title='bbox 252 3778 283 3834; x_wconf 98' lang='lat' dir='ltr'><strong>M</strong></span> <span class='ocrx_word' id='word_1_335' title='bbox 361 3783 377 3833; x_wconf 89' lang='grc'>9</span> <span class='ocrx_word' id='word_1_336' title='bbox 396 3773 585 3851; x_wconf 73' lang='grc' dir='ltr'><strong><em>ἀνῃρήκειμεν</em></strong></span> <span class='ocrx_word' id='word_1_337' title='bbox 602 3777 655 3833; x_wconf 83' lang='grc' dir='ltr'><strong><em>ΒΜ</em></strong></span> <span class='ocrx_word' id='word_1_338' title='bbox 675 3771 857 3851; x_wconf 80' lang='grc' dir='ltr'><strong><em>ἀνηρήκαμεν</em></strong></span> <span class='ocrx_word' id='word_1_339' title='bbox 876 3777 924 3834; x_wconf 84' lang='lat' dir='ltr'><strong><em>UT</em></strong></span> <span class='ocrx_word' id='word_1_340' title='bbox 1012 3773 1049 3836; x_wconf 83' lang='grc' dir='ltr'><strong><em>ἀν</em></strong></span> <span class='ocrx_word' id='word_1_341' title='bbox 1065 3777 1180 3832; x_wconf 78' lang='lat' dir='ltr'>inseruit</span> <span class='ocrx_word' id='word_1_342' title='bbox 1197 3777 1320 3833; x_wconf 79' lang='lat' dir='ltr'><strong>Hertlein</strong></span> 
     </span>
     <span class='ocr_line' id='line_1_34' title="bbox 135 3858 1393 3937; baseline 0.002 -17"><span class='ocrx_word' id='word_1_343' title='bbox 135 3869 165 3920; x_wconf 89' lang='lat'><strong><em>1⁰</em></strong></span> <span class='ocrx_word' id='word_1_344' title='bbox 182 3865 303 3931; x_wconf 81' lang='grc' dir='ltr'><strong><em>πολίτας</em></strong></span> <span class='ocrx_word' id='word_1_345' title='bbox 320 3863 349 3917; x_wconf 85' lang='grc' dir='ltr'><strong>Μ</strong></span> <span class='ocrx_word' id='word_1_346' title='bbox 431 3867 461 3918; x_wconf 94' lang='grc'><strong><em>11</em></strong></span> <span class='ocrx_word' id='word_1_347' title='bbox 478 3873 580 3933; x_wconf 84' lang='grc' dir='ltr'><strong><em>χεῖρον</em></strong></span> <span class='ocrx_word' id='word_1_348' title='bbox 597 3863 668 3931; x_wconf 76' lang='lat' dir='ltr'>libri,</span> <span class='ocrx_word' id='word_1_349' title='bbox 686 3865 798 3937; x_wconf 86' lang='grc' dir='ltr'><strong><em>χείροσι</em></strong></span> <span class='ocrx_word' id='word_1_350' title='bbox 813 3863 936 3934; x_wconf 79' lang='lat' dir='ltr'>impressi</span> <span class='ocrx_word' id='word_1_351' title='bbox 1024 3869 1055 3920; x_wconf 86' lang='grc'><strong><em>11</em></strong></span> <span class='ocrx_word' id='word_1_352' title='bbox 1074 3858 1147 3922; x_wconf 82' lang='grc' dir='ltr'><strong><em>ἀλλὰ</em></strong></span> <span class='ocrx_word' id='word_1_353' title='bbox 1166 3862 1196 3916; x_wconf 89' lang='lat' dir='ltr'><strong>M</strong></span> <span class='ocrx_word' id='word_1_354' title='bbox 1285 3868 1316 3920; x_wconf 81' lang='grc'><strong><em>13</em></strong></span> <span class='ocrx_word' id='word_1_355' title='bbox 1332 3859 1393 3922; x_wconf 78' lang='grc' dir='ltr'><strong><em>ἀδύ-</em></strong></span> 
     </span>
     <span class='ocr_line' id='line_1_35' title="bbox 132 3942 1388 4023; baseline -0.004 -15"><span class='ocrx_word' id='word_1_356' title='bbox 132 3955 221 4023; x_wconf 79' lang='grc' dir='ltr'><strong><em>νησύε</em></strong></span> <span class='ocrx_word' id='word_1_357' title='bbox 238 3949 269 4005; x_wconf 93' lang='lat' dir='ltr'><strong>M</strong></span> <span class='ocrx_word' id='word_1_358' title='bbox 373 3951 470 4005; x_wconf 79' lang='grc' dir='ltr'><strong><em>ιιιιαί</em></strong></span> <span class='ocrx_word' id='word_1_359' title='bbox 489 3947 670 4005; x_wconf 80' lang='grc' dir='ltr'><strong><em>αδδ.11εἱελιε</em></strong></span> <span class='ocrx_word' id='word_1_360' title='bbox 774 3942 951 4007; x_wconf 72' lang='grc' dir='ltr'><strong><em>ἀκούσεσθαι</em></strong></span> <span class='ocrx_word' id='word_1_361' title='bbox 968 3948 999 4004; x_wconf 86' lang='lat' dir='ltr'><strong>M</strong></span> <span class='ocrx_word' id='word_1_362' title='bbox 1070 3954 1102 4004; x_wconf 79' lang='grc'><strong><em>16</em></strong></span> <span class='ocrx_word' id='word_1_363' title='bbox 1119 3945 1154 4007; x_wconf 82' lang='grc' dir='ltr'><strong><em>τὰ</em></strong></span> <span class='ocrx_word' id='word_1_364' title='bbox 1173 3942 1317 4021; x_wconf 84' lang='grc' dir='ltr'><strong><em>ἀναγκαῖα</em></strong></span> <span class='ocrx_word' id='word_1_365' title='bbox 1334 3947 1388 4003; x_wconf 88' lang='lat' dir='ltr'><strong><em>BM</em></strong></span> 
     </span>
     <span class='ocr_line' id='line_1_36' title="bbox 131 4029 1347 4108; baseline -0.004 -15"><span class='ocrx_word' id='word_1_366' title='bbox 131 4033 275 4108; x_wconf 81' lang='grc' dir='ltr'><strong><em>ἀναγκαῖα</em></strong></span> <span class='ocrx_word' id='word_1_367' title='bbox 293 4038 356 4101; x_wconf 85' lang='lat' dir='ltr'><strong>(om.</strong></span> <span class='ocrx_word' id='word_1_368' title='bbox 369 4029 416 4100; x_wconf 77' lang='grc' dir='ltr'><strong><em>τὰ)</em></strong></span> <span class='ocrx_word' id='word_1_369' title='bbox 429 4033 478 4090; x_wconf 84' lang='lat' dir='ltr'><strong><em>UT</em></strong></span> <span class='ocrx_word' id='word_1_370' title='bbox 533 4039 562 4089; x_wconf 84' lang='grc'><strong><em>11</em></strong></span> <span class='ocrx_word' id='word_1_371' title='bbox 582 4035 720 4107; x_wconf 84' lang='grc' dir='ltr'><strong><em>δοκῆτεΒ</em></strong></span> <span class='ocrx_word' id='word_1_372' title='bbox 774 4039 805 4090; x_wconf 82' lang='grc'><strong><em>18</em></strong></span> <span class='ocrx_word' id='word_1_373' title='bbox 822 4035 942 4106; x_wconf 80' lang='grc' dir='ltr'><strong><em>λέγεσθε</em></strong></span> <span class='ocrx_word' id='word_1_374' title='bbox 955 4036 978 4090; x_wconf 86' lang='grc' dir='ltr'><em>Β</em></span> <span class='ocrx_word' id='word_1_375' title='bbox 993 4035 1127 4108; x_wconf 77' lang='grc' dir='ltr'><strong><em>λέγεσθαι</em></strong></span> <span class='ocrx_word' id='word_1_376' title='bbox 1145 4041 1214 4099; x_wconf 70' lang='lat' dir='ltr'><strong><em>(act</em></strong></span> <span class='ocrx_word' id='word_1_377' title='bbox 1232 4033 1347 4099; x_wconf 82' lang='lat' dir='ltr'><strong>corr.)U</strong></span> 
     </span>
     <span class='ocr_line' id='line_1_37' title="bbox 132 4109 1389 4190; baseline -0.001 -15"><span class='ocrx_word' id='word_1_378' title='bbox 132 4125 165 4175; x_wconf 86' lang='grc'><strong><em>10</em></strong></span> <span class='ocrx_word' id='word_1_379' title='bbox 183 4111 260 4179; x_wconf 73' lang='grc' dir='ltr'><strong><em>δι’στε</em></strong></span> <span class='ocrx_word' id='word_1_380' title='bbox 277 4120 302 4178; x_wconf 88' lang='lat' dir='ltr'>U</span> <span class='ocrx_word' id='word_1_381' title='bbox 389 4123 421 4174; x_wconf 83' lang='lat'><strong><em>21</em></strong></span> <span class='ocrx_word' id='word_1_382' title='bbox 438 4121 489 4176; x_wconf 84' lang='grc' dir='ltr'><strong><em>καί</em></strong></span> <span class='ocrx_word' id='word_1_383' title='bbox 506 4138 585 4185; x_wconf 88' lang='grc' dir='ltr'><strong><em>τινας</em></strong></span> <span class='ocrx_word' id='word_1_384' title='bbox 603 4119 719 4188; x_wconf 64' lang='lat' dir='ltr'>Samen„</span> <span class='ocrx_word' id='word_1_385' title='bbox 737 4115 800 4178; x_wconf 80' lang='grc' dir='ltr'><strong><em>τινὰ</em></strong></span> <span class='ocrx_word' id='word_1_386' title='bbox 818 4123 866 4177; x_wconf 87' lang='grc' dir='ltr'><strong><em>καί</em></strong></span> <span class='ocrx_word' id='word_1_387' title='bbox 884 4120 947 4175; x_wconf 82' lang='lat' dir='ltr'><strong>libri</strong></span> <span class='ocrx_word' id='word_1_388' title='bbox 1034 4125 1067 4175; x_wconf 80' lang='lat'><strong><em>26</em></strong></span> <span class='ocrx_word' id='word_1_389' title='bbox 1085 4109 1243 4189; x_wconf 78' lang='grc' dir='ltr'><strong><em>έλύττομεν</em></strong></span> <span class='ocrx_word' id='word_1_390' title='bbox 1260 4115 1278 4190; x_wconf 77' lang='grc' dir='ltr'><em>ἢ</em></span> <span class='ocrx_word' id='word_1_391' title='bbox 1294 4123 1354 4188; x_wconf 80' lang='lat' dir='ltr'><strong>(pro</strong></span> <span class='ocrx_word' id='word_1_392' title='bbox 1372 4118 1389 4190; x_wconf 78' lang='grc' dir='ltr'><strong><em>ἡ</em></strong></span> 
     </span>
     <span class='ocr_line' id='line_1_38' title="bbox 131 4198 1389 4286; baseline -0.003 -22"><span class='ocrx_word' id='word_1_393' title='bbox 131 4205 280 4278; x_wconf 71' lang='grc' dir='ltr'><strong><em>λεγομένη)</em></strong></span> <span class='ocrx_word' id='word_1_394' title='bbox 298 4206 328 4261; x_wconf 89' lang='lat' dir='ltr'><strong>M</strong></span> <span class='ocrx_word' id='word_1_395' title='bbox 344 4205 447 4286; x_wconf 77' lang='grc' dir='ltr'><strong><em>Ῑιίοιαε</em></strong></span> <span class='ocrx_word' id='word_1_396' title='bbox 464 4198 482 4278; x_wconf 76' lang='grc' dir='ltr'><strong><em>ἦ</em></strong></span> <span class='ocrx_word' id='word_1_397' title='bbox 499 4205 682 4277; x_wconf 82' lang='grc' dir='ltr'><strong><em>πλαττομίνη</em></strong></span> <span class='ocrx_word' id='word_1_398' title='bbox 749 4199 788 4262; x_wconf 78' lang='grc' dir='ltr'><strong><em>δι’</em></strong></span> <span class='ocrx_word' id='word_1_399' title='bbox 807 4199 865 4277; x_wconf 73' lang='grc' dir='ltr'><strong><em>ἢΤ</em></strong></span> <span class='ocrx_word' id='word_1_400' title='bbox 951 4200 1158 4275; x_wconf 84' lang='grc' dir='ltr'><strong><em>ἀποτραπῆναί</em></strong></span> <span class='ocrx_word' id='word_1_401' title='bbox 1175 4203 1206 4259; x_wconf 98' lang='lat' dir='ltr'><strong>M</strong></span> <span class='ocrx_word' id='word_1_402' title='bbox 1274 4207 1306 4258; x_wconf 75' lang='lat'><strong><em>27</em></strong></span> <span class='ocrx_word' id='word_1_403' title='bbox 1325 4199 1389 4262; x_wconf 83' lang='grc' dir='ltr'><strong><em>ύτιι-</em></strong></span> 
     </span>
     <span class='ocr_line' id='line_1_39' title="bbox 132 4283 1391 4361; baseline 0.001 -15"><span class='ocrx_word' id='word_1_404' title='bbox 132 4289 270 4360; x_wconf 78' lang='grc' dir='ltr'><strong><em>ἀσμένους</em></strong></span> <span class='ocrx_word' id='word_1_405' title='bbox 289 4289 337 4346; x_wconf 87' lang='lat' dir='ltr'><strong><em>BU</em></strong></span> <span class='ocrx_word' id='word_1_406' title='bbox 354 4306 389 4344; x_wconf 87' lang='lat' dir='ltr'><strong><em>m.</em></strong></span> <span class='ocrx_word' id='word_1_407' title='bbox 408 4306 450 4357; x_wconf 82' lang='lat' dir='ltr'><strong><em>pr.</em></strong></span> <span class='ocrx_word' id='word_1_408' title='bbox 469 4284 671 4359; x_wconf 78' lang='grc' dir='ltr'><strong><em>ύπειόομὲνους</em></strong></span> <span class='ocrx_word' id='word_1_409' title='bbox 688 4290 714 4347; x_wconf 89' lang='lat' dir='ltr'>U</span> <span class='ocrx_word' id='word_1_410' title='bbox 732 4306 768 4344; x_wconf 86' lang='lat' dir='ltr'><strong><em>m.</em></strong></span> <span class='ocrx_word' id='word_1_411' title='bbox 786 4305 841 4346; x_wconf 81' lang='grc' dir='ltr'><strong><em>ιοα.</em></strong></span> <span class='ocrx_word' id='word_1_412' title='bbox 860 4290 884 4345; x_wconf 83' lang='grc' dir='ltr'>Τ</span> <span class='ocrx_word' id='word_1_413' title='bbox 902 4287 1128 4361; x_wconf 75' lang='grc' dir='ltr'><strong><em>δπιόομένονςλί</em></strong></span> <span class='ocrx_word' id='word_1_414' title='bbox 1180 4293 1213 4344; x_wconf 82' lang='grc'><strong><em>19</em></strong></span> <span class='ocrx_word' id='word_1_415' title='bbox 1231 4283 1266 4346; x_wconf 83' lang='grc' dir='ltr'><strong><em>τὸ</em></strong></span> <span class='ocrx_word' id='word_1_416' title='bbox 1285 4289 1391 4347; x_wconf 85' lang='grc' dir='ltr'><strong><em>λοιπὸν</em></strong></span> 
     </span>
     <span class='ocr_line' id='line_1_40' title="bbox 131 4367 1390 4452; baseline -0.002 -20"><span class='ocrx_word' id='word_1_417' title='bbox 131 4382 195 4446; x_wconf 76' lang='lat' dir='ltr'><strong>post</strong></span> <span class='ocrx_word' id='word_1_418' title='bbox 212 4375 401 4449; x_wconf 79' lang='grc' dir='ltr'><strong><em>στρατοπίδῳ</em></strong></span> <span class='ocrx_word' id='word_1_419' title='bbox 418 4381 522 4445; x_wconf 80' lang='lat' dir='ltr'><strong>transp.</strong></span> <span class='ocrx_word' id='word_1_420' title='bbox 542 4374 592 4431; x_wconf 87' lang='lat' dir='ltr'><strong><em>UT</em></strong></span> <span class='ocrx_word' id='word_1_421' title='bbox 654 4367 694 4442; x_wconf 78' lang='grc' dir='ltr'><strong><em>ὡς</em></strong></span> <span class='ocrx_word' id='word_1_422' title='bbox 710 4373 743 4432; x_wconf 77' lang='grc' dir='ltr'><strong><em>ἐν</em></strong></span> <span class='ocrx_word' id='word_1_423' title='bbox 760 4377 946 4452; x_wconf 79' lang='grc' dir='ltr'><strong><em>στρατοπέδῳ</em></strong></span> <span class='ocrx_word' id='word_1_424' title='bbox 964 4391 981 4432; x_wconf 82' lang='grc' dir='ltr'><strong><em>ι</em></strong></span> <span class='ocrx_word' id='word_1_425' title='bbox 998 4377 1100 4432; x_wconf 75' lang='lat' dir='ltr'>lectore</span> <span class='ocrx_word' id='word_1_426' title='bbox 1118 4373 1234 4443; x_wconf 71' lang='lat' dir='ltr'><strong>quodam</strong></span> <span class='ocrx_word' id='word_1_427' title='bbox 1252 4374 1390 4444; x_wconf 70' lang='lat' dir='ltr'><strong>adson&#39;pta</strong></span> 
     </span>
     <span class='ocr_line' id='line_1_41' title="bbox 132 4455 1392 4533; baseline 0.006 -21"><span class='ocrx_word' id='word_1_428' title='bbox 132 4457 216 4514; x_wconf 83' lang='grc' dir='ltr'><strong><em>1α1ιιε</em></strong></span> <span class='ocrx_word' id='word_1_429' title='bbox 234 4459 374 4528; x_wconf 74' lang='lat' dir='ltr'>sunpicor3</span> <span class='ocrx_word' id='word_1_430' title='bbox 393 4459 496 4516; x_wconf 73' lang='lat' dir='ltr'>scriboz</span> <span class='ocrx_word' id='word_1_431' title='bbox 515 4455 549 4516; x_wconf 86' lang='grc' dir='ltr'><strong><em>τὸ</em></strong></span> <span class='ocrx_word' id='word_1_432' title='bbox 570 4460 675 4517; x_wconf 80' lang='grc' dir='ltr'><strong><em>λοιπὸν</em></strong></span> <span class='ocrx_word' id='word_1_433' title='bbox 692 4469 754 4526; x_wconf 81' lang='grc' dir='ltr'><strong><em>τοῖς</em></strong></span> <span class='ocrx_word' id='word_1_434' title='bbox 770 4458 802 4517; x_wconf 81' lang='grc' dir='ltr'><strong><em>έν</em></strong></span> <span class='ocrx_word' id='word_1_435' title='bbox 819 4465 855 4533; x_wconf 79' lang='grc' dir='ltr'><strong><em>τῇ</em></strong></span> <span class='ocrx_word' id='word_1_436' title='bbox 872 4458 957 4520; x_wconf 84' lang='grc' dir='ltr'><strong><em>πόλει</em></strong></span> <span class='ocrx_word' id='word_1_437' title='bbox 1056 4465 1088 4516; x_wconf 79' lang='grc'><strong><em>30</em></strong></span> <span class='ocrx_word' id='word_1_438' title='bbox 1106 4456 1179 4530; x_wconf 81' lang='grc' dir='ltr'><strong><em>μετὰ</em></strong></span> <span class='ocrx_word' id='word_1_439' title='bbox 1196 4474 1247 4529; x_wconf 80' lang='lat' dir='ltr'><strong><em>pro</em></strong></span> <span class='ocrx_word' id='word_1_440' title='bbox 1264 4459 1305 4530; x_wconf 83' lang='grc' dir='ltr'><strong><em>μά</em></strong></span> <span class='ocrx_word' id='word_1_441' title='bbox 1324 4456 1392 4527; x_wconf 81' lang='grc' dir='ltr'><strong><em>τοὺς</em></strong></span> 
     </span>
     <span class='ocr_line' id='line_1_42' title="bbox 132 4537 1256 4616; baseline 0.001 -16"><span class='ocrx_word' id='word_1_442' title='bbox 132 4543 206 4600; x_wconf 80' lang='lat' dir='ltr'><strong><em>UBT</em></strong></span> <span class='ocrx_word' id='word_1_443' title='bbox 277 4537 341 4602; x_wconf 76' lang='grc' dir='ltr'><strong><em>ούόὲ</em></strong></span> <span class='ocrx_word' id='word_1_444' title='bbox 361 4575 390 4585; x_wconf 90' lang='grc'><strong>-</strong></span> <span class='ocrx_word' id='word_1_445' title='bbox 409 4561 436 4615; x_wconf 86' lang='lat' dir='ltr'><strong><em>p.</em></strong></span> <span class='ocrx_word' id='word_1_446' title='bbox 455 4549 515 4615; x_wconf 79' lang='lat'>80,2</span> <span class='ocrx_word' id='word_1_447' title='bbox 534 4541 619 4604; x_wconf 66' lang='grc' dir='ltr'><strong><em>ἀλλοις</em></strong></span> <span class='ocrx_word' id='word_1_448' title='bbox 638 4561 734 4615; x_wconf 77' lang='lat' dir='ltr'><strong>parum</strong></span> <span class='ocrx_word' id='word_1_449' title='bbox 752 4546 839 4614; x_wconf 76' lang='lat' dir='ltr'>logice</span> <span class='ocrx_word' id='word_1_450' title='bbox 855 4547 923 4602; x_wconf 83' lang='grc' dir='ltr'><strong><em>1ιιαο</em></strong></span> <span class='ocrx_word' id='word_1_451' title='bbox 940 4548 1012 4603; x_wconf 73' lang='lat' dir='ltr'>inter</span> <span class='ocrx_word' id='word_1_452' title='bbox 1030 4561 1059 4603; x_wconf 83' lang='grc' dir='ltr'><strong><em>ιε</em></strong></span> <span class='ocrx_word' id='word_1_453' title='bbox 1078 4550 1256 4616; x_wconf 79' lang='lat' dir='ltr'><strong>opponuntur</strong></span> 
     </span>
    </p>
   </div>
   <div class='ocr_carea' id='block_1_5' title="bbox 0 0 1751 5268">
    <p class='ocr_par' dir='ltr' id='par_1_9' title="bbox 0 0 1751 5268">
     <span class='ocr_line' id='line_1_43' title="bbox 0 0 1751 5268; baseline 0 0"><span class='ocrx_word' id='word_1_454' title='bbox 0 0 1751 5268; x_wconf 95' lang='lat' dir='ltr'><strong><em> </em></strong></span> 
     </span>
    </p>
   </div>
  </div>
 </body>
</html>
