3520 5270
330 337 372 398 98
678 338 803 397 morus
820 337 872 396 DE
889 335 1235 396 Anssmsrmlonss

497 817 572 896 (33)
592 814 728 896 ΠΕΡΙ
751 813 863 896 ΤΩΝ
886 814 1069 898 ΕΡΓΩΝ
1091 814 1168 896 EN
1191 813 1423 898 ΒΟΥΛΗΙ.

292 1112 306 1173 1
414 1101 493 1192 Ἐγώ
515 1109 572 1172 καί
594 1111 760 1192 πρότερον
780 1109 843 1188 μὲν
864 1108 951 1188 ὑμᾶς
973 1110 1125 1193 ἠγάπων,
1147 1106 1174 1169 ὦ
1198 1105 1334 1193 ἄνδρες,
1357 1109 1474 1193 ὥσπερ
1496 1110 1587 1186 είκὸς

330 1207 370 1296 ἦν
392 1213 451 1274 τδν
474 1208 581 1295 ἄνδρα
603 1211 662 1272 τδν
677 1212 809 1296 ἐπιεικῆ
825 1211 882 1272 καί
894 1204 990 1292 (οὐκ)
1004 1211 1147 1295 ἀνόητον
1162 1211 1200 1272 τδ
1217 1212 1476 1296 φρονιμώτατον
1493 1215 1587 1294 στέρ-

330 1333 400 1396 γειν
423 1321 483 1399 τῆς
505 1310 673 1397 πατρίδος
693 1313 750 1375 καί
771 1313 1011 1395 βεβαιότατον·
1033 1315 1071 1375 τδ
1096 1310 1131 1375 δὲ
1154 1315 1247 1392 ὑμῶν
1269 1309 1392 1388 ἄλλους
1418 1319 1587 1396 προτιμᾶν

331 1419 450 1497 ίμοιον
473 1417 590 1500 ὥσπερ
614 1413 649 1478 εί
667 1435 720 1490 τις
736 1411 923 1500 φιλέπολις
938 1413 1026 1478 εἶναι
1042 1411 1146 1497 λέγων
1161 1419 1237 1489 ταῖς
1254 1415 1378 1490 οἰκίαις
1391 1416 1454 1495 μέν
1467 1412 1586 1500 ἥδοιτο

330 1520 387 1581 καί
414 1521 488 1594 τοῖς
514 1518 750 1603 ἐργαστηρίοις
778 1522 852 1592 τοῖς
880 1519 915 1579 ἐν
944 1525 985 1602 τῇ
1013 1513 1130 1594 πόλει,
1158 1519 1219 1602 την
1248 1513 1284 1578 δέ
1313 1517 1440 1602 ἀγορὰν
1466 1519 1524 1579 καί
1544 1519 1622 1580 m

331 1623 533 1705 πρυτανεῖον
559 1621 616 1682 καί
644 1621 683 1681 τδ
712 1615 950 1704 βουλευτήριον
983 1621 1041 1681 καί
1068 1619 1110 1680 τδ
1139 1615 1225 1690 ἄλλα
1256 1619 1329 1704 ίερά
1364 1616 1588 1702 ἀμελέστερον

331 1716 432 1806 δρῴη,
454 1721 474 1806 ἢ
498 1723 537 1807 νη
560 1722 631 1785 Δία
653 1719 689 1785 εἴ
706 1742 760 1797 τις
774 1719 1059 1803 Λακεδαιμονίων
1081 1723 1120 1783 τδ
1134 1724 1196 1802 μέν
1213 1719 1351 1807 πλῆθος
1364 1719 1488 1808 ἐφίλει,
1510 1724 1590 1798 τούς

332 1821 368 1887 δέ
397 1821 559 1906 βασιλέας
587 1827 644 1888 καί
672 1826 751 1900 τούς
784 1827 931 1910 ἐφόρους
960 1825 1017 1887 καί
1047 1826 1127 1900 τοδς
1155 1829 1315 1908 γέροντας
1343 1819 1482 1909 ητίμαζε
1511 1826 1591 1901 τοδς

333 1929 536 2013 σωφροσύνῃ
564 1934 632 1990 τῶν
661 1924 772 1990 ἄλλων
801 1924 1028 2014 διαφέροντας
1056 1928 1113 1990 καί
1143 1916 1190 1990 δι’
1217 1929 1275 2003 σδς
1297 1928 1418 1990 δπασα
1439 1931 1459 2012 η
1483 1923 1586 2002 πόλις
1599 1937 1726 1991 (mn)

293 2031 313 2094 2
335 2023 490 2111 ἐσῴζετο.
534 2032 621 2092 ὅπου
643 2032 700 2092 καί
722 2030 816 2110 παρὰ
838 2034 913 2105 τοῖς
930 2021 1142 2114 Ἀθηναίοις,
1165 2030 1201 2091 οί
1220 2026 1369 2108 μάλιστα
1391 2029 1589 2114 ἀνθρώπων
1611 2035 1641 2089 1ο
1744 2059 1745 2076 1

334 2127 622 2216 ἐδημοκρατοῦντο
645 2133 701 2195 καί
723 2128 886 2195 πλεῖστον
908 2133 1025 2213 ίνεμον
1047 2137 1122 2208 τοῖς
1143 2128 1287 2207 πολλοῖς
1307 2134 1365 2195 καί
1385 2129 1590 2216 δημοτικοῖς,

336 2230 447 2308 οὐδεὶς
468 2235 614 2297 πώποτε
637 2235 744 2310 σδτως
765 2236 896 2316 ἐγένετο
919 2235 1053 2320 θρασδς
1069 2232 1277 2319 δημαγωγός,
1301 2231 1377 2296 οδδέ
1389 2224 1591 2317 Ὑπέρβολος

334 2338 461 2412 ἐκεῖνος
481 2337 502 2421 ἢ
527 2333 655 2410 Κλέων,
679 2338 766 2399 ὥστε
788 2339 846 2399 τδν
863 2328 997 2422 ’Ἀρειον
1019 2340 1130 2420 πάγον
1150 2339 1170 2423 ἢ
1194 2339 1254 2423 την
1269 2333 1393 2423 βουλὴν
1415 2338 1494 2412 τοδς
1516 2332 1554 2414 έξ
1578 2369 1590 2380 -

334 2438 472 2512 ιιοσίους
494 2438 696 2522 ἀτιμότερον
717 2447 779 2500 τοῦ
801 2435 906 2524 δημου
930 2433 1088 2518 νομίζειν.
1138 2441 1171 2502 εί
1193 2435 1230 2502 δέ
1255 2445 1399 2520 συνεχῶς
1419 2443 1593 2524 μέμνημαι

333 2537 620 2619 Λακεδαιμονίων
641 2543 698 2604 καί
716 2531 920 2626 Ἀθηναίων,
945 2543 1139 2627 συγγνώμην
1157 2544 1325 2620 ἐχέτωσαν
1348 2543 1383 2603 οί
1404 2544 1494 2604 πάνυ
1518 2538 1588 2622 δρι-
1610 2548 1640 2602 15

334 2645 425 2721 μεῖς,
454 2643 507 2704 δτι
535 2649 603 2704 τῶν
631 2644 796 2705 τοιούτων
825 2639 1112 2727 παραδειγμάτων
1141 2644 1226 2723 ὑμεῖς
1248 2639 1366 2720 ἀξίους
1387 2645 1509 2729 κρίνω,
1537 2644 1594 2706 καί

335 2744 423 2827 πρὸς
441 2734 619 2828 Ἕλληνας,
647 2745 694 2820 ώς
717 2743 832 2824 οἶμαι,
861 2741 1100 2827 διαλεγόμενος
1130 2745 1190 2808 οὐκ
1211 2741 1324 2808 ἄλλων
1345 2753 1446 2809 τινῶν
1467 2742 1593 2826 μᾶλλον

298 2844 317 2908 3
339 2850 485 2932 ηγοιῖμαι
508 2849 655 2931 πρέπειν
675 2849 895 2933 μνημονεύειν
916 2848 936 2932 ἢ
959 2855 1027 2909 τῶν
1049 2849 1160 2929 ἄκρως
1178 2835 1350 2934 Ἑλλήνων.
1394 2857 1454 2935 τῆς
1476 2838 1509 2910 δ’
1535 2847 1593 2911 οδν

337 2949 470 3024 εδνοίσς
499 2956 559 3034 τῆς
589 2950 678 3034 πρὸς
704 2951 790 3030 ὑμᾶς
817 2951 873 3013 καί
900 2957 961 3034 τῆς
988 2950 1140 3026 πίστεως
1167 2951 1274 3014 ἐκεῖνο
1308 2953 1387 3031 ὑμῖν
1422 2951 1593 3036 γιγνέσθω

337 3052 531 3136 τεκμήριον,
567 3053 623 3114 δτι
649 3053 734 3137 μήτε
763 3053 915 3136 έταιρείρ
941 3053 1009 3115 τινί
1037 3053 1225 3128 πεποιθώς
1252 3055 1336 3139 μήτε
1367 3053 1529 3140 συνήθεις
1557 3050 1594 3131 ἐξ
1614 3061 1645 3113 νο
1658 3065 1745 3118 (δῶκε

336 3155 430 3233 ὑμῶν
452 3153 536 3233 έχων
564 3153 660 3229 τινδς
681 3153 823 3239 θαρρῶν
845 3155 1042 3237 εἰσέρχομαι
1063 3157 1152 3238 πρδς
1173 3155 1273 3236 ὑμᾶς,
1300 3157 1358 3220 καί
1385 3151 1510 3239 νομίζω
1531 3178 1595 3242 μη·

339 3252 434 3330 δενίς
461 3252 601 3318 ίλαττον
623 3256 666 3319 ἂν
695 3257 798 3337 ἔχειν,
828 3253 929 3343 δῆλον
959 3259 1012 3320 δτι
1034 3265 1076 3342 τῇ
1103 3265 1200 3344 κοινῇ
1229 3255 1330 3344 φιλίᾳ
1359 3261 1595 3336 πεπιστευκώς

335 3358 392 3420 καί
413 3365 455 3442 τῇ
478 3359 566 3442 πρὸς
589 3359 745 3434 ἅπαντας
767 3359 892 3442 εὐνοίᾳ,
914 3361 960 3444 μή
979 3378 1015 3441 γε
1031 3361 1168 3445 ἰσχυρὸς
1183 3361 1203 3446 η
1221 3361 1369 3448 φοβερὸς
1383 3361 1473 3425 εἶναι
1488 3358 1596 3425 δοκῶν

336 3461 356 3544 ἢ
385 3455 590 3541 βουλόμενος
619 3461 667 3536 ὡς
698 3456 755 3523 διδ
785 3469 885 3523 τοῦτο
919 3461 1194 3546 θεραπεύεσθαι.
1245 3465 1277 3525 εί
1305 3459 1341 3526 δέ
1369 3462 1488 3549 ηλέουν
1516 3467 1595 3539 τοδς

338 3558 556 3646 δημοτικούς,
585 3563 640 3626 ὅτε
662 3555 748 3648 ἦσαν
768 3559 928 3642 ἐλεεινοί,
949 3565 1007 3627 καί
1027 3555 1113 3626 καθ’
1138 3565 1218 3628 ὅσον
1241 3563 1314 3627 οίόν
1335 3585 1373 3627 τε
1394 3561 1434 3649 ἦν
1455 3565 1590 3627 ἐπικσυ-
1612 3561 1731 3662 25ίῆξῖ

339 3657 450 3749 φίζειν
471 3666 682 3750 ἐπειρώμην,
715 3665 819 3730 οδθέν
843 3669 918 3731 ἐστι
945 3673 1046 3730 τοῦτο
1077 3673 1217 3752 σημεῖον
1244 3673 1307 3729 τοῦ
1333 3669 1421 3749 πρδς
1448 3667 1594 3740 ἐκείνους

338 3769 425 3847 ἔχειν
449 3767 670 3852 οἰκειότερον·
688 3770 769 3834 έπεί
789 3771 846 3833 καί
867 3777 929 3832 τοῦ
949 3771 1108 3849 σώματος
1131 3769 1185 3831 ἀεί
1205 3770 1244 3831 τδ
1262 3770 1388 3847 κάμνον
1402 3767 1594 3851 θεραπεία

337 3889 399 3950 μεν
421 3871 478 3932 καί
501 3866 642 3932 πλείονα
660 3873 859 3952 ποιοίμεθα
874 3874 1039 3956 πρόνοιαν
1062 3866 1180 3932 ποδῶν
1201 3866 1442 3956 ῆέφθαλμῶν,
1465 3871 1545 3932 δταν
1561 3870 1595 3930 σί

426 4086 438 4136 1
458 4073 516 4154 ἐγώ
534 4078 681 4156 πρότερον
698 4083 728 4138 Μ
745 4079 837 4157 ἔγωγε
858 4080 1005 4157 πρότερον
1029 4081 1053 4138 Β
1069 4078 1128 4156 ἐγώ
1148 4085 1199 4141 καί
1221 4079 1369 4158 πρότερον
1391 4081 1441 4141 ΠΤ
1509 4085 1525 4140 2
1544 4076 1598 4144 οὐκ

337 4165 399 4223 αδδ
419 4167 535 4225 Omub.
621 4166 710 4226 δτδν
725 4183 776 4238 pro
792 4167 872 4227 τδΤ
958 4162 1119 4241 ἸδραῖνΜ
1203 4169 1326 4240 μλνοω.
1345 4167 1418 4226 UBT
1504 4161 1597 4243 δῆτί-

338 4254 442 4323 μαζειι
462 4256 489 4319 (ν
505 4249 622 4322 τωδὶ]
710 4257 739 4309 11
759 4249 904 4324 ἄνεμονΒ
972 4256 1239 4322 τοῖςπολιτικοῑςΒ
1309 4258 1341 4310 13
1358 4249 1530 4313 κλειέανῐλ

339 4335 505 4406 ἑξακοσίους
521 4338 594 4407 libri,
611 4339 821 4406 πεντακοσίους
832 4337 950 4396 Gmub.
963 4337 1044 4409 fuluo,
1062 4354 1150 4411 neque
1168 4341 1239 4396 enlm
1255 4339 1290 4397 δε
1308 4337 1367 4396 τοία
1383 4339 1491 4397 Cleonis
1508 4344 1600 4397 οείιίε

339 4421 391 4478 Dio
408 4423 529 4493 loquitur
581 4428 612 4480 ¹8
630 4423 750 4497 πρέπειν
767 4424 861 4482 om.B
914 4429 947 4480 2⁰
965 4421 1077 4506 ἑταιρίᾳ
1093 4421 1168 4482 UBT
1230 4430 1262 4481 22
1282 4420 1394 4499 ἀνέχειν
1410 4423 1442 4481 Μ
1510 4425 1543 4480 2³
1560 4424 1598 4496 μή

339 4525 373 4579 νε
390 4507 497 4578 σεῖον,
512 4503 584 4582 μέτε
601 4508 673 4575 διώ
689 4509 758 4581 μηδὲ
775 4508 856 4580 Emp-
