3476 5264
356 371 419 433 288
786 369 912 430 monis
929 369 1187 429 numenius

356 545 437 634 δρός
458 549 499 610 ἀν
516 544 658 631 λέγοιτο,
681 544 823 611 ἐπειδάν
846 549 906 632 τὴν
922 543 1079 632 ἀνδρείαν
1098 547 1203 610 αύτού
1217 543 1415 628 ἐπεξίωμεν.
1453 551 1545 612 όπου
1561 549 1629 630 μὲν

356 651 418 735 γάρ
448 647 639 737 ἀμφίλογον
667 653 706 714 τό
735 649 825 714 εἷναί
851 671 928 714 τινα
956 657 1128 728 τοιοῦτον,
1157 653 1235 714 τότε
1263 647 1508 716 ἀποδεικνύναι
1539 653 1628 738 χρη·

354 755 442 815 όπου
465 750 501 815 δέ
524 756 759 836 γιγνώσκεται,
787 756 847 839 τὴν
871 755 975 839 φύσιν
1003 755 1157 817 ἐπαινεῖν
1184 760 1246 816 τοῦ
1267 755 1458 838 προσόντος
1481 755 1629 837 ἀγαθοῦ

354 877 432 919 τινι.
478 858 497 918 ό
518 857 581 942 γάρ
604 854 703 921 τοῦδε
725 858 867 932 ἔπαινος
890 858 959 936 ἅμα
982 856 1024 919 ἀν
1046 854 1097 940 εἴη
1119 857 1260 919 καὶτοῦ
1280 858 1415 937 ἐχοντος
1438 856 1532 922 αύτό.

355 955 505 1039 μάλιστα
536 950 569 1022 δ’
601 961 643 1023 όν
671 981 725 1036 τις
745 959 938 1041 θαυμάσειε
960 955 1206 1041 Μελαγκόμαν,
1235 961 1289 1024 ότι
1316 967 1436 1046 μορφῇ
1460 967 1661 1036 τοιοῦτοςε

314 1066 334 1129 9
357 1063 405 1124 ὢν
426 1069 469 1147 τῇ
491 1059 630 1147 ἀνδρείᾳ
653 1060 829 1148 διήνεγκεν.
875 1059 972 1124 δοκεῖ
988 1062 1051 1143 γάρ
1074 1062 1188 1143 έμοιγε
1216 1069 1259 1147 τῇ
1280 1069 1374 1148 ψυχῇ
1397 1058 1625 1149 φιλονικῆσαι

357 1165 446 1248 πρὸς
473 1165 512 1226 τό
544 1171 642 1245 σῶμα
669 1166 727 1228 καί
756 1162 953 1228 σπουδάσαι
981 1166 1077 1240 ὅπως
1105 1164 1146 1228 ἀν
1174 1161 1231 1228 διά
1254 1167 1379 1252 ταύτην
1401 1161 1625 1250 ἐνδοξότερος

356 1270 502 1351 γίνηται.
544 1269 643 1350 γνούς
666 1267 723 1330 ούν
746 1275 813 1331 τῶν
836 1270 924 1353 πρὸς
953 1265 1111 1353 ἀνδρείαν
1137 1268 1243 1349 ἔργων
1264 1263 1445 1332 κάλλιστον
1468 1270 1539 1348 ἅμα
1562 1269 1624 1332 καὶ

357 1370 620 1434 ἐπιπονώτατον
641 1372 701 1457 την
723 1367 884 1455 όθλησιν,
908 1372 968 1434 ἐπί
989 1372 1114 1455 ταύτην
1134 1366 1251 1455 ἦλθεν.
1290 1375 1359 1433 τῶν
1381 1371 1442 1451 μὲν
1464 1371 1527 1455 γάρ
1552 1381 1719 1434 rto-(ml

359 1467 501 1552 λεμικῶν
524 1476 543 1536 δ
564 1495 601 1536 τε
622 1475 740 1555 καιρός
762 1474 821 1536 ούκ
842 1469 883 1558 ἦν
905 1475 926 1558 ἢ
949 1493 985 1535 τε
1007 1475 1152 1558 ἀσκησις
1174 1469 1399 1558 ἐλαψροτέρα.
1446 1473 1554 1559 φαίην
1578 1464 1615 1535 δ’
1645 1481 1673 1534 ιο

355 1575 396 1635 όν
418 1575 522 1657 ἔγωγε
544 1577 601 1640 καί
623 1577 744 1662 ἀρετῆς
765 1578 906 1661 ἥττονος
928 1573 1026 1639 εἶναι.
1063 1578 1169 1659 μόνης
1183 1575 1245 1660 γάρ
1261 1575 1427 1658 εὐψυχίας
1448 1571 1624 1652 ἐπίδειξις

354 1677 391 1738 έν
412 1681 487 1750 τοῖς
509 1674 726 1757 πολεμικοῖς,
755 1681 775 1763 η
801 1675 837 1740 δέ
860 1674 1012 1762 ἄθλησις
1034 1679 1105 1757 ἅμα
1127 1679 1190 1757 μέν
1212 1673 1387 1762 ἀνδρείαν,
1411 1679 1480 1758 ἅμα
1504 1675 1541 1742 δέ
1566 1680 1623 1740 ἐσ-

305 1781 344 1844 10
354 1779 425 1857 χύν,
450 1780 519 1858 ἅμα
536 1775 572 1842 δέ
597 1781 822 1866 σωφροσύνην
842 1781 992 1860 ἐμποιεῖ.
1029 1782 1086 1844 καί
1100 1781 1213 1844 τοίνυν
1226 1788 1287 1866 τῆς
1303 1777 1484 1866 ἀθλήσεως
1507 1777 1624 1846 είλετο

358 1881 396 1941 ού
418 1883 457 1943 τό
480 1879 617 1966 ῥᾷστον,
641 1879 726 1946 ἀλλὰ
745 1885 784 1945 τό
804 1880 1066 1964 χαλεπώτατον·
1088 1885 1222 1970 πυγμην
1243 1883 1306 1968 γάρ
1328 1884 1483 1969 ἤσκησεν.
1518 1882 1624 1964 χαλε-

356 1983 422 2045 πόν
444 1986 506 2064 μὲν
529 1985 665 2049 οὖνκαὶ
690 1994 753 2048 τού
774 1983 952 2067 ἐλαχίστου
981 1988 1079 2071 έργοο
1101 1978 1160 2050 ἐπ’
1191 1987 1293 2070 ἀκρον
1315 1983 1448 2066 ἐλθεῖν,
1472 1989 1556 2072 μήτι
1578 2007 1619 2070 γε
1644 1993 1673 2046 15

355 2086 391 2148 ἐν
413 2084 463 2168 τῷ
490 2089 637 2172 μεγίστῳ
669 2090 727 2152 καί
755 2086 1007 2175 δυσχερεστάτῳ
1032 2092 1163 2165 πάντας
1191 2086 1467 2170 ὑπερβαλέσθαι,
1498 2091 1622 2176 ὥσπερ

354 2184 421 2254 όδε.
465 2191 521 2254 καί
549 2192 587 2253 τό
615 2193 678 2271 μέν
706 2193 786 2268 τούς
816 2194 1006 2278 στεφάνους
1034 2191 1138 2254 αὐτοῦ
1164 2183 1250 2253 καθ’
1275 2194 1416 2255 ἕκαστον
1441 2188 1623 2270 ἐπεξιέναι

356 2294 413 2356 καί
434 2294 515 2369 τούς
537 2295 679 2376 ἀγῶνας,
702 2296 738 2358 ἐν
754 2295 807 2371 οίς
824 2296 966 2381 ἐνίκησε,
990 2295 1078 2379 πρός
1100 2291 1235 2370 είδότας
1256 2297 1341 2376 ύμάς
1364 2297 1533 2380 περιττόν,
1557 2292 1622 2356 άλ-

304 2395 340 2458 11
357 2391 423 2471 λως
452 2416 489 2459 τε
518 2398 574 2460 καί
596 2401 731 2482 ἐτέρους
753 2399 795 2460 ἀν
817 2395 913 2460 εἴποι
940 2419 993 2473 τις
1013 2403 1081 2460 τῶν
1104 2398 1214 2460 αὐτῶν
1236 2399 1405 2477 τυχόντας.
1450 2397 1470 2458 ό
1492 2394 1530 2460 δέ
1552 2418 1621 2484 μη-

353 2493 424 2560 δενί
445 2496 603 2584 ὑπῆρξεν,
626 2499 825 2562 ἐπίστασθε
838 2503 900 2580 μὲν
916 2501 1054 2579 δμοίως,
1077 2489 1124 2562 δι’
1143 2500 1225 2562 αύτδ
1239 2503 1357 2579 μέντοι
1374 2507 1474 2563 τοῦτο
1490 2502 1616 2586 ῥητέον
1641 2507 1719 2564 wi

352 2598 438 2673 (τοῖς
459 2601 521 2684 γάρ
543 2603 588 2687 μη
615 2599 745 2664 εἰδόσιν
768 2598 845 2664 ούδέ
868 2609 1054 2665 πιστεύσαι
1075 2592 1208 2687 ῥηίδιον)
1236 2605 1290 2665 ότι
1311 2604 1491 2678 τοσούτοις
1513 2603 1618 2665 ἀντα-

352 2707 535 2783 γωνισταῖς
553 2706 766 2788 χρησάμενος
787 2705 844 2768 καί
860 2705 967 2780 οὕτως
982 2704 1131 2787 ἀγαθοῖς
1146 2695 1209 2768 ὐπ’
1235 2701 1371 2780 ούδενδς
1386 2705 1531 2790 ηττήθη,
1555 2705 1617 2767 αύ-

350 2804 410 2878 τδς
433 2800 469 2865 δέ
493 2805 546 2868 ἀεὶ
568 2808 702 2881 πάντας
723 2807 826 2868 ἐνίκα.
871 2807 985 2870 καίτοι
1014 2806 1090 2869 ούτε
1114 2808 1300 2892 στρατηγόν
1322 2807 1416 2891 εδροι
1437 2828 1492 2882 τις
1513 2807 1555 2870 ἀν
1577 2809 1616 2870 έν

352 2908 456 2970 παντί
483 2905 531 2990 τῷ
557 2910 666 2992 χρόνῳ
698 2909 863 2994 ἀήττητον
893 2909 970 2972 ούτε
1001 2910 1142 2994 ἀριστέα
1172 2906 1372 2989 πολεμικόν,
1403 2909 1442 2984 δς
1467 2909 1525 2971 ούκ
1545 2907 1612 2994 ἤδη

352 3011 437 3072 ποτέ
459 3012 516 3074 καί
537 3011 659 3096 ἔφυγεν
682 3013 718 3073 ἐκ
738 3012 856 3095 μάχης.
902 3009 979 3075 οδδέ
1001 3012 1063 3096 γάρ
1086 3013 1140 3075 ότι
1161 3015 1290 3091 ταχέως
1311 3007 1522 3096 ἐτελεύτησε,
1551 3008 1610 3074 διά
1634 3017 1665 3071 2⁵

350 3119 450 3174 τοῦτο
481 3113 566 3197 φαίη
597 3133 651 3188 τις
678 3113 720 3175 ἀν
748 3114 914 3198 ἀήττητον
943 3111 1174 3196 διαγενέσθαι.
1221 3111 1310 3176 πολύ
1337 3114 1401 3197 γάρ
1428 3109 1613 3188 πλείστους

350 3213 413 3290 [ἀν]
435 3214 568 3295 ἀγῶνας
583 3215 791 3300 ηγωνίσατο·
814 3217 850 3278 έν
873 3212 909 3277 δέ
932 3224 974 3301 τῇ
997 3218 1101 3301 πείρᾳ
1120 3217 1159 3278 τό
1184 3212 1415 3302 σφάλλεσθαι,
1438 3216 1496 3278 ούκ
1511 3217 1547 3278 ἐν
1562 3213 1613 3298 τῷ

1459 3353 1602 3366 uun-*-

436 3453 447 3502 1
472 3443 592 3520 ἀνδρίαν
614 3448 638 3505 U
662 3465 697 3504 m.
719 3466 760 3520 pr.
784 3449 808 3505 B
912 3443 1001 3510 αύτοδ
1022 3449 1098 3516 libri,
1124 3442 1214 3522 αύτὴν
1236 3449 1359 3516 (ieelim,
1386 3466 1465 3519 quem
1488 3449 1614 3518 nequitur

347 3533 447 3604 Eum..
473 3540 503 3590 ω
530 3534 686 3592 referuntur
710 3535 780 3592 ίιιεε
805 3535 841 3590 εδ
872 3541 1029 3606 sequentem
1056 3536 1118 3593 indo
1146 3535 1245 3592 ελό
1276 3535 1408 3594 orationi·
1438 3535 1612 3606 puticuim,

347 3635 419 3692 ηυεε
440 3635 496 3676 σου
520 3625 562 3678 εει
588 3620 757 3678 fortitudinis
784 3621 903 3676 laudatio
932 3621 980 3676 εεδ
1007 3620 1193 3677 Μάαυεοιαεε
1221 3637 1299 3692 quem
1324 3619 1503 3677 fortissimum
1526 3619 1615 3676 inim

348 3705 517 3762 demonstrat
601 3709 617 3760 2
635 3700 836 3778 ἀναμφίλογον
853 3705 930 3772 libri,
953 3721 1023 3762 corr.
1046 3704 1174 3762 Reiskius
1280 3712 1295 3762 3
1312 3701 1502 3779 γιγνώσκεται
1520 3705 1611 3776 Εαιρ,

346 3794 475 3866 γίγνεται
496 3790 559 3846 libri
661 3789 844 3862 ἐθαυμάσιε
861 3790 892 3845 Μ
995 3785 1135 3866 δείνδρίᾳ
1157 3789 1210 3846 ΒΜ
1331 3794 1529 3864 φιλονειιὴσαε
1545 3789 1612 3846 libri

347 3883 456 3948 praeiet
472 3875 503 3930 M
588 3869 743 3951 δάνόρίαν
760 3875 783 3933 U
800 3893 835 3932 m.
852 3893 893 3947 pr.
911 3875 942 3931 ii
1028 3871 1157 3950 ἐργονῦ
1253 3865 1398 3949 θῆλθεΒ
1493 3881 1521 3932 ii
1542 3869 1613 3950 ἀρε·

347 3967 398 4036 τῆς
414 3954 538 4036 η’ττονος
555 3961 662 4032 scripsi,
680 3957 783 4035 ταύτης
799 3951 907 4034 ἥττονα
924 3961 995 4030 iibri.
1014 3962 1086 4032 quod
1104 3961 1171 4018 ferri
1187 3976 1243 4018 non
1261 3967 1361 4032 potest,
1379 3961 1443 4032 quin
1459 3961 1522 4032 ipa
1538 3960 1611 4018 miii·

345 4049 418 4104 urin
434 4061 519 4118 opera
535 4047 671 4104 athleticis
687 4047 793 4103 minori
811 4047 901 4104 δίοεεε
918 4047 1061 4104 ridiculum
1079 4050 1153 4104 εεεεί
1230 4051 1260 4101 12
1278 4039 1401 4120 ἀνδρίαν
1416 4045 1441 4102 U
1459 4061 1495 4102 αι
1513 4061 1555 4115 pr.

346 4123 407 4204 δμα
425 4133 456 4192 δὲ
473 4126 614 4208 εύηωχίαν
630 4139 694 4204 post
711 4126 846 4206 ἀνόρείαν
863 4131 969 4189 adiu
1022 4125 1049 4189 δ’
1067 4127 1189 4205 lanivii
1243 4135 1275 4188 1³
1292 4128 1389 4190 είλετο
1407 4130 1438 4186 λλ
1509 4135 1541 4186 u
1557 4126 1609 4202 ἤσ·

344 4239 415 4292 κησε
434 4219 482 4276 UB
554 4224 584 4275 15
602 4215 759 4291 ἐμαχίστον
776 4219 805 4274 Μ
895 4223 928 4272 20
945 4215 1124 4276 ἀπίστασθαι
1141 4217 1190 4274 UB
1276 4221 1306 4272 21
1326 4212 1365 4290 μὴ
1382 4215 1521 4283 Roianus,
1537 4213 1610 4287 μηόέ

345 4305 407 4360 libri
488 4294 562 4364 ὅταν
578 4303 667 4372 unii,
686 4294 774 4362 ἀτιΤ
863 4307 897 4358 24
915 4297 1066 4361 πολιτικὸν
1082 4303 1113 4359 Μ
1130 4302 1204 4358 unde
1221 4297 1381 4372 πολεμικόν
1398 4300 1503 4370 snivai.
1522 4299 1609 4358 πολέ-

341 4409 408 4458 μων
426 4388 475 4445 UB
579 4391 612 4444 26
630 4382 771 4460 ἀήττητον
788 4387 919 4452 Gmuh..
943 4382 1035 4446 αύτάν
1055 4387 1130 4456 libr13
1156 4379 1247 4444 αάτδν
1263 4380 1440 4461 (ἀήττητον)
1457 4384 1538 4454 Εωρ.

346 4477 377 4528 21
396 4469 434 4532 ἀν
450 4474 562 4530 ”clusit
579 4473 704 4529 Reiskius
790 4465 969 4544 ἠγωνίσαντο
988 4471 1046 4536 (iod
1063 4492 1081 4528 ν
1099 4472 1215 4528 aiterum
1231 4485 1250 4528 a
1267 4477 1350 4540 οοεε.)
1367 4469 1392 4530 U
1471 4467 1504 4527 έν
1521 4467 1553 4528 όέ
1571 4471 1610 4541 τῇ

342 4585 380 4599 -
396 4553 559 4629 ἠγωνίσατο
576 4575 604 4630 p.
621 4562 671 4614 289
688 4558 734 4612 ii
753 4572 805 4614 om.
825 4556 873 4613 UB
