3454 5272
342 388 404 447 326
841 385 1032 443 APPENDIX
1048 385 1099 442 111.

341 566 465 648 ήπόρει
490 570 532 647 τῇ
557 565 785 646 έπικρατοόση
812 566 889 637 ταῖς
913 569 981 624 τῶν
1004 558 1202 643 συμβούλων
1225 556 1393 641 μεθόδους
1421 562 1471 636 είς
1498 563 1609 623 άπαι-

341 666 429 749 θρον
452 667 607 751 χρῆσθαι
632 661 912 748 περιαυτολογίᾳ,
945 666 1030 750 φησί
1058 666 1117 726 τόν
1149 664 1367 748 εἰσηγεῖσθαι
1397 669 1609 745 τεταγμένον

345 763 681 852 σεμνολογήσασθαι,
717 767 764 841 ὡς
800 768 841 828 άν
877 747 899 850 ᾗ
928 768 1031 850 ταύτῃ
1061 768 1100 828 τό
1131 763 1381 850 εύπαράδεκτον
1409 764 1502 848 αὐτῷ
1536 773 1609 827 τῶν
1711 825 1712 828 ,

344 869 605 948 ὑποτιθεμένων
626 871 883 948 κατανυόμενσν,
913 869 991 930 έπεί
1018 888 1073 931 τοι
1094 869 1151 930 καί
1174 864 1271 951 λόγος
1295 866 1564 952 δραστικώτερος
1588 869 1610 928 ό

314 979 405 1033 οτού
416 972 618 1054 κρείττονος.
655 961 720 1057 ἀφ’
740 967 781 1032 ού
795 968 892 1034 δοκεῖ
910 989 971 1051 μοι
993 972 1049 1032 καί
1063 962 1211 1055 Ὅμηρος
1234 971 1446 1047 όέποποιός,
1469 967 1609 1032 ένευδο-

343 1081 450 1154 κιμῶν
462 1074 503 1135 τά
515 1081 656 1136 τοιαῦτα
670 1074 707 1134 ού
717 1073 801 1134 κατά
814 1075 893 1148 τούς
904 1069 1053 1148 πολλούς
1064 1073 1196 1152 καίριόν
1212 1092 1248 1135 τε
1266 1077 1341 1147 τοῖς
1355 1061 1429 1152 μετ’
1450 1073 1553 1134 αύτόν
1569 1075 1608 1134 έν

344 1180 418 1250 τοῖς
434 1176 568 1255 ὁμοίοις
579 1173 806 1260 παραδεικνύς
816 1175 973 1260 μάθημα,
983 1178 1042 1238 τόν
1053 1171 1184 1238 Πύλιον
1200 1177 1430 1260 παρεισήγαγε
1443 1177 1607 1258 Νέστορα

344 1278 412 1339 ὑπὸ
435 1279 611 1358 Δρύαντος
640 1278 795 1352 Καινέως
824 1298 861 1340 τε
888 1274 1179 1358 μετακαλούμενον
1211 1278 1268 1338 καί
1292 1267 1444 1353 Ἐξαδίου
1478 1285 1539 1362 τῆς
1568 1270 1607 1338 τ’

345 1376 449 1465 ἄλλης
470 1371 545 1442 κατ’
572 1382 719 1456 ἐκείνους
741 1381 911 1466 φρατρίας
932 1381 1035 1466 ἀρχήν
1064 1381 1126 1460 μέν
1153 1379 1350 1464 ἐκβοηθεῖν,
1379 1377 1453 1440 εἶτα
1481 1381 1608 1440 τούτου

293 1488 323 1540 1ο
345 1480 530 1564 λαβόμενον
550 1485 707 1567 Νέστορα
729 1491 771 1567 τῇ
797 1479 988 1566 έξαγγελίρ,
1012 1484 1072 1545 ἅτε
1094 1479 1133 1568 δή
1160 1489 1202 1566 τῇ
1223 1482 1308 1544 κατά
1331 1486 1429 1565 χεῖρα
1452 1481 1609 1566 βοηθείᾳ

345 1587 523 1659 τοσούτοις
537 1587 596 1646 τὸν
611 1581 766 1648 ένυάλιον
781 1581 926 1669 ἀνδράσι
935 1582 1204 1668 χρειωδέστατον
1221 1580 1376 1661 δόξαντα,
1393 1583 1609 1667 προσθεῖναι

345 1689 383 1748 τὸ
400 1686 470 1749 ἀπό
486 1684 584 1749 τοῦδε
601 1687 660 1749 ούκ
674 1687 844 1772 ὠκνηκότα
860 1687 896 1749 τί
901 1709 912 1762 ,·
928 1695 1028 1749 τοῦτο
1046 1690 1085 1750 τό
1100 1688 1326 1770 καιριώτατον
1346 1682 1430 1768 λέγω
1446 1693 1506 1771 τῆς
1522 1703 1609 1766 συμ-

345 1785 477 1874 βουλῆς.
522 1790 557 1851 τί
577 1792 639 1873 γάρ
664 1805 769 1875 φησι,·
794 1781 864 1852 ’καί
885 1793 947 1869 μέν
968 1810 1030 1869 μευ
1052 1786 1203 1871 βουλέων
1229 1785 1341 1866 ξύνιον
1371 1789 1541 1850 πείθοντό
1569 1810 1609 1850 τε
1711 1781 1712 1792 ’

343 1890 467 1972 μύθῳ’.
499 1892 556 1953 καί
582 1888 770 1976 ἐπειδήπερ
792 1894 853 1955 έπί
875 1900 1039 1955 τοσοῦτον
1054 1893 1092 1955 τό
1112 1897 1235 1954 έαυτοῦ
1248 1887 1509 1974 μεγαλοπρεπές
1523 1893 1609 1954 ύπε-

296 1999 325 2052 ιο
349 1994 507 2079 στήσατο,
531 1995 578 2069 ὡς
599 1996 641 2056 ἀν
663 1992 726 2080 ήδη
749 1997 959 2079 μετεωρίσας
981 1997 1019 2057 τό
1042 1996 1138 2078 ἔργον
1154 1995 1225 2056 άπὸ
1241 2001 1303 2056 τού
1316 1995 1488 2070 τοιούτοις
1502 1996 1609 2075 ύπερ-

349 2101 470 2182 φυέσιν
498 2093 681 2181 ἀξιόχρεως
711 2099 938 2185 νομισθῆναι,
969 2099 1027 2172 οὓς
1058 2098 1116 2159 καί
1144 2097 1350 2181 πειθηνίους
1382 2102 1450 2158 τῶν
1483 2099 1612 2158 ἑαυτοῦ

346 2195 584 2279 βουλευμάτων
607 2197 757 2286 έξέφηνε,
782 2201 1010 2275 πεποιθότως
1035 2198 1194 2261 ἐντεῦθεν
1216 2201 1411 2282 ἐπήνεγκεν·
1431 2189 1531 2259 ‘dm
1548 2198 1609 2258 πί-

346 2302 460 2365 θεσθε
474 2305 530 2366 καί
544 2303 660 2383 ύμμες,
677 2306 754 2368 έπεί
769 2304 964 2367 πείθεσθαι
979 2299 1143 2383 ἄμεινον’,
1156 2305 1262 2382 μόνον
1279 2302 1351 2380 υύχὶ
1361 2297 1481 2382 λέγων·
1505 2301 1610 2384 όρᾶτε

348 2405 407 2480 ούς
429 2406 493 2488 έγὼ
516 2409 693 2482 τοιούτους
715 2407 838 2491 έσχηκα
866 2408 1068 2490 κακηκόυυς,·
1098 2404 1217 2466 οὔκουν
1246 2400 1362 2478 ἀκλεὲς
1391 2399 1468 2465 οὐδέ
1499 2403 1609 2482 άσύμ·

296 2510 326 2562 ²⁰
350 2526 458 2592 φορόν
479 2510 536 2570 καί
557 2509 642 2588 ὑμᾶς
664 2510 741 2588 έμοί
756 2508 962 2570 πείθεσθαι.
1000 2507 1101 2586 ὁμέν
1118 2506 1176 2568 υδν
1193 2506 1279 2568 οὕτω
1297 2511 1418 2590 σαφῶς
1433 2507 1493 2590 τήν
1509 2507 1608 2586 περί-

348 2627 454 2684 νοιαν,
477 2617 519 2693 τῇ
542 2607 666 2693 πράξει
688 2612 748 2696 τήν
769 2607 923 2690 μέθοδον
946 2606 1159 2690 έμπεδώσας,
1183 2600 1259 2670 ἀλλ’
1286 2609 1345 2688 ούχ
1367 2609 1608 2690 όΠρουσαεύς

348 2707 447 2785 ούτος
469 2718 640 2786 τοιοῦτος,
664 2708 784 2794 διόπερ
810 2712 868 2772 οόκ
889 2713 973 2791 έχων
995 2713 1166 2786 τοιούτοις
1194 2712 1251 2773 καί
1273 2709 1372 2786 οὗτος
1394 2706 1606 2792 έγκαλλωπί-
1711 2725 1712 2728 ’

349 2813 483 2874 σασθαι
506 2817 630 2897 έτέρως
649 2818 783 2894 μέτεισι
806 2816 865 2899 τήν
885 2813 1010 2897 χρείαν.
1048 2814 1127 2876 έπεί
1148 2813 1211 2896 γάρ
1232 2803 1309 2897 ᾔδει
1331 2815 1391 2898 τήν
1410 2813 1607 2894 όμογνωμο·

349 2916 449 2996 σύνην
471 2918 652 3000 ταυτότητι
673 2918 811 2998 τρόπων
833 2917 913 2990 τούς
935 2917 1254 2998 όμογνωμσνσῦντας
1281 2912 1495 2992 συνδέουσαν,
1519 2917 1538 2976 ό
1567 2935 1604 2996 γε

295 3021 326 3072 ²⁶
349 3014 471 3080 λοιπόν
492 3020 549 3080 καὶ
570 3019 630 3100 τήν
653 3019 831 3098 ἰσονομίαν
846 3017 1024 3101 βραβεύειν
1043 3019 1238 3095 ἐπίσταται,
1261 3018 1408 3092 έκείνους
1430 3016 1605 3100 ἀθροίσας

346 3122 424 3182 όσοι
445 3120 507 3195 τάς
528 3117 723 3200 βασιλείους
746 3119 866 3202 οἴμους
886 3118 1130 3207 κατειληφότες
1149 3116 1322 3206 γνωρίζειν
1343 3124 1418 3195 τοῖς
1438 3119 1604 3202 έρχεσθαι

347 3225 472 3296 ταύτας
505 3219 749 3307 ἀσφαλέστατα
781 3221 1002 3305 βουλομένοις
1035 3220 1260 3300 θεσπίζουσι,
1294 3225 1352 3284 τόν
1380 3219 1604 3306 Μελητιάδην

349 3314 488 3407 Όμηρον
511 3321 606 3407 λέγω,
629 3327 789 3411 Σωκράτη
813 3347 850 3390 τε
865 3329 924 3389 τόν
938 3328 1181 3412 Σωφρονίσκου
1196 3327 1253 3388 καὶ
1269 3327 1491 3409 Φαιναρέτης,
1515 3326 1605 3408 πρὸς

349 3421 384 3485 δὲ
407 3428 463 3488 καί
484 3429 629 3513 Διογένη
652 3431 711 3491 τόν
732 3431 909 3506 Σινωπέα,
938 3430 995 3492 καὶ
1022 3433 1140 3509 μέντοι
1168 3424 1387 3508 πλασάμενός
1414 3446 1449 3488 τι
1476 3423 1603 3506 μεταξύ

294 3532 326 3587 ³⁰
349 3535 416 3592 τῶν
440 3525 617 3612 λόγωνκαὶ
639 3532 749 3609 αὐτὸς,
773 3534 809 3594 έκ
823 3528 1107 3616 Πελοποννησίας
1121 3534 1233 3616 γραός,
1253 3521 1451 3614 Ἀρκαδικῆς
1465 3529 1527 3608 μέν
1542 3531 1604 3614 τήν

349 3631 490 3717 οἴκησιν,
513 3630 696 3719 νομαδικής
719 3631 755 3696 δέ
777 3636 836 3697 τόν
859 3636 944 3716 βίον,
967 3636 1023 3696 καὶ
1046 3635 1125 3715 περὶ
1147 3635 1185 3695 τό
1201 3632 1384 3695 ένθουσιάν
1399 3647 1603 3715 προσευκαι-

348 3737 483 3819 ρυόσης,
506 3738 631 3820 ταύτης
654 3737 832 3821 ἀκηκοέναι
855 3739 935 3822 περί
957 3743 1019 3798 τοῦ
1039 3737 1075 3798 έκ
1099 3731 1248 3819 Σεμέλης
1266 3725 1470 3818 Ἡρακλέους
1491 3735 1545 3808 τίς
1567 3753 1604 3796 τε

349 3835 447 3912 σύτος
469 3837 521 3923 εἴη
551 3839 628 3900 όέκ
649 3835 798 3924 Σεμέλης
819 3842 876 3902 καί
899 3839 972 3915 οίυς
993 3841 1051 3901 τόν
1074 3839 1164 3920 βίον,
1193 3834 1278 3899 ἀλλά
1306 3857 1343 3919 γε
1370 3838 1427 3900 καί
1454 3838 1507 3899 δτι
1536 3825 1600 3898 ὑπ’

435 4127 446 4177 1
466 4117 604 4192 μεθόδους
620 4121 675 4177 huc
691 4124 857 4194 transposui,
876 4124 948 4192 quod
965 4123 1044 4193 vulgo
1062 4122 1159 4191 legitur
1175 4127 1238 4192 post
1253 4125 1380 4193 χρῆσθαι
1397 4121 1445 4176 l.²
1497 4125 1514 4176 4
1532 4117 1605 4180 διιο-

347 4209 479 4279 ύεμένυιν
497 4209 519 4265 U
536 4205 756 4280 ὑποτιθεμένων
772 4211 797 4262 D
851 4214 866 4264 δ
883 4207 1074 4279 ένευόοκιμιῦν
1091 4209 1196 4278 scripsi,
1213 4205 1405 4275 ἐνευδοκιμεῖν
1422 4205 1447 4262 U
1507 4210 1524 4262 6
1540 4211 1605 4265 καί·

348 4291 414 4368 ριδν
430 4315 462 4354 τε
479 4295 575 4366 scripsi
592 4290 707 4369 καίριόν
723 4314 751 4351 τι
768 4295 794 4351 U
862 4297 878 4349 9
897 4287 988 4369 ἀρχήν
1004 4295 1058 4364 μέν
1074 4291 1229 4366 ἐκβοηθεῖν
1246 4298 1383 4363 οοπσριε,
1402 4290 1443 4358 είς
1459 4281 1605 4361 βοήθειαν

347 4381 452 4451 Kayser
522 4385 553 4437 1⁰
571 4385 607 4452 τῇ
624 4411 656 4420 -
673 4382 799 4458 βοηθείᾳ
815 4379 894 4448 wi1.;
913 4383 963 4452 τῆς
980 4377 1162 4454 βοηθείαςῐ]
1234 4383 1261 4434 11
1281 4373 1336 4436 τὸν
1346 4377 1452 4449 scripsi,
1470 4371 1543 4435 τὸΰ

349 4469 380 4520 1³
398 4465 476 4521 Hom.
495 4468 521 4521 Δ
539 4469 588 4521 ²¹13
659 4471 690 4520 1⁵
707 4461 934 4539 μετεωρήσαςῑί
1005 4469 1035 4519 17
1054 4466 1078 4519 Δ
1097 4469 1146 4520 275
1216 4464 1399 4522 πείθεοθεῐ]
1468 4467 1501 4518 20
1519 4479 1543 4520 ο.
1562 4479 1604 4532 gr.

348 4546 399 4623 τὴν
415 4552 566 4624 περίνοιαν
581 4551 692 4623 (δηλοῖ)
760 4554 793 4606 26
812 4545 949 4624 ἔρχεσθαι
966 4550 1072 4621 εοιίρεὶ,
1089 4546 1231 4625 ἄρχεσθαι
1249 4549 1275 4606 U
