3476 5264
333 399 397 459 260
772 397 898 456 motus
916 398 967 454 DE
985 395 1144 454 sEcEflsn

336 582 403 638 τῶν
425 571 601 658 βλαβερῶν
621 575 678 637 καλ
700 574 909 658 ἀσυμφόρων
932 575 1126 657 πράττοντα
1150 569 1316 637 διατελεῖν
1338 581 1512 654 πανταχοῦ
1525 594 1597 638 τοι·

337 679 422 739 αῦτά
444 677 538 738 ἐστιν
559 676 616 738 καί
643 677 682 738 τό
713 673 963 759 συνδιατρίβειν
991 677 1045 739 ἀεί
1071 673 1119 758 τῴ
1148 678 1319 756 ἐντυχόντι
1348 673 1597 757 ἀδολεσχοῦντα

336 780 394 842 καί
421 779 585 841 ἀκούοντα
614 774 720 861 λόχων
751 775 847 840 ούδίν
872 779 1049 863 χρησίμων
1077 766 1099 862 ἢ
1128 779 1207 863 περὶ
1228 779 1270 840 τά
1298 776 1468 859 βασιλέως
1490 781 1598 864 πράχ·

296 889 315 950 4
337 901 429 962 ματα
453 877 639 965 διατρίβειν
661 868 681 964 ἢ
704 880 745 942 τά
768 887 830 942 τοῦ
851 876 972 956 δεῖνος,
996 880 1043 955 ὡς
1064 882 1131 966 έφη
1154 901 1216 956 τις.
1254 881 1293 942 ού
1309 883 1372 966 γάρ
1387 883 1481 944 έστιν
1497 882 1596 968 ἀνόη-

336 1002 395 1058 τος
416 990 476 1069 τῆς
504 984 608 1045 αύτοῦ
634 990 744 1070 ψυχῆς
771 984 902 1067 κύριος,
931 978 1017 1044 ἀλλά
1047 983 1254 1068 ῥεμβόμενός
1281 1003 1317 1046 τε
1345 985 1402 1047 καλ
1431 985 1632 1067 ἀχόμενοςῦ

338 1083 467 1170 ῥᾳδίως
488 1086 556 1146 ύπδ
580 1093 640 1172 τῆς
660 1087 825 1170 τυχούσης
848 1087 1060 1171 προφάσεως
1079 1086 1137 1148 καλ
1159 1082 1304 1166 ὁμιλίας.

423 1180 534 1272 [ὥστε]
557 1189 593 1249 ol
615 1184 738 1249 πολλοί
759 1188 961 1272 ἅνθρωποι,
990 1189 1152 1272 καθάπερ
1175 1189 1210 1250 οί
1232 1189 1363 1250 ἀσωτοι
1384 1197 1451 1252 τῶν
1470 1189 1599 1273 χρημά-

337 1311 405 1353 των
428 1291 487 1352 ούκ
508 1291 549 1352 ἀν
573 1288 728 1353 δύναιντο
752 1287 944 1353 ἀποδοῦναι
968 1287 1065 1374 λόχον
1088 1292 1175 1375 πρὸς
1204 1293 1268 1368 δ,τι
1291 1287 1503 1377 ἀνηλώκασιν
1525 1293 1658 1356 ἔνια-(ωε
1669 1301 1701 1354 111

341 1407 420 1454 στον
443 1393 553 1455 αὐτῶν
560 1441 570 1470 ,
603 1394 763 1479 φαίνεται
785 1383 818 1454 δ’
843 1396 936 1474 δμως
964 1389 1162 1476 ἀνηλωμένα
1193 1395 1282 1455 πάνυ
1311 1393 1413 1472 συχνδ
1433 1393 1598 1478 χρήματα,

340 1492 416 1557 ούδδ
440 1492 536 1557 ούτοι
557 1502 620 1557 τοῦ
635 1497 758 1580 χρόνου
781 1515 818 1557 τε
839 1496 896 1558 καί
917 1496 994 1577 βίου
1024 1486 1174 1559 δύναιντ’
1199 1496 1241 1559 ἀν
1270 1493 1461 1559 ἀποδοῦναι
1488 1494 1595 1578 λόχον,
1619 1489 1730 1594 Μίίξββ

343 1599 430 1680 πρὸς
452 1599 517 1673 ό,τι
539 1599 681 1681 ἑκάστην
703 1601 831 1683 ἡμέραν
854 1594 1032 1683 ἀνήλωσαν
1055 1585 1075 1683 ἢ
1096 1605 1185 1684 μῆνα
1208 1586 1416 1682 ἢένιαυτόν·
1440 1600 1601 1684 φαίνεται

340 1689 374 1760 δ’
400 1698 458 1760 ούν
481 1700 616 1783 παριὼν
639 1701 658 1761 ό
678 1699 754 1780 βίος
776 1701 833 1763 καί
849 1696 1093 1780 δαπανώμενος
1109 1701 1128 1761 δ
1140 1703 1271 1785 χρόνος,
1296 1701 1354 1762 οδκ
1370 1697 1484 1783 όλίχου
1504 1697 1601 1778 ἀξιος

300 1805 415 1875 λιτοῖς
437 1801 640 1885 ἀνθρώποις
663 1799 740 1864 ούδὲ
763 1803 919 1887 ἥττονος,
946 1803 1024 1883 ἐμοὶ
1046 1799 1171 1880 δοκεῖν,
1201 1791 1222 1887 ἢ
1244 1805 1283 1866 τό
1307 1804 1475 1889 ἀργύριον.
1521 1799 1597 1864 ἀλλ’

341 1905 434 1984 ὅμως
454 1909 535 1984 μιῦς
558 1900 707 1990 δραχμῆς
729 1900 946 1990 ἀπολομένης
968 1905 1092 1990 ἀνάγκη
1124 1905 1320 1967 αἰσθέσθαι
1346 1907 1404 1978 καί
1432 1903 1602 1992 δηχθῆναι

341 2006 515 2089 άμηχέπῃ·
545 2009 577 2068 εί
600 2003 636 2068 δέ
656 2007 714 2068 καί
736 2003 876 2082 πλείους
898 2027 951 2082 τις
973 2003 1126 2088 ἐκβάλοι,
1157 2009 1195 2070 ού
1218 2004 1344 2076 πολλοί
1371 2013 1458 2073 είσιν
1484 2011 1518 2071 οί
1539 2010 1600 2072 έπί
1622 2015 1650 2069 11

341 2105 391 2189 τῷ
412 2111 556 2190 τοιούτῳ
581 2106 702 2194 πράως
724 2109 872 2189 ἔχοντες
900 2105 985 2192 λέγω
1009 2107 1045 2172 δέ
1069 2110 1107 2171 ού
1131 2108 1188 2173 διά
1212 2113 1272 2197 τήν
1294 2107 1454 2192 ἀμέλειαν
1478 2108 1602 2173 λυπού·
1731 2089 1734 2120 ⁴

341 2229 439 2290 μενοι
460 2211 517 2273 καί
539 2207 738 2292 δακνόμενοι
758 2213 816 2275 καί
838 2210 895 2275 διά
918 2215 956 2275 τό
985 2215 1030 2298 μὴ
1061 2217 1240 2297 προσέχειν
1262 2204 1333 2299 (ἐφ’
1364 2209 1488 2290 οίςξ
1444 2209 1541 2290 ἀξιον
1562 2209 1603 2297 ἦν

1731 1767 1734 1830 1

339 2310 554 2391 δάκνεσθαι),
578 2305 654 2374 ἀλλ’
680 2316 740 2378 όπί
761 2322 803 2401 τῇ
825 2311 982 2399 ἀπωλείᾳ
1004 2321 1071 2376 τῶν
1094 2312 1259 2398 δραχμῶν.
1304 2319 1432 2402 ἡμέρας
1455 2313 1491 2378 δὲ
1513 2311 1604 2393 ύξελ-

343 2416 478 2501 δούσης
498 2417 556 2479 καί
578 2414 794 2502 ἀπολομένης
814 2418 871 2480 καλ
894 2414 954 2478 δύο
975 2418 1033 2480 καί
1054 2423 1156 2500 τριῶν
1180 2414 1291 2493 οδδείς
1313 2419 1407 2481 ἐστιν
1422 2418 1460 2494 δς
1482 2419 1604 2503 ἐφρόν-

303 2524 323 2586 6
345 2533 447 2580 τισεν.
493 2507 570 2579 ἀλλ’
595 2520 668 2582 έκεῖ
683 2522 744 2600 μὲν
770 2517 930 2582 δύνανται
953 2515 1151 2602 λοχίζεσθαι
1173 2513 1222 2602 [τό
1238 2514 1405 2605 τοιοῦτον]
1427 2523 1480 2583 δτι
1502 2521 1599 2606 εί
1554 2521 1655 2606 μ

344 2616 554 2704 προσέξουσι
580 2618 666 2705 μηδὲ
696 2628 897 2706 φροντιοῦσι
925 2627 993 2683 τῶν
1021 2622 1202 2699 τοιούτων,
1233 2619 1340 2685 λάθοι
1368 2624 1409 2685 ἀν
1438 2623 1602 2706 αύτούςη

345 2724 509 2801 σύμπασα
532 2721 632 2784 ούσία
649 2719 847 2807 διαρρυεῖσα
861 2724 918 2786 καί
933 2720 1145 2806 ἀπολομένη·
1167 2722 1318 2784 ἐνταῦθα
1335 2720 1371 2785 δέ
1388 2724 1426 2785 ού
1444 2720 1606 2786 δύνανται

344 2824 447 2885 ταύτύ
469 2831 569 2886 τοῦτο
593 2820 813 2906 λογίσασθαι,
836 2825 883 2900 ὡς
905 2826 937 2887 εί
955 2827 1000 2911 μη
1026 2827 1278 2910 προνοήσουσιν
1307 2826 1450 2910 ἑκάστης
1478 2829 1606 2909 ἡμέρας

343 2926 401 2988 καί
422 2922 631 3012 φυλάξονται
645 2929 690 3014 μη
707 2927 780 3012 εἰκῇ
795 2931 964 3011 προϊέναι,
989 2923 1095 2989 λάθοι
1116 2927 1158 2989 ἀν
1181 2927 1304 3002 αύτούς
1327 2927 1346 2987 ό
1369 2927 1506 3007 σύμπας
1527 2927 1606 3008 βίος

345 3025 515 3111 διαρρυεὶς
536 3029 593 3091 καί
615 3026 837 3109 ἀπολόμενος.
1625 3037 1657 3090 111
1733 3033 1734 3046 ’

306 3137 326 3198 7
433 3121 509 3191 ἀλλ’
533 3131 588 3193 ότι
608 3150 645 3213 γε
668 3132 707 3193 ού
728 3134 837 3206 τόπος
858 3132 950 3194 ἐστίν
978 3132 997 3192 ό
1027 3135 1184 3215 παρέχων
1213 3127 1291 3194 ούδέ
1319 3133 1358 3193 τὸ
1381 3129 1606 3218 ἀποδημῆσαι

346 3233 385 3293 τὸ
401 3234 445 3319 μη
472 3225 576 3318 φαῦλ’
602 3234 687 3295 ἀττα
711 3236 874 3318 πράττειν
898 3231 974 3296 ούδέ
997 3228 1072 3315 (τό)
1093 3237 1143 3308 είς
1158 3233 1334 3317 Κόρινθον
1356 3219 1511 3320 ἢΘηβας
1526 3233 1609 3296 ἀνα-

345 3339 568 3421 κεχωρηκέναι
590 3329 640 3419 [τδ
664 3329 713 3420 δέ]
741 3338 799 3399 τὸν
820 3333 1026 3417 βουλόμενον
1055 3339 1143 3421 πρὸς
1165 3333 1255 3418 αύτῷ
1284 3334 1374 3398 εἶναι
1403 3367 1443 3378 -
1465 3335 1522 3397 καί
1542 3334 1734 3418 χάρ1ιῑτ11111

346 3437 382 3498 ἐν
400 3435 530 3523 Θήβαις
551 3439 608 3501 καί
629 3440 665 3500 έν
681 3440 857 3523 Μεγάροις
878 3440 935 3501 καί
957 3445 1134 3518 πανταχοῦ
1155 3436 1272 3517 σχεδόν
1289 3435 1331 3500 οδ
1342 3457 1394 3512 τις
1409 3437 1451 3500 ἀν
1466 3433 1606 3522 ἀπέλθῃ

436 3631 503 3695 1τά
522 3630 595 3696 αὐτό
612 3635 674 3696 ἐστι
692 3637 803 3694 Geeliu!
819 3633 921 3708 ἕτοιμά
938 3635 999 3696 ἐστι
1017 3637 1097 3708 Emp.
1167 3635 1304 3695 λέστιῐί
1355 3641 1405 3694 καί
1422 3631 1458 3694 τὸ
1477 3667 1508 3677 -
1527 3635 1608 3695 ἐντυ-

348 3715 432 3793 χόντι
449 3721 543 3779 01110
645 3715 691 3782 αἐί
708 3727 752 3799 τῷ
768 3754 801 3764 -
820 3725 978 3797 διατρίβειν
996 3723 1037 3779 bis
1055 3721 1177 3778 extruit
1193 3723 1224 3779 Μ
1327 3723 1519 3796 ίύιατρίβειν
1535 3721 1609 3776 dolet

350 3805 460 3862 Geeliuu
545 3803 580 3866 τὸ
599 3811 652 3867 τοῦ
668 3808 742 3876 libri,
759 3803 795 3868 τά
814 3813 867 3868 τοῦ
884 3825 951 3880 mrg.
969 3809 1040 3865 Μοτ.
1130 3801 1292 3882 ὃάνόητος
1308 3807 1462 3874 ίαεοοιίυι,
1479 3801 1608 3879 ἀνόητος

349 3887 509 3965 ἄνθρωπος
524 3892 678 3964 Ρδαςλτίσεῑ
702 3887 828 3968 ἀνόητος
844 3895 1046 3965 interpolatoris
1067 3907 1128 3950 αειο
1150 3898 1235 3964 puto·
1258 3892 1302 3948 his
1322 3891 1394 3947 enim
1412 3891 1609 3947 minuantur

351 3992 422 4048 quae
446 3993 530 4049 supra
550 3979 624 4035 diota
644 3983 757 4052 suntp.
775 3984 885 4050 151115
1019 3979 1162 4036 5111111111.
1192 3973 1376 4053 ῥεμβόμενός
1403 3997 1447 4044 τις
1473 3979 1523 4034 καί

349 4068 365 4118 1
378 4080 455 4121 ome
467 4063 575 4130 seclusi,
587 4079 676 4136 noque
686 4065 758 4122 enlm
769 4065 838 4121 1ιαεε
848 4080 883 4120 ox
894 4063 1118 4122 ιτλεσοάοαῶδυι
1130 4071 1313 4120 ιοοιεασαίαι
1367 4067 1398 4118 11
1412 4057 1515 4136 ὀλίγον
1525 4059 1555 4114 Μ

348 4147 453 4204 malim.
472 4143 553 4217 ἄξιος
567 4144 641 4221 (ἀν)
717 4157 747 4206 11
766 4155 893 4224 όραχμης
910 4149 940 4204 Μ
1026 4154 1057 4204 15
1077 4143 1133 4206 κάν
1149 4164 1199 4219 pro
1215 4152 1266 4206 καί
1283 4149 1313 4204 Μ
1380 4145 1501 4223 ἐκβάλοι
1517 4145 1608 4216 Eup„

349 4229 458 4308 έκβάλη
474 4234 505 4289 Μ
521 4232 648 4309 έκβυίλλρ
665 4235 715 4293 UB
767 4241 798 4292 11
816 4231 995 4305 όακναίμενοι
1012 4233 1042 4288 Μ
1094 4237 1127 4288 20
1145 4229 1263 4292 δύναται
1280 4232 1394 4302 Um,
1413 4249 1483 4292 σοιτ.
1502 4231 1569 4287 editi

350 4315 386 4377 τὸ
404 4323 540 4378 τοιοῦτον
557 4321 609 4376 del.
626 4319 754 4377 Reinkiun
841 4323 874 4375 2⁴
892 4315 1064 4390 φυλάξονται
1081 4319 1189 4390 scripsi,
1207 4314 1362 4392 φυλάξουσι
1377 4318 1441 4374 libri
1519 4320 1550 4371 21
1570 4311 1607 4373 τδ

350 4403 396 4460 hic
412 4403 524 4473 inserui,
541 4405 631 4462 deleto
648 4404 683 4464 τά
703 4406 733 4464 δὲ
749 4407 769 4462 1.
788 4409 835 4473 18ς
853 4410 895 4463 σεῑ
912 4421 962 4474 pro
978 4399 1015 4463 τὸ
1033 4405 1064 4464 λλ
1081 4405 1171 4477 Εωρ,
1189 4405 1237 4462 τεά
1253 4404 1345 4461 obstet
1360 4402 1434 4459 infin
1452 4401 1522 4473 perf.

351 4493 384 4544 18
402 4494 452 4548 καί
468 4512 527 4565 γαρ
543 4495 572 4548 ολ
588 4505 658 4561 quae
668 4505 723 4548 νεα.
741 4505 791 4562 per
802 4489 1003 4546 anacoluthim
1014 4491 1143 4562 spadonia
1153 4493 1244 4549 locum
1256 4490 1379 4547 obtinere
1396 4487 1463 4545 vidit
1475 4487 1554 4556 Emp.
1568 4485 1610 4554 (in

351 4575 469 4643 schedis)
539 4580 571 4632 19
584 4571 706 4638 ἀπέλθοι
723 4576 796 4646 libri,
814 4591 883 4634 τοτε.
902 4577 986 4636 vind.
