<?xml version="1.0" encoding="UTF-8"?>
<!DOCTYPE html PUBLIC "-//W3C//DTD XHTML 1.0 Transitional//EN"
    "http://www.w3.org/TR/xhtml1/DTD/xhtml1-transitional.dtd">
<html xmlns="http://www.w3.org/1999/xhtml" xml:lang="en" lang="en">
 <head>
  <title>
</title>
<meta http-equiv="Content-Type" content="text/html;charset=utf-8" />
  <meta name='ocr-system' content='tesseract 3.04.00' />
  <meta name='ocr-capabilities' content='ocr_page ocr_carea ocr_par ocr_line ocrx_word'/>
</head>
<body>
  <div class='ocr_page' id='page_1' title='image "./quaeexstantomni01diogoog_0340.png"; bbox 0 0 3526 5264; ppageno 0'>
   <div class='ocr_carea' id='block_1_1' title="bbox 631 371 1420 438">
    <p class='ocr_par' dir='ltr' id='par_1_1' title="bbox 631 371 1420 438">
     <span class='ocr_line' id='line_1_1' title="bbox 631 371 1420 438; baseline 0.01 -8"><span class='ocrx_word' id='word_1_1' title='bbox 631 373 768 431; x_wconf 79' lang='lat' dir='ltr'>ORATIO</span> <span class='ocrx_word' id='word_1_2' title='bbox 786 371 937 431; x_wconf 79' lang='lat' dir='ltr'>LXXVIII.</span> <span class='ocrx_word' id='word_1_3' title='bbox 1357 378 1420 438; x_wconf 80' lang='lat'><strong><em>219</em></strong></span> 
     </span>
    </p>
   </div>
   <div class='ocr_carea' id='block_1_2' title="bbox 5 543 1470 3906">
    <p class='ocr_par' dir='ltr' id='par_1_2' title="bbox 5 543 1470 2994">
     <span class='ocr_line' id='line_1_2' title="bbox 156 543 1419 636; baseline 0.003 -24"><span class='ocrx_word' id='word_1_4' title='bbox 156 550 214 613; x_wconf 88' lang='grc' dir='ltr'><strong><em>καί</em></strong></span> <span class='ocrx_word' id='word_1_5' title='bbox 235 551 274 611; x_wconf 91' lang='grc' dir='ltr'><strong><em>τδ</em></strong></span> <span class='ocrx_word' id='word_1_6' title='bbox 305 545 362 612; x_wconf 85' lang='grc' dir='ltr'><strong><em>διά</em></strong></span> <span class='ocrx_word' id='word_1_7' title='bbox 390 550 519 626; x_wconf 84' lang='grc' dir='ltr'><strong><em>παντὸς</em></strong></span> <span class='ocrx_word' id='word_1_8' title='bbox 547 546 713 634; x_wconf 72' lang='grc' dir='ltr'><strong><em>ἥδεσθαι,</em></strong></span> <span class='ocrx_word' id='word_1_9' title='bbox 742 543 836 632; x_wconf 83' lang='grc' dir='ltr'><strong><em>(καί)</em></strong></span> <span class='ocrx_word' id='word_1_10' title='bbox 861 559 1114 636; x_wconf 79' lang='grc' dir='ltr'><strong><em>καταφρονοῦσι</em></strong></span> <span class='ocrx_word' id='word_1_11' title='bbox 1142 553 1200 616; x_wconf 84' lang='grc' dir='ltr'><strong><em>καί</em></strong></span> <span class='ocrx_word' id='word_1_12' title='bbox 1227 554 1419 634; x_wconf 85' lang='grc' dir='ltr'><strong><em>μαίνεσθαι</em></strong></span> 
     </span>
     <span class='ocr_line' id='line_1_3' title="bbox 157 644 1470 738; baseline 0.002 -22"><span class='ocrx_word' id='word_1_13' title='bbox 157 648 334 733; x_wconf 86' lang='grc' dir='ltr'><strong><em>νομίζουσι</em></strong></span> <span class='ocrx_word' id='word_1_14' title='bbox 355 653 413 715; x_wconf 81' lang='grc' dir='ltr'><strong><em>καί</em></strong></span> <span class='ocrx_word' id='word_1_15' title='bbox 433 647 664 733; x_wconf 80' lang='grc' dir='ltr'>ἀτιμάζουσιν.</span> <span class='ocrx_word' id='word_1_16' title='bbox 710 653 728 715; x_wconf 87' lang='grc' dir='ltr'><strong><em>ό</em></strong></span> <span class='ocrx_word' id='word_1_17' title='bbox 751 649 787 715; x_wconf 85' lang='grc' dir='ltr'><strong><em>δέ</em></strong></span> <span class='ocrx_word' id='word_1_18' title='bbox 811 644 871 715; x_wconf 81' lang='grc' dir='ltr'><strong><em>οὐκ</em></strong></span> <span class='ocrx_word' id='word_1_19' title='bbox 893 648 1062 738; x_wconf 75' lang='grc' dir='ltr'><em>ὀργίζεται</em></span> <span class='ocrx_word' id='word_1_20' title='bbox 1084 656 1172 737; x_wconf 85' lang='grc' dir='ltr'><strong><em>πρὸς</em></strong></span> <span class='ocrx_word' id='word_1_21' title='bbox 1194 647 1316 731; x_wconf 81' lang='grc' dir='ltr'><strong><em>αὐτούς</em></strong></span> <span class='ocrx_word' id='word_1_22' title='bbox 1339 647 1414 718; x_wconf 75' lang='grc' dir='ltr'><strong><em>οὐδ’</em></strong></span> <span class='ocrx_word' id='word_1_23' title='bbox 1429 657 1470 719; x_wconf 79' lang='grc'><strong><em>42</em></strong></span> 
     </span>
     <span class='ocr_line' id='line_1_4' title="bbox 158 745 1416 841; baseline 0.001 -23"><span class='ocrx_word' id='word_1_24' title='bbox 158 757 227 836; x_wconf 82' lang='grc' dir='ltr'><strong><em>ἔχει</em></strong></span> <span class='ocrx_word' id='word_1_25' title='bbox 245 752 421 835; x_wconf 73' lang='grc' dir='ltr'><strong><em>χαλεποῖς,</em></strong></span> <span class='ocrx_word' id='word_1_26' title='bbox 451 746 528 818; x_wconf 76' lang='grc' dir='ltr'><strong><em>ἀλλ’</em></strong></span> <span class='ocrx_word' id='word_1_27' title='bbox 553 756 648 818; x_wconf 88' lang='grc' dir='ltr'><strong><em>ἐστιν</em></strong></span> <span class='ocrx_word' id='word_1_28' title='bbox 670 754 768 835; x_wconf 86' lang='grc' dir='ltr'><strong><em>οἶμαι</em></strong></span> <span class='ocrx_word' id='word_1_29' title='bbox 795 756 852 819; x_wconf 89' lang='grc' dir='ltr'><strong><em>καί</em></strong></span> <span class='ocrx_word' id='word_1_30' title='bbox 880 757 1012 841; x_wconf 87' lang='grc' dir='ltr'><strong><em>πατρός</em></strong></span> <span class='ocrx_word' id='word_1_31' title='bbox 1040 745 1258 841; x_wconf 78' lang='grc' dir='ltr'><strong><em>εὐνούστερος</em></strong></span> <span class='ocrx_word' id='word_1_32' title='bbox 1286 759 1416 840; x_wconf 78' lang='grc' dir='ltr'><em>ἑκάστῳ</em></span> 
     </span>
     <span class='ocr_line' id='line_1_5' title="bbox 156 854 1419 944; baseline 0.001 -23"><span class='ocrx_word' id='word_1_33' title='bbox 156 860 213 922; x_wconf 90' lang='grc' dir='ltr'><strong><em>καί</em></strong></span> <span class='ocrx_word' id='word_1_34' title='bbox 235 855 393 944; x_wconf 77' lang='grc' dir='ltr'><em>ἀδελφῶν</em></span> <span class='ocrx_word' id='word_1_35' title='bbox 413 858 471 921; x_wconf 88' lang='grc' dir='ltr'><strong><em>καί</em></strong></span> <span class='ocrx_word' id='word_1_36' title='bbox 494 855 613 944; x_wconf 82' lang='grc' dir='ltr'><strong><em>φίλων,</em></strong></span> <span class='ocrx_word' id='word_1_37' title='bbox 635 858 692 921; x_wconf 88' lang='grc' dir='ltr'><strong><em>καί</em></strong></span> <span class='ocrx_word' id='word_1_38' title='bbox 715 854 753 944; x_wconf 84' lang='grc' dir='ltr'><strong><em>δν)</em></strong></span> <span class='ocrx_word' id='word_1_39' title='bbox 777 859 834 922; x_wconf 88' lang='grc' dir='ltr'><strong><em>καί</em></strong></span> <span class='ocrx_word' id='word_1_40' title='bbox 855 861 934 934; x_wconf 89' lang='grc' dir='ltr'><strong><em>τούς</em></strong></span> <span class='ocrx_word' id='word_1_41' title='bbox 957 856 1103 934; x_wconf 79' lang='grc' dir='ltr'><strong><em>πολίτας</em></strong></span> <span class='ocrx_word' id='word_1_42' title='bbox 1130 861 1210 933; x_wconf 88' lang='grc' dir='ltr'><strong><em>τούς</em></strong></span> <span class='ocrx_word' id='word_1_43' title='bbox 1234 861 1339 921; x_wconf 80' lang='grc' dir='ltr'><strong><em>αὑτοῦ</em></strong></span> <span class='ocrx_word' id='word_1_44' title='bbox 1360 862 1419 922; x_wconf 91' lang='grc' dir='ltr'><strong><em>καί</em></strong></span> 
     </span>
     <span class='ocr_line' id='line_1_6' title="bbox 120 957 1418 1048; baseline 0.001 -25"><span class='ocrx_word' id='word_1_45' title='bbox 120 972 136 1022; x_wconf 73' lang='grc' dir='ltr'><strong><em>ί</em></strong></span> <span class='ocrx_word' id='word_1_46' title='bbox 158 959 279 1048; x_wconf 89' lang='grc' dir='ltr'><strong><em>φίλους</em></strong></span> <span class='ocrx_word' id='word_1_47' title='bbox 300 964 358 1025; x_wconf 90' lang='grc' dir='ltr'><strong><em>καί</em></strong></span> <span class='ocrx_word' id='word_1_48' title='bbox 380 967 548 1044; x_wconf 79' lang='grc' dir='ltr'><em>συγγενεῖς</em></span> <span class='ocrx_word' id='word_1_49' title='bbox 571 958 771 1042; x_wconf 82' lang='grc' dir='ltr'><strong><em>αἰδούμενος</em></strong></span> <span class='ocrx_word' id='word_1_50' title='bbox 783 965 856 1042; x_wconf 87' lang='grc' dir='ltr'><strong><em>μέν,</em></strong></span> <span class='ocrx_word' id='word_1_51' title='bbox 880 963 938 1023; x_wconf 84' lang='grc' dir='ltr'><strong><em>ούκ</em></strong></span> <span class='ocrx_word' id='word_1_52' title='bbox 954 962 1256 1046; x_wconf 76' lang='grc' dir='ltr'><strong><em>ἀποκρυπτόμενος</em></strong></span> <span class='ocrx_word' id='word_1_53' title='bbox 1272 957 1309 1024; x_wconf 83' lang='grc' dir='ltr'><strong><em>δέ</em></strong></span> <span class='ocrx_word' id='word_1_54' title='bbox 1323 957 1418 1042; x_wconf 79' lang='grc' dir='ltr'><strong><em>(νου-</em></strong></span> 
     </span>
     <span class='ocr_line' id='line_1_7' title="bbox 156 1059 1417 1149; baseline -0.001 -22"><span class='ocrx_word' id='word_1_55' title='bbox 156 1059 273 1140; x_wconf 80' lang='grc' dir='ltr'><strong><em>θετεῖ)</em></strong></span> <span class='ocrx_word' id='word_1_56' title='bbox 294 1067 444 1147; x_wconf 89' lang='grc' dir='ltr'><strong><em>τοσούτῳ</em></strong></span> <span class='ocrx_word' id='word_1_57' title='bbox 468 1060 596 1144; x_wconf 83' lang='grc' dir='ltr'><strong><em>μᾶλλον</em></strong></span> <span class='ocrx_word' id='word_1_58' title='bbox 619 1067 699 1126; x_wconf 91' lang='grc' dir='ltr'><strong><em>όσον</em></strong></span> <span class='ocrx_word' id='word_1_59' title='bbox 722 1071 790 1126; x_wconf 89' lang='grc' dir='ltr'><strong><em>τῶν</em></strong></span> <span class='ocrx_word' id='word_1_60' title='bbox 812 1061 924 1126; x_wconf 75' lang='grc' dir='ltr'><strong><em>ἄλλων</em></strong></span> <span class='ocrx_word' id='word_1_61' title='bbox 940 1065 1164 1149; x_wconf 79' lang='grc' dir='ltr'><strong><em>οἰκειοτέρους</em></strong></span> <span class='ocrx_word' id='word_1_62' title='bbox 1186 1084 1223 1126; x_wconf 88' lang='grc' dir='ltr'><strong><em>τε</em></strong></span> <span class='ocrx_word' id='word_1_63' title='bbox 1237 1066 1294 1126; x_wconf 88' lang='grc' dir='ltr'><strong><em>καί</em></strong></span> <span class='ocrx_word' id='word_1_64' title='bbox 1316 1064 1417 1147; x_wconf 91' lang='grc' dir='ltr'><strong><em>ἀναγ-</em></strong></span> 
     </span>
     <span class='ocr_line' id='line_1_8' title="bbox 154 1162 1415 1253; baseline -0.001 -23"><span class='ocrx_word' id='word_1_65' title='bbox 154 1173 352 1252; x_wconf 89' lang='grc' dir='ltr'><strong><em>καιοτέρους</em></strong></span> <span class='ocrx_word' id='word_1_66' title='bbox 373 1169 554 1247; x_wconf 79' lang='grc' dir='ltr'><strong><em>νενόμικεν,</em></strong></span> <span class='ocrx_word' id='word_1_67' title='bbox 578 1168 625 1243; x_wconf 86' lang='grc' dir='ltr'><strong><em>ὡς</em></strong></span> <span class='ocrx_word' id='word_1_68' title='bbox 648 1167 721 1229; x_wconf 91' lang='grc' dir='ltr'><strong><em>οίόν</em></strong></span> <span class='ocrx_word' id='word_1_69' title='bbox 743 1189 779 1230; x_wconf 90' lang='grc' dir='ltr'><strong><em>τε</em></strong></span> <span class='ocrx_word' id='word_1_70' title='bbox 802 1167 976 1243; x_wconf 77' lang='grc' dir='ltr'><strong><em>ἐπιτείνας</em></strong></span> <span class='ocrx_word' id='word_1_71' title='bbox 997 1168 1077 1240; x_wconf 88' lang='grc' dir='ltr'><strong><em>τούς</em></strong></span> <span class='ocrx_word' id='word_1_72' title='bbox 1100 1162 1220 1248; x_wconf 81' lang='grc' dir='ltr'><strong><em>λόγους</em></strong></span> <span class='ocrx_word' id='word_1_73' title='bbox 1246 1167 1303 1230; x_wconf 90' lang='grc' dir='ltr'><strong><em>καί</em></strong></span> <span class='ocrx_word' id='word_1_74' title='bbox 1327 1183 1415 1253; x_wconf 90' lang='grc' dir='ltr'><strong><em>σφο-</em></strong></span> 
     </span>
     <span class='ocr_line' id='line_1_9' title="bbox 157 1265 1417 1357; baseline 0.001 -25"><span class='ocrx_word' id='word_1_75' title='bbox 157 1265 318 1353; x_wconf 90' lang='grc' dir='ltr'><strong><em>δροτέραν</em></strong></span> <span class='ocrx_word' id='word_1_76' title='bbox 346 1272 406 1357; x_wconf 77' lang='grc' dir='ltr'><strong><em>την</em></strong></span> <span class='ocrx_word' id='word_1_77' title='bbox 435 1270 621 1333; x_wconf 71' lang='grc' dir='ltr'><strong><em>νουθεσίαν</em></strong></span> <span class='ocrx_word' id='word_1_78' title='bbox 648 1270 706 1333; x_wconf 88' lang='grc' dir='ltr'><strong><em>καί</em></strong></span> <span class='ocrx_word' id='word_1_79' title='bbox 734 1266 979 1355; x_wconf 79' lang='grc' dir='ltr'><strong><em>παρακέλευσιν</em></strong></span> <span class='ocrx_word' id='word_1_80' title='bbox 1011 1270 1234 1349; x_wconf 84' lang='grc' dir='ltr'><strong><em>ποιούμενος,</em></strong></span> <span class='ocrx_word' id='word_1_81' title='bbox 1266 1269 1357 1352; x_wconf 75' lang='grc' dir='ltr'><strong><em>αὐτῷ</em></strong></span> <span class='ocrx_word' id='word_1_82' title='bbox 1380 1291 1417 1333; x_wconf 86' lang='grc' dir='ltr'><strong><em>τε</em></strong></span> 
     </span>
     <span class='ocr_line' id='line_1_10' title="bbox 154 1361 1467 1458; baseline 0.003 -25"><span class='ocrx_word' id='word_1_83' title='bbox 154 1371 330 1447; x_wconf 87' lang='grc' dir='ltr'><strong><em>κάκείνοις.</em></strong></span> <span class='ocrx_word' id='word_1_84' title='bbox 376 1363 454 1434; x_wconf 79' lang='grc' dir='ltr'><strong><em>οὐδὲ</em></strong></span> <span class='ocrx_word' id='word_1_85' title='bbox 476 1372 539 1456; x_wconf 86' lang='grc' dir='ltr'><strong><em>γάρ</em></strong></span> <span class='ocrx_word' id='word_1_86' title='bbox 563 1374 689 1452; x_wconf 90' lang='grc' dir='ltr'><strong><em>ἰατρός,</em></strong></span> <span class='ocrx_word' id='word_1_87' title='bbox 712 1374 777 1455; x_wconf 89' lang='grc' dir='ltr'><strong><em>δτῳ</em></strong></span> <span class='ocrx_word' id='word_1_88' title='bbox 801 1374 925 1457; x_wconf 83' lang='grc' dir='ltr'><strong><em>ἀνάγκη</em></strong></span> <span class='ocrx_word' id='word_1_89' title='bbox 950 1375 1082 1456; x_wconf 84' lang='grc' dir='ltr'><strong><em>πατέρα</em></strong></span> <span class='ocrx_word' id='word_1_90' title='bbox 1103 1372 1269 1458; x_wconf 75' lang='grc' dir='ltr'><strong><em>ῆμητέρα</em></strong></span> <span class='ocrx_word' id='word_1_91' title='bbox 1292 1361 1312 1457; x_wconf 83' lang='grc' dir='ltr'><em>ἢ</em></span> <span class='ocrx_word' id='word_1_92' title='bbox 1335 1374 1416 1447; x_wconf 91' lang='grc' dir='ltr'><strong><em>τούς</em></strong></span> <span class='ocrx_word' id='word_1_93' title='bbox 1425 1371 1467 1437; x_wconf 84' lang='grc'><strong><em>43</em></strong></span> 
     </span>
     <span class='ocr_line' id='line_1_11' title="bbox 103 1462 1417 1558; baseline 0.002 -25"><span class='ocrx_word' id='word_1_94' title='bbox 103 1480 133 1533; x_wconf 84' lang='lat'><strong><em>1⁰</em></strong></span> <span class='ocrx_word' id='word_1_95' title='bbox 154 1476 279 1536; x_wconf 79' lang='grc' dir='ltr'><strong><em>ἑαυτοῦ</em></strong></span> <span class='ocrx_word' id='word_1_96' title='bbox 299 1470 429 1548; x_wconf 85' lang='grc' dir='ltr'><strong><em>παῖδας</em></strong></span> <span class='ocrx_word' id='word_1_97' title='bbox 452 1475 579 1536; x_wconf 87' lang='grc' dir='ltr'><strong><em>ίάσθαι</em></strong></span> <span class='ocrx_word' id='word_1_98' title='bbox 609 1481 792 1550; x_wconf 80' lang='grc' dir='ltr'><strong><em>νοσοῦντας</em></strong></span> <span class='ocrx_word' id='word_1_99' title='bbox 814 1462 835 1558; x_wconf 83' lang='grc' dir='ltr'><strong><em>ἢ</em></strong></span> <span class='ocrx_word' id='word_1_100' title='bbox 857 1475 914 1536; x_wconf 90' lang='grc' dir='ltr'><strong><em>καί</em></strong></span> <span class='ocrx_word' id='word_1_101' title='bbox 936 1474 1038 1537; x_wconf 81' lang='grc' dir='ltr'><strong><em>αὑτὸν</em></strong></span> <span class='ocrx_word' id='word_1_102' title='bbox 1062 1470 1119 1536; x_wconf 86' lang='grc' dir='ltr'><strong><em>διά</em></strong></span> <span class='ocrx_word' id='word_1_103' title='bbox 1150 1475 1276 1537; x_wconf 87' lang='grc' dir='ltr'><strong><em>σπάνιν</em></strong></span> <span class='ocrx_word' id='word_1_104' title='bbox 1299 1495 1336 1536; x_wconf 89' lang='grc' dir='ltr'><strong><em>τε</em></strong></span> <span class='ocrx_word' id='word_1_105' title='bbox 1358 1476 1417 1536; x_wconf 90' lang='grc' dir='ltr'><strong><em>καί</em></strong></span> 
     </span>
     <span class='ocr_line' id='line_1_12' title="bbox 153 1566 1416 1662; baseline 0 -24"><span class='ocrx_word' id='word_1_106' title='bbox 153 1578 295 1662; x_wconf 80' lang='grc' dir='ltr'><strong><em>ἐρημίαν</em></strong></span> <span class='ocrx_word' id='word_1_107' title='bbox 317 1573 429 1640; x_wconf 84' lang='grc' dir='ltr'><strong><em>ἀλλων</em></strong></span> <span class='ocrx_word' id='word_1_108' title='bbox 446 1578 581 1660; x_wconf 90' lang='grc' dir='ltr'><strong><em>ἰατρῶν,</em></strong></span> <span class='ocrx_word' id='word_1_109' title='bbox 605 1578 636 1640; x_wconf 89' lang='grc' dir='ltr'><strong><em>εἰ</em></strong></span> <span class='ocrx_word' id='word_1_110' title='bbox 651 1574 725 1640; x_wconf 91' lang='grc' dir='ltr'><strong><em>δέοι</em></strong></span> <span class='ocrx_word' id='word_1_111' title='bbox 739 1581 872 1657; x_wconf 90' lang='grc' dir='ltr'><strong><em>τέμνειν</em></strong></span> <span class='ocrx_word' id='word_1_112' title='bbox 893 1566 915 1662; x_wconf 85' lang='grc' dir='ltr'><em>ἢ</em></span> <span class='ocrx_word' id='word_1_113' title='bbox 936 1577 1055 1654; x_wconf 80' lang='grc' dir='ltr'><strong><em>καίειν,</em></strong></span> <span class='ocrx_word' id='word_1_114' title='bbox 1078 1579 1132 1638; x_wconf 91' lang='grc' dir='ltr'><strong><em>ότι</em></strong></span> <span class='ocrx_word' id='word_1_115' title='bbox 1149 1571 1249 1660; x_wconf 85' lang='grc' dir='ltr'><strong><em>φιλεῖ</em></strong></span> <span class='ocrx_word' id='word_1_116' title='bbox 1259 1576 1300 1637; x_wconf 89' lang='grc' dir='ltr'><strong><em>τά</em></strong></span> <span class='ocrx_word' id='word_1_117' title='bbox 1317 1579 1416 1638; x_wconf 87' lang='grc' dir='ltr'><strong><em>τέκνα</em></strong></span> 
     </span>
     <span class='ocr_line' id='line_1_13' title="bbox 151 1674 1413 1767; baseline -0.003 -25"><span class='ocrx_word' id='word_1_118' title='bbox 151 1682 209 1742; x_wconf 88' lang='grc' dir='ltr'><strong><em>καί</em></strong></span> <span class='ocrx_word' id='word_1_119' title='bbox 230 1682 289 1743; x_wconf 86' lang='grc' dir='ltr'><strong><em>τόν</em></strong></span> <span class='ocrx_word' id='word_1_120' title='bbox 311 1684 444 1764; x_wconf 82' lang='grc' dir='ltr'><strong><em>πατέρα</em></strong></span> <span class='ocrx_word' id='word_1_121' title='bbox 468 1680 663 1760; x_wconf 86' lang='grc' dir='ltr'><strong><em>αἰσχύνεται</em></strong></span> <span class='ocrx_word' id='word_1_122' title='bbox 683 1682 740 1744; x_wconf 91' lang='grc' dir='ltr'><strong><em>καί</em></strong></span> <span class='ocrx_word' id='word_1_123' title='bbox 762 1682 822 1767; x_wconf 83' lang='grc' dir='ltr'><strong><em>την</em></strong></span> <span class='ocrx_word' id='word_1_124' title='bbox 843 1683 983 1765; x_wconf 89' lang='grc' dir='ltr'><strong><em>μητέρα,</em></strong></span> <span class='ocrx_word' id='word_1_125' title='bbox 1012 1676 1069 1742; x_wconf 89' lang='grc' dir='ltr'><strong><em>διά</em></strong></span> <span class='ocrx_word' id='word_1_126' title='bbox 1091 1685 1191 1740; x_wconf 80' lang='grc' dir='ltr'><strong><em>τοῦτο</em></strong></span> <span class='ocrx_word' id='word_1_127' title='bbox 1215 1674 1413 1762; x_wconf 77' lang='grc' dir='ltr'><strong><em>ἀμβλυτέρῳ</em></strong></span> 
     </span>
     <span class='ocr_line' id='line_1_14' title="bbox 152 1771 1415 1868; baseline -0.003 -24"><span class='ocrx_word' id='word_1_128' title='bbox 152 1782 201 1865; x_wconf 75' lang='grc' dir='ltr'><strong><em>τῷ</em></strong></span> <span class='ocrx_word' id='word_1_129' title='bbox 225 1780 351 1868; x_wconf 74' lang='grc' dir='ltr'><strong><em>σιδήρῳ</em></strong></span> <span class='ocrx_word' id='word_1_130' title='bbox 374 1787 473 1863; x_wconf 87' lang='grc' dir='ltr'><strong><em>τέμοι</em></strong></span> <span class='ocrx_word' id='word_1_131' title='bbox 495 1783 536 1845; x_wconf 85' lang='grc' dir='ltr'><strong><em>άν</em></strong></span> <span class='ocrx_word' id='word_1_132' title='bbox 557 1784 614 1845; x_wconf 84' lang='grc' dir='ltr'><strong><em>καί</em></strong></span> <span class='ocrx_word' id='word_1_133' title='bbox 632 1780 849 1867; x_wconf 82' lang='grc' dir='ltr'><strong><em>χλιαρωτέρῳ</em></strong></span> <span class='ocrx_word' id='word_1_134' title='bbox 872 1781 921 1865; x_wconf 78' lang='grc' dir='ltr'><strong><em>τῳ</em></strong></span> <span class='ocrx_word' id='word_1_135' title='bbox 940 1784 1023 1866; x_wconf 89' lang='grc' dir='ltr'><strong><em>πυρί</em></strong></span> <span class='ocrx_word' id='word_1_136' title='bbox 1037 1783 1140 1859; x_wconf 88' lang='grc' dir='ltr'><strong><em>καίοι,</em></strong></span> <span class='ocrx_word' id='word_1_137' title='bbox 1163 1771 1360 1842; x_wconf 77' lang='grc' dir='ltr'><strong><em>τούναντίον</em></strong></span> <span class='ocrx_word' id='word_1_138' title='bbox 1379 1775 1415 1841; x_wconf 85' lang='grc' dir='ltr'><strong><em>δέ</em></strong></span> 
     </span>
     <span class='ocr_line' id='line_1_15' title="bbox 153 1877 1468 1969; baseline -0.003 -21"><span class='ocrx_word' id='word_1_139' title='bbox 153 1887 200 1962; x_wconf 86' lang='grc' dir='ltr'><strong><em>ὡς</em></strong></span> <span class='ocrx_word' id='word_1_140' title='bbox 223 1885 296 1948; x_wconf 86' lang='grc' dir='ltr'><strong><em>οίόν</em></strong></span> <span class='ocrx_word' id='word_1_141' title='bbox 318 1906 354 1948; x_wconf 91' lang='grc' dir='ltr'><strong><em>τε</em></strong></span> <span class='ocrx_word' id='word_1_142' title='bbox 378 1887 529 1967; x_wconf 77' lang='grc' dir='ltr'><strong><em>ἰσχύοντι</em></strong></span> <span class='ocrx_word' id='word_1_143' title='bbox 550 1888 606 1950; x_wconf 89' lang='grc' dir='ltr'><strong><em>καί</em></strong></span> <span class='ocrx_word' id='word_1_144' title='bbox 621 1886 764 1968; x_wconf 83' lang='grc' dir='ltr'><strong><em>ἀκμαίῳ.</em></strong></span> <span class='ocrx_word' id='word_1_145' title='bbox 801 1887 859 1948; x_wconf 86' lang='grc' dir='ltr'><strong><em>τόν</em></strong></span> <span class='ocrx_word' id='word_1_146' title='bbox 874 1892 954 1968; x_wconf 79' lang='grc' dir='ltr'><strong><em>γοῦν</em></strong></span> <span class='ocrx_word' id='word_1_147' title='bbox 971 1877 1135 1968; x_wconf 87' lang='grc' dir='ltr'><strong><em>Ἡρακλέα</em></strong></span> <span class='ocrx_word' id='word_1_148' title='bbox 1153 1883 1270 1969; x_wconf 89' lang='grc' dir='ltr'><strong><em>φασίν,</em></strong></span> <span class='ocrx_word' id='word_1_149' title='bbox 1292 1877 1412 1967; x_wconf 81' lang='grc' dir='ltr'><strong><em>ἐπειδὴ</em></strong></span> <span class='ocrx_word' id='word_1_150' title='bbox 1426 1883 1468 1944; x_wconf 82' lang='grc'><strong><em>44</em></strong></span> 
     </span>
     <span class='ocr_line' id='line_1_16' title="bbox 5 1978 1414 2082; baseline 0.001 -37"><span class='ocrx_word' id='word_1_151' title='bbox 5 1978 134 2082; x_wconf 53' lang='grc' dir='ltr'><strong><em>ἶωῶῧίί</em></strong></span> <span class='ocrx_word' id='word_1_152' title='bbox 157 1981 216 2051; x_wconf 78' lang='grc' dir='ltr'><strong><em>οἰκ</em></strong></span> <span class='ocrx_word' id='word_1_153' title='bbox 244 1984 385 2050; x_wconf 84' lang='grc' dir='ltr'><strong><em>ἐδύνατο</em></strong></span> <span class='ocrx_word' id='word_1_154' title='bbox 414 1989 588 2050; x_wconf 82' lang='grc' dir='ltr'><strong><em>ἰάσασθαι</em></strong></span> <span class='ocrx_word' id='word_1_155' title='bbox 616 1990 655 2070; x_wconf 91' lang='grc' dir='ltr'><strong><em>τδ</em></strong></span> <span class='ocrx_word' id='word_1_156' title='bbox 686 1994 783 2068; x_wconf 89' lang='grc' dir='ltr'><strong><em>σῶμα</em></strong></span> <span class='ocrx_word' id='word_1_157' title='bbox 813 1988 881 2049; x_wconf 83' lang='grc' dir='ltr'><strong><em>ύπδ</em></strong></span> <span class='ocrx_word' id='word_1_158' title='bbox 911 1989 1013 2049; x_wconf 92' lang='grc' dir='ltr'><strong><em>νόσου</em></strong></span> <span class='ocrx_word' id='word_1_159' title='bbox 1044 1982 1155 2070; x_wconf 79' lang='grc' dir='ltr'><strong><em>δεινῆς</em></strong></span> <span class='ocrx_word' id='word_1_160' title='bbox 1183 1984 1414 2064; x_wconf 88' lang='grc' dir='ltr'><strong><em>κατεχόμενον,</em></strong></span> 
     </span>
     <span class='ocr_line' id='line_1_17' title="bbox 152 2082 1411 2173; baseline -0.004 -21"><span class='ocrx_word' id='word_1_161' title='bbox 152 2093 231 2166; x_wconf 87' lang='grc' dir='ltr'><strong><em>τούς</em></strong></span> <span class='ocrx_word' id='word_1_162' title='bbox 259 2091 354 2164; x_wconf 89' lang='grc' dir='ltr'><strong><em>υἰούς</em></strong></span> <span class='ocrx_word' id='word_1_163' title='bbox 381 2086 524 2152; x_wconf 87' lang='grc' dir='ltr'><strong><em>καλέσαι</em></strong></span> <span class='ocrx_word' id='word_1_164' title='bbox 553 2091 710 2170; x_wconf 89' lang='grc' dir='ltr'><strong><em>πρώτους</em></strong></span> <span class='ocrx_word' id='word_1_165' title='bbox 737 2086 915 2152; x_wconf 76' lang='grc' dir='ltr'><strong><em>κελεύοντα</em></strong></span> <span class='ocrx_word' id='word_1_166' title='bbox 944 2089 1146 2173; x_wconf 80' lang='grc' dir='ltr'><strong><em>ὑποπρῆσαι</em></strong></span> <span class='ocrx_word' id='word_1_167' title='bbox 1180 2082 1411 2169; x_wconf 83' lang='grc' dir='ltr'><strong><em>λαμπροτάτῳ</em></strong></span> 
     </span>
     <span class='ocr_line' id='line_1_18' title="bbox 152 2178 1416 2278; baseline -0.006 -23"><span class='ocrx_word' id='word_1_168' title='bbox 152 2194 253 2278; x_wconf 91' lang='grc' dir='ltr'><strong><em>πυρί·</em></strong></span> <span class='ocrx_word' id='word_1_169' title='bbox 282 2197 349 2254; x_wconf 90' lang='grc' dir='ltr'><strong><em>τῶν</em></strong></span> <span class='ocrx_word' id='word_1_170' title='bbox 381 2188 417 2254; x_wconf 80' lang='grc' dir='ltr'><strong><em>δὲ</em></strong></span> <span class='ocrx_word' id='word_1_171' title='bbox 441 2192 626 2255; x_wconf 89' lang='grc' dir='ltr'><strong><em>όκνούντων</em></strong></span> <span class='ocrx_word' id='word_1_172' title='bbox 648 2194 705 2254; x_wconf 89' lang='grc' dir='ltr'><strong><em>καί</em></strong></span> <span class='ocrx_word' id='word_1_173' title='bbox 733 2192 1061 2275; x_wconf 89' lang='grc' dir='ltr'><strong><em>ἀποστρεφομένων,</em></strong></span> <span class='ocrx_word' id='word_1_174' title='bbox 1092 2184 1260 2272; x_wconf 79' lang='grc' dir='ltr'><strong><em>λοιδορεῖν</em></strong></span> <span class='ocrx_word' id='word_1_175' title='bbox 1291 2178 1416 2261; x_wconf 86' lang='grc' dir='ltr'><strong><em>αύτούς</em></strong></span> 
     </span>
     <span class='ocr_line' id='line_1_19' title="bbox 152 2285 1414 2379; baseline -0.007 -20"><span class='ocrx_word' id='word_1_176' title='bbox 152 2298 199 2372; x_wconf 86' lang='grc' dir='ltr'><strong><em>ὡς</em></strong></span> <span class='ocrx_word' id='word_1_177' title='bbox 220 2291 392 2377; x_wconf 87' lang='grc' dir='ltr'><strong><em>μαλακούς</em></strong></span> <span class='ocrx_word' id='word_1_178' title='bbox 413 2314 450 2356; x_wconf 89' lang='grc' dir='ltr'><strong><em>τε</em></strong></span> <span class='ocrx_word' id='word_1_179' title='bbox 471 2295 528 2356; x_wconf 84' lang='grc' dir='ltr'><strong><em>καί</em></strong></span> <span class='ocrx_word' id='word_1_180' title='bbox 550 2291 709 2372; x_wconf 85' lang='grc' dir='ltr'><strong><em>ἀναξίους</em></strong></span> <span class='ocrx_word' id='word_1_181' title='bbox 724 2296 829 2356; x_wconf 78' lang='grc' dir='ltr'><strong><em>αὐτοῦ</em></strong></span> <span class='ocrx_word' id='word_1_182' title='bbox 848 2295 905 2356; x_wconf 92' lang='grc' dir='ltr'><strong><em>καί</em></strong></span> <span class='ocrx_word' id='word_1_183' title='bbox 926 2300 968 2379; x_wconf 74' lang='grc' dir='ltr'><strong><em>τῇ</em></strong></span> <span class='ocrx_word' id='word_1_184' title='bbox 990 2293 1093 2377; x_wconf 89' lang='grc' dir='ltr'><strong><em>μητρί</em></strong></span> <span class='ocrx_word' id='word_1_185' title='bbox 1106 2285 1233 2371; x_wconf 83' lang='grc' dir='ltr'><strong><em>μᾶλλον</em></strong></span> <span class='ocrx_word' id='word_1_186' title='bbox 1248 2290 1414 2364; x_wconf 89' lang='grc' dir='ltr'><strong><em>ἐοικότας,</em></strong></span> 
     </span>
     <span class='ocr_line' id='line_1_20' title="bbox 153 2395 703 2483; baseline -0.004 -23"><span class='ocrx_word' id='word_1_187' title='bbox 153 2395 302 2480; x_wconf 74' lang='grc' dir='ltr'><strong><em>λέγοντα,</em></strong></span> <span class='ocrx_word' id='word_1_188' title='bbox 325 2398 372 2472; x_wconf 88' lang='grc' dir='ltr'><strong><em>ώς</em></strong></span> <span class='ocrx_word' id='word_1_189' title='bbox 395 2399 414 2459; x_wconf 90' lang='grc' dir='ltr'><strong><em>ό</em></strong></span> <span class='ocrx_word' id='word_1_190' title='bbox 436 2398 583 2483; x_wconf 77' lang='grc' dir='ltr'><strong><em>ποιητής</em></strong></span> <span class='ocrx_word' id='word_1_191' title='bbox 607 2412 703 2483; x_wconf 89' lang='grc' dir='ltr'><strong><em>φησι,</em></strong></span> 
     </span>
     <span class='ocr_line' id='line_1_21' title="bbox 105 2486 1062 2585; baseline 0.002 -27"><span class='ocrx_word' id='word_1_192' title='bbox 105 2503 135 2558; x_wconf 67' lang='lat' dir='ltr'><em>w</em></span> <span class='ocrx_word' id='word_1_193' title='bbox 464 2504 533 2562; x_wconf 86' lang='grc' dir='ltr'><strong><em>ποῖ</em></strong></span> <span class='ocrx_word' id='word_1_194' title='bbox 547 2486 845 2585; x_wconf 60' lang='grc' dir='ltr'><strong><em>μεταστρέφεσθ,</em></strong></span> <span class='ocrx_word' id='word_1_195' title='bbox 868 2495 895 2559; x_wconf 80' lang='grc' dir='ltr'><strong>ὦ</strong></span> <span class='ocrx_word' id='word_1_196' title='bbox 918 2497 1015 2560; x_wconf 84' lang='grc' dir='ltr'><strong><em>κακοί</em></strong></span> <span class='ocrx_word' id='word_1_197' title='bbox 1061 2555 1062 2560; x_wconf 73' lang='grc'><strong><em>,</em></strong></span> 
     </span>
     <span class='ocr_line' id='line_1_22' title="bbox 456 2598 1032 2687; baseline -0.007 -23"><span class='ocrx_word' id='word_1_198' title='bbox 456 2603 515 2665; x_wconf 82' lang='grc' dir='ltr'><strong><em>καί</em></strong></span> <span class='ocrx_word' id='word_1_199' title='bbox 535 2598 671 2679; x_wconf 88' lang='grc' dir='ltr'><strong><em>ἀνάξιοι</em></strong></span> <span class='ocrx_word' id='word_1_200' title='bbox 692 2609 752 2687; x_wconf 83' lang='grc' dir='ltr'><strong><em>τῆς</em></strong></span> <span class='ocrx_word' id='word_1_201' title='bbox 774 2603 857 2686; x_wconf 81' lang='grc' dir='ltr'><strong><em>ἐμῆς</em></strong></span> <span class='ocrx_word' id='word_1_202' title='bbox 881 2605 1032 2683; x_wconf 81' lang='grc' dir='ltr'><strong><em>σπορᾶς,</em></strong></span> 
     </span>
     <span class='ocr_line' id='line_1_23' title="bbox 455 2699 1021 2789; baseline -0.004 -23"><span class='ocrx_word' id='word_1_203' title='bbox 455 2699 654 2780; x_wconf 80' lang='grc' dir='ltr'><strong><em>Αἰτωλίδος</em></strong></span> <span class='ocrx_word' id='word_1_204' title='bbox 677 2701 853 2786; x_wconf 87' lang='grc' dir='ltr'><strong><em>ἀγάλματα</em></strong></span> <span class='ocrx_word' id='word_1_205' title='bbox 875 2705 1003 2789; x_wconf 89' lang='grc' dir='ltr'><strong><em>μητρός</em></strong></span> <span class='ocrx_word' id='word_1_206' title='bbox 1009 2723 1021 2778; x_wconf 92' lang='grc'><strong><em>,·</em></strong></span> 
     </span>
     <span class='ocr_line' id='line_1_24' title="bbox 151 2795 1463 2894; baseline -0.003 -26"><span class='ocrx_word' id='word_1_207' title='bbox 151 2795 268 2869; x_wconf 80' lang='grc' dir='ltr'><strong><em>ούκοῦν</em></strong></span> <span class='ocrx_word' id='word_1_208' title='bbox 291 2805 383 2891; x_wconf 72' lang='grc' dir='ltr'><strong><em>αὐτῷ</em></strong></span> <span class='ocrx_word' id='word_1_209' title='bbox 404 2807 530 2890; x_wconf 88' lang='grc' dir='ltr'><strong><em>πρώτῳ</em></strong></span> <span class='ocrx_word' id='word_1_210' title='bbox 551 2809 612 2894; x_wconf 82' lang='grc' dir='ltr'><strong><em>χρη</em></strong></span> <span class='ocrx_word' id='word_1_211' title='bbox 642 2807 699 2870; x_wconf 90' lang='grc' dir='ltr'><strong><em>καί</em></strong></span> <span class='ocrx_word' id='word_1_212' title='bbox 727 2809 801 2881; x_wconf 87' lang='grc' dir='ltr'><strong><em>τοῖς</em></strong></span> <span class='ocrx_word' id='word_1_213' title='bbox 831 2803 1011 2891; x_wconf 81' lang='grc' dir='ltr'><strong><em>φιλτάτοις</em></strong></span> <span class='ocrx_word' id='word_1_214' title='bbox 1039 2805 1096 2867; x_wconf 92' lang='grc' dir='ltr'><strong><em>καί</em></strong></span> <span class='ocrx_word' id='word_1_215' title='bbox 1124 2801 1294 2885; x_wconf 73' lang='grc' dir='ltr'><strong><em>ἐγγυτάτω</em></strong></span> <span class='ocrx_word' id='word_1_216' title='bbox 1322 2801 1408 2882; x_wconf 88' lang='grc' dir='ltr'><strong><em>μετά</em></strong></span> <span class='ocrx_word' id='word_1_217' title='bbox 1422 2802 1463 2864; x_wconf 79' lang='grc'><strong><em>45</em></strong></span> 
     </span>
     <span class='ocr_line' id='line_1_25' title="bbox 44 2900 1412 2994; baseline -0.005 -22"><span class='ocrx_word' id='word_1_218' title='bbox 44 2919 97 2972; x_wconf 75' lang='lat'><strong>(0⁶³</strong></span> <span class='ocrx_word' id='word_1_219' title='bbox 105 2918 136 2971; x_wconf 76' lang='lat' dir='ltr'>m</span> <span class='ocrx_word' id='word_1_220' title='bbox 151 2905 314 2994; x_wconf 84' lang='grc' dir='ltr'><strong><em>πλείστης</em></strong></span> <span class='ocrx_word' id='word_1_221' title='bbox 337 2910 531 2994; x_wconf 87' lang='grc' dir='ltr'><strong><em>παρρησίας</em></strong></span> <span class='ocrx_word' id='word_1_222' title='bbox 545 2929 582 2972; x_wconf 89' lang='grc' dir='ltr'><strong><em>τε</em></strong></span> <span class='ocrx_word' id='word_1_223' title='bbox 596 2910 653 2971; x_wconf 87' lang='grc' dir='ltr'><strong><em>καί</em></strong></span> <span class='ocrx_word' id='word_1_224' title='bbox 672 2905 872 2991; x_wconf 74' lang='grc' dir='ltr'><strong><em>ἐλευθερίας</em></strong></span> <span class='ocrx_word' id='word_1_225' title='bbox 895 2906 1171 2994; x_wconf 87' lang='grc' dir='ltr'><strong><em>προσφέρεσθαι,</em></strong></span> <span class='ocrx_word' id='word_1_226' title='bbox 1193 2900 1299 2989; x_wconf 83' lang='grc' dir='ltr'><strong><em>μηδὲν</em></strong></span> <span class='ocrx_word' id='word_1_227' title='bbox 1322 2904 1412 2966; x_wconf 87' lang='grc' dir='ltr'><strong><em>ἀπο-</em></strong></span> 
     </span>
    </p>

    <p class='ocr_par' dir='ltr' id='par_1_3' title="bbox 5 2999 1410 3506">
     <span class='ocr_line' id='line_1_26' title="bbox 5 2999 1410 3097; baseline 0.001 -28"><span class='ocrx_word' id='word_1_228' title='bbox 5 3025 6 3030; x_wconf 70' lang='grc'>’</span> <span class='ocrx_word' id='word_1_229' title='bbox 96 3017 126 3068; x_wconf 77' lang='grc' dir='ltr'><strong><em>κο</em></strong></span> <span class='ocrx_word' id='word_1_230' title='bbox 148 3018 288 3074; x_wconf 81' lang='grc' dir='ltr'><strong><em>κνοόντα</em></strong></span> <span class='ocrx_word' id='word_1_231' title='bbox 310 3008 395 3097; x_wconf 80' lang='grc' dir='ltr'><strong><em>μηδὲ</em></strong></span> <span class='ocrx_word' id='word_1_232' title='bbox 424 3013 606 3097; x_wconf 80' lang='grc' dir='ltr'><strong><em>ὑφιέμενον</em></strong></span> <span class='ocrx_word' id='word_1_233' title='bbox 635 3012 670 3073; x_wconf 89' lang='grc' dir='ltr'><strong><em>ἐν</em></strong></span> <span class='ocrx_word' id='word_1_234' title='bbox 699 3015 773 3086; x_wconf 84' lang='grc' dir='ltr'><strong><em>τοῖς</em></strong></span> <span class='ocrx_word' id='word_1_235' title='bbox 803 3007 925 3092; x_wconf 90' lang='grc' dir='ltr'><strong><em>λόγοις.</em></strong></span> <span class='ocrx_word' id='word_1_236' title='bbox 979 3006 1066 3072; x_wconf 88' lang='grc' dir='ltr'><strong><em>πολύ</em></strong></span> <span class='ocrx_word' id='word_1_237' title='bbox 1094 3008 1157 3093; x_wconf 86' lang='grc' dir='ltr'><strong><em>γάρ</em></strong></span> <span class='ocrx_word' id='word_1_238' title='bbox 1184 3011 1298 3091; x_wconf 88' lang='grc' dir='ltr'><strong><em>χεῖρον</em></strong></span> <span class='ocrx_word' id='word_1_239' title='bbox 1330 2999 1410 3090; x_wconf 83' lang='grc' dir='ltr'><strong><em>[καί]</em></strong></span> 
     </span>
     <span class='ocr_line' id='line_1_27' title="bbox 152 3108 1410 3200; baseline -0.002 -25"><span class='ocrx_word' id='word_1_240' title='bbox 152 3109 408 3200; x_wconf 80' lang='grc' dir='ltr'><strong><em>διεφθαρμένου</em></strong></span> <span class='ocrx_word' id='word_1_241' title='bbox 432 3115 589 3193; x_wconf 85' lang='grc' dir='ltr'><strong><em>σώματος</em></strong></span> <span class='ocrx_word' id='word_1_242' title='bbox 610 3113 667 3176; x_wconf 87' lang='grc' dir='ltr'><strong><em>καί</em></strong></span> <span class='ocrx_word' id='word_1_243' title='bbox 688 3120 869 3187; x_wconf 75' lang='grc' dir='ltr'><strong><em>νοσοῦντος</em></strong></span> <span class='ocrx_word' id='word_1_244' title='bbox 892 3114 982 3198; x_wconf 71' lang='grc' dir='ltr'><strong><em>ψυχὴ</em></strong></span> <span class='ocrx_word' id='word_1_245' title='bbox 1007 3108 1255 3197; x_wconf 75' lang='grc' dir='ltr'><strong><em>διεφθαρμένη,</em></strong></span> <span class='ocrx_word' id='word_1_246' title='bbox 1277 3109 1325 3190; x_wconf 87' lang='grc' dir='ltr'><strong><em>μά</em></strong></span> <span class='ocrx_word' id='word_1_247' title='bbox 1340 3111 1410 3172; x_wconf 90' lang='grc' dir='ltr'><strong><em>Δία</em></strong></span> 
     </span>
     <span class='ocr_line' id='line_1_28' title="bbox 150 3208 1408 3301; baseline -0.002 -23"><span class='ocrx_word' id='word_1_248' title='bbox 150 3217 208 3295; x_wconf 84' lang='grc' dir='ltr'><strong><em>οὐχ</em></strong></span> <span class='ocrx_word' id='word_1_249' title='bbox 229 3218 298 3278; x_wconf 89' lang='grc' dir='ltr'><strong><em>ύπδ</em></strong></span> <span class='ocrx_word' id='word_1_250' title='bbox 323 3218 509 3300; x_wconf 89' lang='grc' dir='ltr'><strong><em>φαρμάκων</em></strong></span> <span class='ocrx_word' id='word_1_251' title='bbox 529 3220 677 3300; x_wconf 81' lang='grc' dir='ltr'><strong><em>χριστῶν</em></strong></span> <span class='ocrx_word' id='word_1_252' title='bbox 698 3217 719 3301; x_wconf 78' lang='grc' dir='ltr'><em>ἢ</em></span> <span class='ocrx_word' id='word_1_253' title='bbox 743 3222 859 3278; x_wconf 89' lang='grc' dir='ltr'><strong><em>ποτῶν</em></strong></span> <span class='ocrx_word' id='word_1_254' title='bbox 876 3212 953 3278; x_wconf 84' lang='grc' dir='ltr'><strong><em>ούδέ</em></strong></span> <span class='ocrx_word' id='word_1_255' title='bbox 968 3214 1037 3277; x_wconf 82' lang='grc' dir='ltr'><strong><em>ὑπὸ</em></strong></span> <span class='ocrx_word' id='word_1_256' title='bbox 1053 3213 1110 3274; x_wconf 80' lang='grc' dir='ltr'><strong><em>ἰού</em></strong></span> <span class='ocrx_word' id='word_1_257' title='bbox 1122 3232 1216 3288; x_wconf 87' lang='grc' dir='ltr'><strong><em>τινος</em></strong></span> <span class='ocrx_word' id='word_1_258' title='bbox 1232 3208 1408 3275; x_wconf 90' lang='grc' dir='ltr'><strong><em>διεσθίον-</em></strong></span> 
     </span>
     <span class='ocr_line' id='line_1_29' title="bbox 148 3309 1407 3403; baseline -0.002 -23"><span class='ocrx_word' id='word_1_259' title='bbox 148 3338 217 3396; x_wconf 91' lang='grc' dir='ltr'><strong><em>τος,</em></strong></span> <span class='ocrx_word' id='word_1_260' title='bbox 241 3309 317 3380; x_wconf 77' lang='grc' dir='ltr'><strong><em>ἀλλ’</em></strong></span> <span class='ocrx_word' id='word_1_261' title='bbox 341 3319 410 3379; x_wconf 81' lang='grc' dir='ltr'><strong><em>ὑπό</em></strong></span> <span class='ocrx_word' id='word_1_262' title='bbox 433 3338 470 3380; x_wconf 88' lang='grc' dir='ltr'><strong><em>τε</em></strong></span> <span class='ocrx_word' id='word_1_263' title='bbox 492 3319 630 3400; x_wconf 87' lang='grc' dir='ltr'><strong><em>ἀγνοίας</em></strong></span> <span class='ocrx_word' id='word_1_264' title='bbox 651 3319 707 3380; x_wconf 92' lang='grc' dir='ltr'><strong><em>καί</em></strong></span> <span class='ocrx_word' id='word_1_265' title='bbox 730 3319 897 3403; x_wconf 87' lang='grc' dir='ltr'><strong><em>πονηρίας</em></strong></span> <span class='ocrx_word' id='word_1_266' title='bbox 911 3320 969 3381; x_wconf 89' lang='grc' dir='ltr'><strong><em>καί</em></strong></span> <span class='ocrx_word' id='word_1_267' title='bbox 982 3318 1110 3400; x_wconf 84' lang='grc' dir='ltr'><strong><em>ὕβρεως</em></strong></span> <span class='ocrx_word' id='word_1_268' title='bbox 1125 3315 1182 3377; x_wconf 90' lang='grc' dir='ltr'><strong><em>καί</em></strong></span> <span class='ocrx_word' id='word_1_269' title='bbox 1205 3315 1343 3400; x_wconf 89' lang='grc' dir='ltr'><strong><em>φθόνου</em></strong></span> <span class='ocrx_word' id='word_1_270' title='bbox 1368 3311 1407 3401; x_wconf 78' lang='grc' dir='ltr'><strong><em>δη</em></strong></span> 
     </span>
     <span class='ocr_line' id='line_1_30' title="bbox 147 3416 1409 3506; baseline -0.002 -24"><span class='ocrx_word' id='word_1_271' title='bbox 147 3422 204 3483; x_wconf 90' lang='grc' dir='ltr'><strong><em>καί</em></strong></span> <span class='ocrx_word' id='word_1_272' title='bbox 226 3416 335 3506; x_wconf 87' lang='grc' dir='ltr'><strong><em>λύπης</em></strong></span> <span class='ocrx_word' id='word_1_273' title='bbox 356 3421 413 3484; x_wconf 90' lang='grc' dir='ltr'><strong><em>καί</em></strong></span> <span class='ocrx_word' id='word_1_274' title='bbox 434 3421 562 3505; x_wconf 92' lang='grc' dir='ltr'><strong><em>μυρίων</em></strong></span> <span class='ocrx_word' id='word_1_275' title='bbox 584 3421 792 3500; x_wconf 87' lang='grc' dir='ltr'><strong><em>ἐπιθυμιῶν.</em></strong></span> <span class='ocrx_word' id='word_1_276' title='bbox 830 3427 930 3483; x_wconf 80' lang='grc' dir='ltr'><strong><em>τούτο</em></strong></span> <span class='ocrx_word' id='word_1_277' title='bbox 946 3422 985 3484; x_wconf 88' lang='grc' dir='ltr'><strong><em>τό</em></strong></span> <span class='ocrx_word' id='word_1_278' title='bbox 1002 3422 1132 3504; x_wconf 89' lang='grc' dir='ltr'><strong><em>νόσημα</em></strong></span> <span class='ocrx_word' id='word_1_279' title='bbox 1154 3419 1212 3480; x_wconf 87' lang='grc' dir='ltr'><strong><em>καί</em></strong></span> <span class='ocrx_word' id='word_1_280' title='bbox 1225 3419 1264 3479; x_wconf 92' lang='grc' dir='ltr'><strong><em>τδ</em></strong></span> <span class='ocrx_word' id='word_1_281' title='bbox 1288 3417 1409 3492; x_wconf 91' lang='grc' dir='ltr'><strong><em>πάθος</em></strong></span> 
     </span>
    </p>

    <p class='ocr_par' dir='ltr' id='par_1_4' title="bbox 93 3516 1406 3906">
     <span class='ocr_line' id='line_1_31' title="bbox 93 3516 1405 3606; baseline 0.003 -27"><span class='ocrx_word' id='word_1_282' title='bbox 93 3527 124 3579; x_wconf 78' lang='lat'><strong><em>³⁰</em></strong></span> <span class='ocrx_word' id='word_1_283' title='bbox 143 3519 381 3605; x_wconf 79' lang='grc' dir='ltr'><strong><em>χαλεπώτερον</em></strong></span> <span class='ocrx_word' id='word_1_284' title='bbox 404 3523 531 3586; x_wconf 85' lang='grc' dir='ltr'><strong><em>ἐκείνου</em></strong></span> <span class='ocrx_word' id='word_1_285' title='bbox 553 3523 609 3585; x_wconf 85' lang='grc' dir='ltr'><strong><em>καί</em></strong></span> <span class='ocrx_word' id='word_1_286' title='bbox 632 3519 720 3584; x_wconf 89' lang='grc' dir='ltr'><strong><em>πολύ</em></strong></span> <span class='ocrx_word' id='word_1_287' title='bbox 743 3517 897 3603; x_wconf 83' lang='grc' dir='ltr'><strong><em>μείζονος</em></strong></span> <span class='ocrx_word' id='word_1_288' title='bbox 918 3523 975 3586; x_wconf 91' lang='grc' dir='ltr'><strong><em>καί</em></strong></span> <span class='ocrx_word' id='word_1_289' title='bbox 991 3519 1228 3606; x_wconf 88' lang='grc' dir='ltr'><strong><em>λαμπροτέρου</em></strong></span> <span class='ocrx_word' id='word_1_290' title='bbox 1245 3516 1405 3598; x_wconf 90' lang='grc' dir='ltr'><strong><em>δεόμενον</em></strong></span> 
     </span>
     <span class='ocr_line' id='line_1_32' title="bbox 147 3613 1406 3712; baseline -0.002 -24"><span class='ocrx_word' id='word_1_291' title='bbox 147 3627 351 3710; x_wconf 84' lang='grc' dir='ltr'><strong><em>ἐμπρησμοῦ</em></strong></span> <span class='ocrx_word' id='word_1_292' title='bbox 358 3639 365 3653; x_wconf 92' lang='grc'><em>·</em></span> <span class='ocrx_word' id='word_1_293' title='bbox 395 3613 453 3711; x_wconf 77' lang='grc' dir='ltr'><strong><em>ἐφ’</em></strong></span> <span class='ocrx_word' id='word_1_294' title='bbox 479 3625 519 3709; x_wconf 79' lang='grc' dir='ltr'><strong><em>ἣν</em></strong></span> <span class='ocrx_word' id='word_1_295' title='bbox 542 3623 635 3688; x_wconf 83' lang='grc' dir='ltr'><strong><em>ἴασιν</em></strong></span> <span class='ocrx_word' id='word_1_296' title='bbox 657 3625 714 3688; x_wconf 86' lang='grc' dir='ltr'><strong><em>καί</em></strong></span> <span class='ocrx_word' id='word_1_297' title='bbox 736 3621 904 3688; x_wconf 87' lang='grc' dir='ltr'><strong><em>ἀπόλυσιν</em></strong></span> <span class='ocrx_word' id='word_1_298' title='bbox 923 3627 985 3712; x_wconf 78' lang='grc' dir='ltr'><strong><em>χρη</em></strong></span> <span class='ocrx_word' id='word_1_299' title='bbox 1011 3620 1220 3708; x_wconf 87' lang='grc' dir='ltr'><strong><em>παρακαλεῖν</em></strong></span> <span class='ocrx_word' id='word_1_300' title='bbox 1244 3623 1406 3708; x_wconf 85' lang='grc' dir='ltr'><strong><em>ἀπροφα-</em></strong></span> 
     </span>
     <span class='ocr_line' id='line_1_33' title="bbox 149 3723 1405 3814; baseline 0.001 -26"><span class='ocrx_word' id='word_1_301' title='bbox 149 3728 275 3802; x_wconf 93' lang='grc' dir='ltr'><strong><em>σίστως</em></strong></span> <span class='ocrx_word' id='word_1_302' title='bbox 294 3727 352 3790; x_wconf 85' lang='grc' dir='ltr'><strong><em>καί</em></strong></span> <span class='ocrx_word' id='word_1_303' title='bbox 374 3732 506 3812; x_wconf 87' lang='grc' dir='ltr'><strong><em>πατέρα</em></strong></span> <span class='ocrx_word' id='word_1_304' title='bbox 527 3730 585 3790; x_wconf 89' lang='grc' dir='ltr'><strong><em>καί</em></strong></span> <span class='ocrx_word' id='word_1_305' title='bbox 605 3729 680 3791; x_wconf 92' lang='grc' dir='ltr'><strong><em>υίδν</em></strong></span> <span class='ocrx_word' id='word_1_306' title='bbox 701 3729 758 3792; x_wconf 89' lang='grc' dir='ltr'><strong><em>καί</em></strong></span> <span class='ocrx_word' id='word_1_307' title='bbox 773 3725 907 3814; x_wconf 80' lang='grc' dir='ltr'><strong><em>ξυγγενῆ</em></strong></span> <span class='ocrx_word' id='word_1_308' title='bbox 922 3730 979 3790; x_wconf 90' lang='grc' dir='ltr'><strong><em>καί</em></strong></span> <span class='ocrx_word' id='word_1_309' title='bbox 994 3724 1173 3812; x_wconf 87' lang='grc' dir='ltr'><strong><em>ἀλλότριον</em></strong></span> <span class='ocrx_word' id='word_1_310' title='bbox 1186 3726 1244 3789; x_wconf 88' lang='grc' dir='ltr'><strong><em>καί</em></strong></span> <span class='ocrx_word' id='word_1_311' title='bbox 1258 3723 1405 3812; x_wconf 88' lang='grc' dir='ltr'><strong><em>πολίτην</em></strong></span> 
     </span>
     <span class='ocr_line' id='line_1_34' title="bbox 146 3826 332 3906; baseline 0.011 -16"><span class='ocrx_word' id='word_1_312' title='bbox 146 3830 203 3891; x_wconf 88' lang='grc' dir='ltr'><strong><em>καί</em></strong></span> <span class='ocrx_word' id='word_1_313' title='bbox 229 3826 332 3906; x_wconf 85' lang='grc' dir='ltr'><strong><em>ξένον.</em></strong></span> 
     </span>
    </p>
   </div>
   <div class='ocr_carea' id='block_1_3' title="bbox 145 4026 1408 4631">
    <p class='ocr_par' dir='ltr' id='par_1_5' title="bbox 145 4026 1408 4631">
     <span class='ocr_line' id='line_1_35' title="bbox 233 4026 1372 4102; baseline 0.004 -16"><span class='ocrx_word' id='word_1_314' title='bbox 233 4034 313 4088; x_wconf 75' lang='grc' dir='ltr'><strong><em>ικαὶ</em></strong></span> <span class='ocrx_word' id='word_1_315' title='bbox 330 4031 506 4088; x_wconf 51' lang='lat' dir='ltr'><strong><em>&amp;thoaba</em></strong></span> <span class='ocrx_word' id='word_1_316' title='bbox 558 4026 681 4092; x_wconf 76' lang='grc' dir='ltr'><strong><em>ίαύταῠ</em></strong></span> <span class='ocrx_word' id='word_1_317' title='bbox 697 4034 769 4102; x_wconf 81' lang='lat' dir='ltr'><strong>libri,</strong></span> <span class='ocrx_word' id='word_1_318' title='bbox 787 4049 858 4092; x_wconf 81' lang='lat' dir='ltr'>corr.</span> <span class='ocrx_word' id='word_1_319' title='bbox 871 4033 953 4090; x_wconf 79' lang='lat' dir='ltr'><strong>nint.</strong></span> <span class='ocrx_word' id='word_1_320' title='bbox 1006 4033 1247 4094; x_wconf 70' lang='grc' dir='ltr'><strong><em>δνονθετεῖεδδ.</em></strong></span> <span class='ocrx_word' id='word_1_321' title='bbox 1262 4034 1372 4092; x_wconf 76' lang='grc' dir='ltr'><strong><em>ῶσείίαυ</em></strong></span> 
     </span>
     <span class='ocr_line' id='line_1_36' title="bbox 147 4110 1408 4190; baseline 0.013 -22"><span class='ocrx_word' id='word_1_322' title='bbox 147 4110 291 4172; x_wconf 70' lang='grc' dir='ltr'><strong><em>’λούονται</em></strong></span> <span class='ocrx_word' id='word_1_323' title='bbox 309 4115 339 4170; x_wconf 99' lang='grc' dir='ltr'>Μ</span> <span class='ocrx_word' id='word_1_324' title='bbox 424 4111 511 4190; x_wconf 70' lang='grc' dir='ltr'><strong><em>8τδγν</em></strong></span> <span class='ocrx_word' id='word_1_325' title='bbox 527 4121 682 4177; x_wconf 80' lang='grc' dir='ltr'><strong><em>νουθεσίαν</em></strong></span> <span class='ocrx_word' id='word_1_326' title='bbox 699 4119 793 4177; x_wconf 86' lang='lat' dir='ltr'><strong>om.B</strong></span> <span class='ocrx_word' id='word_1_327' title='bbox 883 4123 913 4175; x_wconf 85' lang='lat'><strong><em>10</em></strong></span> <span class='ocrx_word' id='word_1_328' title='bbox 932 4115 1021 4179; x_wconf 76' lang='grc' dir='ltr'><strong><em>αὐτὸν</em></strong></span> <span class='ocrx_word' id='word_1_329' title='bbox 1039 4120 1063 4176; x_wconf 89' lang='lat' dir='ltr'>U</span> <span class='ocrx_word' id='word_1_330' title='bbox 1080 4135 1116 4176; x_wconf 85' lang='lat' dir='ltr'><strong><em>m.</em></strong></span> <span class='ocrx_word' id='word_1_331' title='bbox 1133 4136 1175 4190; x_wconf 89' lang='lat' dir='ltr'><strong><em>pr.</em></strong></span> <span class='ocrx_word' id='word_1_332' title='bbox 1254 4128 1285 4178; x_wconf 81' lang='lat'><strong><em>1³</em></strong></span> <span class='ocrx_word' id='word_1_333' title='bbox 1302 4127 1352 4182; x_wconf 84' lang='grc' dir='ltr'><strong><em>καί</em></strong></span> <span class='ocrx_word' id='word_1_334' title='bbox 1371 4122 1408 4185; x_wconf 86' lang='grc' dir='ltr'><strong><em>σύ</em></strong></span> 
     </span>
     <span class='ocr_line' id='line_1_37' title="bbox 145 4199 1406 4276; baseline 0.009 -23"><span class='ocrx_word' id='word_1_335' title='bbox 145 4215 196 4270; x_wconf 86' lang='lat' dir='ltr'><strong><em>pro</em></strong></span> <span class='ocrx_word' id='word_1_336' title='bbox 213 4203 292 4258; x_wconf 87' lang='grc' dir='ltr'><strong><em>καίοι</em></strong></span> <span class='ocrx_word' id='word_1_337' title='bbox 309 4201 340 4256; x_wconf 91' lang='grc' dir='ltr'>Μ</span> <span class='ocrx_word' id='word_1_338' title='bbox 427 4207 459 4258; x_wconf 78' lang='grc' dir='ltr'>Η</span> <span class='ocrx_word' id='word_1_339' title='bbox 477 4199 589 4261; x_wconf 77' lang='grc' dir='ltr'><strong><em>οἴονται</em></strong></span> <span class='ocrx_word' id='word_1_340' title='bbox 607 4204 638 4258; x_wconf 89' lang='grc' dir='ltr'>Μ</span> <span class='ocrx_word' id='word_1_341' title='bbox 726 4211 756 4261; x_wconf 77' lang='grc'><strong><em>15</em></strong></span> <span class='ocrx_word' id='word_1_342' title='bbox 774 4201 910 4264; x_wconf 85' lang='grc' dir='ltr'><strong><em>ἐδύναντο</em></strong></span> <span class='ocrx_word' id='word_1_343' title='bbox 929 4206 984 4263; x_wconf 87' lang='grc' dir='ltr'><strong><em>ΒΜ</em></strong></span> <span class='ocrx_word' id='word_1_344' title='bbox 1087 4211 1117 4263; x_wconf 86' lang='grc'><strong><em>18</em></strong></span> <span class='ocrx_word' id='word_1_345' title='bbox 1136 4201 1227 4267; x_wconf 71' lang='grc' dir='ltr'><strong><em>αὐτοῦ</em></strong></span> <span class='ocrx_word' id='word_1_346' title='bbox 1242 4207 1315 4276; x_wconf 84' lang='lat' dir='ltr'><strong>libri,</strong></span> <span class='ocrx_word' id='word_1_347' title='bbox 1334 4226 1406 4267; x_wconf 86' lang='lat' dir='ltr'>corr.</span> 
     </span>
     <span class='ocr_line' id='line_1_38' title="bbox 145 4285 1319 4365; baseline 0.008 -24"><span class='ocrx_word' id='word_1_348' title='bbox 145 4285 227 4342; x_wconf 75' lang='lat' dir='ltr'><strong>nint.</strong></span> <span class='ocrx_word' id='word_1_349' title='bbox 330 4291 363 4342; x_wconf 84' lang='grc'><strong><em>20</em></strong></span> <span class='ocrx_word' id='word_1_350' title='bbox 380 4289 626 4361; x_wconf 75' lang='grc' dir='ltr'><strong><em>μεταστεφέσάων</em></strong></span> <span class='ocrx_word' id='word_1_351' title='bbox 647 4295 734 4349; x_wconf 85' lang='grc' dir='ltr'><strong><em>κακοί</em></strong></span> <span class='ocrx_word' id='word_1_352' title='bbox 755 4291 813 4349; x_wconf 89' lang='lat' dir='ltr'><strong><em>UB.</em></strong></span> <span class='ocrx_word' id='word_1_353' title='bbox 837 4291 936 4362; x_wconf 70' lang='lat' dir='ltr'><strong>fragm.</strong></span> <span class='ocrx_word' id='word_1_354' title='bbox 960 4298 1027 4363; x_wconf 72' lang='lat' dir='ltr'><strong>trag.</strong></span> <span class='ocrx_word' id='word_1_355' title='bbox 1052 4293 1148 4365; x_wconf 76' lang='grc' dir='ltr'><strong><em>οδεορ.</em></strong></span> <span class='ocrx_word' id='word_1_356' title='bbox 1166 4297 1200 4349; x_wconf 80' lang='grc'><strong><em>99</em></strong></span> <span class='ocrx_word' id='word_1_357' title='bbox 1219 4295 1319 4353; x_wconf 76' lang='lat' dir='ltr'><strong>Nauck</strong></span> 
     </span>
     <span class='ocr_line' id='line_1_39' title="bbox 147 4372 1405 4460; baseline 0.017 -36"><span class='ocrx_word' id='word_1_358' title='bbox 147 4374 176 4425; x_wconf 79' lang='lat'><strong><em>21</em></strong></span> <span class='ocrx_word' id='word_1_359' title='bbox 197 4375 311 4428; x_wconf 81' lang='lat' dir='ltr'><strong>metrum</strong></span> <span class='ocrx_word' id='word_1_360' title='bbox 329 4373 369 4430; x_wconf 76' lang='grc' dir='ltr'><strong><em>κίε</em></strong></span> <span class='ocrx_word' id='word_1_361' title='bbox 386 4373 506 4431; x_wconf 71' lang='lat' dir='ltr'><strong>restituit</strong></span> <span class='ocrx_word' id='word_1_362' title='bbox 518 4375 677 4446; x_wconf 74' lang='lat' dir='ltr'>Emporias:</span> <span class='ocrx_word' id='word_1_363' title='bbox 695 4372 825 4448; x_wconf 82' lang='grc' dir='ltr'><strong><em>κάνάξιοι</em></strong></span> <span class='ocrx_word' id='word_1_364' title='bbox 843 4384 957 4456; x_wconf 84' lang='grc' dir='ltr'><strong><em>σπορᾶς</em></strong></span> <span class='ocrx_word' id='word_1_365' title='bbox 974 4387 1023 4454; x_wconf 85' lang='grc' dir='ltr'><strong><em>τῆς</em></strong></span> <span class='ocrx_word' id='word_1_366' title='bbox 1040 4381 1109 4455; x_wconf 78' lang='grc' dir='ltr'><strong><em>ἐμῆς</em></strong></span> <span class='ocrx_word' id='word_1_367' title='bbox 1121 4385 1279 4453; x_wconf 77' lang='grc' dir='ltr'><strong><em>Αἰτωλίδος</em></strong></span> <span class='ocrx_word' id='word_1_368' title='bbox 1293 4386 1405 4460; x_wconf 80' lang='grc' dir='ltr'><strong><em>μητρὸς</em></strong></span> 
     </span>
     <span class='ocr_line' id='line_1_40' title="bbox 146 4447 1352 4543; baseline 0.015 -31"><span class='ocrx_word' id='word_1_369' title='bbox 146 4447 307 4526; x_wconf 76' lang='grc' dir='ltr'><strong><em>ἀγάλματα,</em></strong></span> <span class='ocrx_word' id='word_1_370' title='bbox 326 4459 374 4514; x_wconf 76' lang='lat' dir='ltr'><strong><em>sed</em></strong></span> <span class='ocrx_word' id='word_1_371' title='bbox 392 4458 429 4514; x_wconf 85' lang='grc' dir='ltr'><strong><em>εί.</em></strong></span> <span class='ocrx_word' id='word_1_372' title='bbox 441 4458 505 4515; x_wconf 82' lang='lat' dir='ltr'><strong>wil.</strong></span> <span class='ocrx_word' id='word_1_373' title='bbox 519 4460 553 4515; x_wconf 82' lang='grc' dir='ltr'><strong><em>δα</em></strong></span> <span class='ocrx_word' id='word_1_374' title='bbox 570 4466 639 4531; x_wconf 75' lang='grc' dir='ltr'><strong><em>λης.</em></strong></span> <span class='ocrx_word' id='word_1_375' title='bbox 652 4478 741 4531; x_wconf 73' lang='lat' dir='ltr'><strong>graec.</strong></span> <span class='ocrx_word' id='word_1_376' title='bbox 754 4464 805 4534; x_wconf 77' lang='grc' dir='ltr'><strong><em>ίτς.</em></strong></span> <span class='ocrx_word' id='word_1_377' title='bbox 817 4482 846 4535; x_wconf 83' lang='lat' dir='ltr'><strong><em>p.</em></strong></span> <span class='ocrx_word' id='word_1_378' title='bbox 857 4470 890 4522; x_wconf 71' lang='lat'><strong><em>24</em></strong></span> <span class='ocrx_word' id='word_1_379' title='bbox 943 4473 975 4524; x_wconf 79' lang='lat'><strong><em>2³</em></strong></span> <span class='ocrx_word' id='word_1_380' title='bbox 993 4463 1073 4543; x_wconf 79' lang='grc' dir='ltr'><strong><em>αύτῷ</em></strong></span> <span class='ocrx_word' id='word_1_381' title='bbox 1089 4469 1162 4538; x_wconf 83' lang='lat' dir='ltr'>libri,</span> <span class='ocrx_word' id='word_1_382' title='bbox 1182 4486 1252 4528; x_wconf 81' lang='lat' dir='ltr'><strong>corr.</strong></span> <span class='ocrx_word' id='word_1_383' title='bbox 1271 4471 1352 4542; x_wconf 81' lang='grc' dir='ltr'><strong><em>Εωρ.</em></strong></span> 
     </span>
     <span class='ocr_line' id='line_1_41' title="bbox 147 4542 1406 4631; baseline 0.024 -39"><span class='ocrx_word' id='word_1_384' title='bbox 147 4542 180 4593; x_wconf 76' lang='grc'><strong><em>25</em></strong></span> <span class='ocrx_word' id='word_1_385' title='bbox 189 4544 238 4597; x_wconf 85' lang='grc' dir='ltr'><strong><em>καί</em></strong></span> <span class='ocrx_word' id='word_1_386' title='bbox 247 4542 359 4599; x_wconf 78' lang='grc' dir='ltr'><strong><em>ιεσίαείί</em></strong></span> <span class='ocrx_word' id='word_1_387' title='bbox 367 4543 467 4601; x_wconf 74' lang='lat' dir='ltr'><strong>Retske</strong></span> <span class='ocrx_word' id='word_1_388' title='bbox 500 4549 532 4600; x_wconf 77' lang='grc'><strong><em>22</em></strong></span> <span class='ocrx_word' id='word_1_389' title='bbox 540 4551 669 4620; x_wconf 79' lang='grc' dir='ltr'><strong><em>χριστῶν</em></strong></span> <span class='ocrx_word' id='word_1_390' title='bbox 677 4550 804 4619; x_wconf 67' lang='lat' dir='ltr'><strong>Cusub„</strong></span> <span class='ocrx_word' id='word_1_391' title='bbox 812 4559 954 4626; x_wconf 77' lang='grc' dir='ltr'><strong><em>χρειστυῖν</em></strong></span> <span class='ocrx_word' id='word_1_392' title='bbox 963 4554 992 4609; x_wconf 95' lang='grc' dir='ltr'>Μ</span> <span class='ocrx_word' id='word_1_393' title='bbox 1000 4563 1134 4631; x_wconf 78' lang='grc' dir='ltr'><strong><em>χρηστῶν</em></strong></span> <span class='ocrx_word' id='word_1_394' title='bbox 1141 4556 1190 4614; x_wconf 88' lang='lat' dir='ltr'><strong><em>UB</em></strong></span> <span class='ocrx_word' id='word_1_395' title='bbox 1219 4562 1252 4615; x_wconf 83' lang='grc'><strong><em>28</em></strong></span> <span class='ocrx_word' id='word_1_396' title='bbox 1262 4557 1367 4630; x_wconf 80' lang='grc' dir='ltr'><strong><em>ἀνοίας</em></strong></span> <span class='ocrx_word' id='word_1_397' title='bbox 1376 4561 1406 4615; x_wconf 85' lang='grc' dir='ltr'>Μ</span> 
     </span>
    </p>
   </div>
   <div class='ocr_carea' id='block_1_4' title="bbox 0 0 1768 5264">
    <p class='ocr_par' dir='ltr' id='par_1_6' title="bbox 0 0 1768 5264">
     <span class='ocr_line' id='line_1_42' title="bbox 0 0 1768 5264; baseline 0 0"><span class='ocrx_word' id='word_1_398' title='bbox 0 0 1768 5264; x_wconf 95' lang='lat' dir='ltr'><strong><em> </em></strong></span> 
     </span>
    </p>
   </div>
  </div>
 </body>
</html>
