3466 5268
663 378 799 435 ORATIO
817 377 942 434 XLVIII.
1389 380 1429 440 93

170 555 438 644 παραναλίσκειν
460 561 524 618 τού
541 550 679 635 μέλιτος
700 555 720 640 ή
745 551 860 630 πάσας
883 555 1079 641 θορυβῆσαι
1100 554 1162 630 τάς
1179 552 1349 634 μελίττας.
1389 548 1427 620 οδ
1442 559 1481 623 16

110 659 112 662 ’
169 668 287 743 μέντοι
310 648 395 743 παρ’
421 662 502 742 ήμῖν
524 659 622 737 τυχόν
646 647 757 731 οὐδείς
778 658 853 719 ἐστι
868 652 978 742 κηφήν
994 654 1107 741 ἀργός,
1130 657 1268 738 βομβῶν
1285 657 1430 744 σαθρόν,

167 760 349 849 γενόμενος
370 769 433 824 τού
444 757 592 842 μέλιτος.
631 761 687 822 κοί
700 763 818 839 μέντοι
832 762 889 823 καί
901 762 1077 846 μύρμηκος
1099 762 1189 821 πονύ
1211 758 1320 845 ήδέως
1343 758 1429 823 ἰδεῖν

171 867 282 944 ἔστιν,
304 868 401 940 ὅπως
422 865 485 944 μὲν
508 864 640 926 οἰκοῦσι
660 853 737 942 μετ’
762 857 915 949 ἀλλήλων
938 854 1093 940 εὐκόλως,
1117 864 1213 938 ὅπως
1236 859 1272 924 δὲ
1288 858 1429 940 ἐξίασιν,

136 972 268 1044 οόπως
291 965 327 1030 δὲ
349 968 391 1030 τὰ
413 960 501 1052 βάρη
524 961 850 1046 μεταλαμβάνουσιν,
872 967 968 1041 ὅπως
992 962 1027 1028 δὲ
1044 971 1306 1049 παραχωροῦσιν
1328 961 1429 1052 ἀλλή-

174 1069 247 1147 λαις
269 1077 336 1133 τῶν
359 1067 455 1133 όδῶν.
502 1067 619 1132 ούκουν
642 1068 781 1152 αἰσχρὸν
805 1068 1015 1152 ἀνθρώπους
1038 1070 1138 1142 όντας
1159 1068 1430 1154 ἀφρονεστέρους

61 1183 158 1237 (588111
173 1172 262 1237 εἶναι
283 1171 417 1257 θηρίων
441 1171 528 1232 ούτω
553 1177 701 1256 σμικρῶν
729 1172 785 1233 καί
814 1170 973 1256 ἀφρόνων
979 1193 992 1245 ,·
1019 1178 1124 1233 ταῦτα
1153 1172 1214 1250 μὲν
1238 1170 1295 1232 οδν
1318 1166 1430 1246 ἄλλως

172 1275 302 1362 ίρρήθή
326 1276 454 1358 τρόπον
476 1276 562 1335 τινά.
611 1275 731 1335 στάσιν
754 1270 790 1335 δὲ
814 1273 890 1335 ούτε
914 1268 1090 1353 ὀνομάζειν
1118 1268 1215 1350 ἀξιον
1238 1264 1323 1357 παρ’
1348 1275 1429 1357 ήμῖν

172 1380 256 1463 μήτε
280 1374 399 1460 λεγέτω
421 1372 549 1460 μηδείς.
599 1371 685 1437 ἀλλά
713 1394 772 1454 μοι
797 1370 890 1438 δοκεῖ
915 1375 1215 1459 περικαθήραντας
1243 1378 1303 1462 τήν
1326 1370 1427 1436 πόλιν
1442 1377 1480 1440 17

126 1486 154 1538 1⁰
174 1482 221 1567 μή
246 1476 360 1564 σκίλλῃ
387 1475 473 1564 μηδὲ
502 1474 601 1540 ὕδατι
609 1526 619 1555 ,
648 1473 737 1539 πολύ
766 1474 803 1541 δὲ
831 1478 1061 1562 καθαρωτέρῳ
1088 1479 1236 1564 χρήματι
1263 1474 1311 1560 τῷ
1343 1473 1428 1559 λόγῳ

37 1590 158 1646 (mn)
171 1590 267 1668 κοινή
290 1583 453 1663 πράττειν
475 1580 517 1643 τά
541 1576 657 1658 λοιπά,
679 1581 830 1660 καὶπερὶ
845 1587 912 1642 τῶν
929 1581 1148 1664 ἀγορανόμων
1163 1581 1221 1642 καί
1236 1585 1303 1642 τῶν
1319 1575 1429 1640 ἀλλων

171 1681 363 1772 φροντίζειν
391 1686 448 1747 καί
476 1685 536 1770 τήν
563 1679 687 1769 βουλήν
716 1677 925 1769 παρακαλεῖν
948 1685 1036 1768 πρός
1057 1689 1179 1760 ταῦτα,
1210 1682 1280 1758 ίνα,
1311 1682 1428 1764 ὥσπερ

170 1788 294 1866 εἴωθε,
324 1793 455 1871 προνοῇ
477 1794 537 1872 τῆς
568 1781 721 1860 πόλεως·
751 1786 849 1847 ἔσται
870 1785 933 1869 γάρ
956 1787 1034 1866 ύμῖν
1058 1787 1147 1847 πάνυ
1170 1781 1284 1868 ῥᾴδια.
1329 1789 1428 1844 τοῦτο

171 1888 207 1954 δδ
230 1888 327 1970 ἀξιον
349 1892 427 1970 ύμῖν
451 1885 648 1951 σπουδάσαι
669 1889 727 1951 καί
748 1883 805 1950 διὰ
820 1891 879 1950 τόν
894 1889 1050 1972 ἄρχοντα,
1074 1887 1112 1949 ὃν
1128 1888 1349 1971 πεποιήκατε,
1373 1884 1428 1946 ίνα

124 1997 154 2048 15
172 1995 218 2080 μή
245 1991 404 2075 λαβόντες
425 1992 570 2074 ἄπειρον
591 1990 781 2074 ἄνθρωπον
803 1989 923 2052 ἔπειτα
946 1992 981 2052 δν
1002 1987 1147 2052 κλύδωνι
1161 1990 1217 2051 καί
1234 1985 1324 2071 σάλφ
1341 1990 1428 2050 ἐᾶτε.

291 2599 366 2682 132)
395 2597 744 2680 ΠΑΡΑΙΤΗΣΙΣ
770 2597 964 2680 ΑΡΧΗΣ
992 2597 1070 2680 ΕΝ
1100 2597 1331 2681 BOYAHL

752 2771 851 2782 ——-.

260 2894 342 2968 Τοῖς
370 2893 555 2954 ἐπιεικέσιν
584 2892 788 2977 ἀνθρώποις
814 2893 872 2956 καί
900 2887 1187 2972 πεπαιδευμένοις
1222 2891 1298 2954 ούτε
1327 2888 1429 2976 ἀηδὲς
1453 2908 1467 2969 1

172 2995 212 3057 τό
234 2995 348 3078 ἄρχειν
372 2993 449 3056 ούτε
466 2989 627 3074 χαλεπόν.
665 2991 805 3079 ήδονται
825 2995 972 3077 μὲνγὰρ
996 2991 1107 3057 οὐδενί
1127 2987 1256 3074 μᾶλλον
1277 2994 1297 3079 ή
1321 2991 1369 3076 τῷ
1392 2993 1432 3056 εδ

172 3101 304 3161 ποιεῖν·
325 3093 374 3180 τῷ
398 3093 434 3159 δὲ
457 3097 594 3180 ἄρχοντι
617 3093 784 3183 πόλεωςή
802 3097 925 3172 ἔθνους
939 3098 959 3183 ή
975 3099 1032 3161 καί
1047 3093 1216 3160 πλειόνων
1232 3095 1429 3181 ἀνθρώπων

174 3199 212 3262 ού
234 3201 339 3279 μόνον
360 3196 500 3276 ἐξουσία
523 3194 667 3284 πλείστη
690 3206 753 3262 τοῦ
773 3199 955 3283 εὐεργετεῖν
978 3201 1085 3278 ἐστιν,
1117 3196 1203 3263 ἀλλά
1225 3201 1282 3263 καί
1303 3199 1428 3283 ἀνάγκη

123 3305 155 3360 11
178 3299 312 3382 σχεδόν·
343 3300 375 3364 εί
398 3299 434 3364 δὲ
456 3303 519 3388 μή,
543 3301 602 3362 ούκ
623 3302 800 3381 ἀνέχονται
821 3304 879 3365 τδν
900 3300 1066 3387 βλαβερόν
1088 3304 1233 3387 ἄρχοντα
1256 3302 1314 3382 οδχ
1335 3304 1432 3376 ὅπως

173 3403 374 3488 ἅνθρωποι,
397 3395 429 3486 [δ
452 3398 490 3489 δή
517 3399 613 3465 δοκεῖ
631 3405 768 3466 πάντων
790 3402 995 3488 δριμύτατον
1018 3398 1137 3489 εἶναι,]
1161 3395 1237 3466 ἀλλ’
1262 3402 1340 3468 οὐδὲ
1362 3412 1430 3467 τῶν

171 3506 305 3590 θηρίων
327 3505 368 3567 τά
392 3504 639 3590 ἀφρονέστατα.
685 3506 760 3568 ούτε
781 3507 844 3591 γάρ
866 3507 945 3588 βόες
966 3504 1095 3591 ῥᾳδίως
1116 3508 1328 3587 ὑπομένουσι
1348 3507 1427 3588 βου·
1450 3517 1470 3578 2

171 3603 279 3670 κόλων
301 3603 462 3688 ἀμέλειαν
487 3607 564 3670 οὔτε
579 3604 723 3671 αίπόλια
739 3611 795 3671 καί
811 3613 957 3689 ποῖμναι
972 3611 1051 3684 τούς
1068 3610 1278 3694 φθείροντας
1296 3613 1428 3688 νομέας.

172 3708 214 3771 τά
236 3709 382 3792 μὲνγὰρ
406 3710 597 3794 ἀποφεύγει
617 3711 674 3774 καί
697 3711 735 3772 ού
758 3711 943 3788 πείθεται,
966 3711 1007 3772 τὰ
1032 3707 1067 3774 δὲ
1089 3713 1146 3774 καὶ
1168 3711 1330 3790 ἀμύνεται
1351 3713 1430 3786 τούς

122 3814 154 3866 2⁶
175 3813 346 3896 πονηρούς
360 3814 566 3896 προστάτας.
602 3814 636 3876 οἱ
658 3807 691 3876 δ’
717 3814 825 3876 ίπποι
846 3816 925 3889 τούς
939 3814 1090 3895 ἀμαθεῖς
1104 3817 1260 3899 ήνιόχους
1277 3810 1429 3895 ἀποβάλ-

173 3910 288 3989 λοντες
316 3910 405 3977 πολύ
433 3917 562 3978 κάκιονΙ
577 3910 777 3992 κολάζουσιν
805 3911 825 4002 ἢ
854 3917 976 3979 ἐκεῖνοι
1011 3925 1053 4002 τῇ
1089 3918 1231 3998 μάστιγι
1258 3917 1429 3991 παίοντες.

258 4123 358 4200 1ύμτν
375 4128 448 4186 UBT
535 4123 628 4206 ἀργὸς
644 4130 754 4198 Jacobs,
773 4128 875 4205 ἄγριος
892 4133 953 4188 libri
1040 4125 1128 4191 ύυύκ
1146 4124 1239 4192 ούνΤ
1331 4127 1431 4192 8οδόλ

172 4214 245 4284 libri,
262 4229 332 4271 corr.
351 4215 430 4283 Emp.
447 4215 477 4270 in
494 4216 558 4272 εδει.
648 4221 664 4272 9
682 4213 932 4291 περικαθάρανεες
948 4219 1022 4277 UBT
1127 4224 1159 4274 10
1175 4218 1244 4293 μηδὲ
1261 4211 1341 4278 ὕδατι
1358 4219 1431 4288 libri,

174 4301 242 4372 μηδὲ
259 4304 319 4377 όᾳόί
336 4301 474 4371 unguem·
568 4305 600 4357 1³
618 4300 715 4361 εἰώθει
732 4304 804 4372 libri,
821 4301 908 4362 εἴωθε
926 4304 1006 4375 Emp.
1111 4309 1142 4360 11
1160 4300 1214 4362 τὸν
1230 4299 1361 4377 ἀρχονια
1378 4309 1429 4360 σία

174 4383 262 4440 fuitne
279 4387 325 4442 hio
342 4386 438 4442 Dionis
460 4385 552 4443 filius?
672 4394 703 4444 11
722 4389 860 4463 παρέχειν
876 4394 937 4462 (pro
955 4409 989 4448 το
1007 4386 1116 4465 ἄρχειν)
1134 4389 1158 4446 U
1177 4406 1212 4446 m.
1230 4404 1288 4460 pr„
1309 4389 1376 4460 ΒΜ,
1394 4388 1429 4449 εδ

176 4463 317 4611 ἀρχεινὲ
335 4487 369 4526 ια.
389 4471 501 4540 εοε.,’1’
621 4477 648 4528 11
673 4467 741 4548 δόῆ
760 4506 793 4516 -
811 4471 883 4535 εἶναι
907 4475 980 4533 dolet
1001 4475 1082 4545 Emp.
1209 4479 1242 4531 2³
1260 4477 1384 4549 νομαίας
1401 4474 1431 4531 M

177 4572 195 4609 ν
213 4573 270 4624 μοις
