3466 5268
326 300 368 364 αα
554 270 558 279 ’
758 299 883 356 motus
900 299 941 359 ικ
958 297 1144 359 confflem

323 477 407 561 μήτε
429 467 513 560 παρ’
540 478 674 548 έαυτοῖς
696 476 780 559 μήτε
803 476 897 560 παρά
920 480 994 549 τοῖς
1007 477 1182 558 ἡγεμόσιν.
1217 474 1292 538 ούτε
1308 475 1369 559 γάρ
1385 481 1452 538 τῶν
1475 475 1580 556 ἀσυμ-
1596 487 1712 540 monn)

325 579 448 662 φώνων
466 583 577 662 χορῶν
601 567 712 654 οὐδεὶς
735 577 850 642 ἀκούει
871 575 1000 662 ῥᾳδίως
1021 580 1086 656 δ,τι
1109 574 1262 660 λέγουσιν
1286 578 1361 640 ούτε
1379 585 1446 642 τῶν
1463 575 1580 664 διαφε-

323 684 474 766 ρομένων
503 676 646 742 πόλεων.
699 681 815 766 ὥσπερ
843 681 905 764 γάρ
935 682 970 742 έν
999 677 1063 764 μιᾷ
1093 682 1148 765 νηλ
1176 677 1344 756 πλέοντας
1375 671 1412 744 οὑ
1438 677 1580 742 δυνατδν

326 780 422 864 οἶμαι
442 783 546 866 χωρὶς
568 785 709 844 ἕκαστον
729 783 899 868 σωτηρίας
914 785 1097 866 τυγχάνειν,
1120 771 1196 846 ἀλλ’
1223 785 1292 863 άμα
1309 785 1450 859 πάντας,
1474 783 1583 858 οὑτως

285 885 304 949 8
328 876 406 948 οὐδὲ
422 886 501 960 τούς
518 882 877 966 συμπολιτευομένους.
906 890 1033 970 πρέπει
1049 883 1085 948 δὲ
1100 887 1178 966 ὑμῖν
1195 883 1337 969 παιδείᾳ
1353 882 1579 972 διαφέροντας
1599 891 1616 944 9

323 989 379 1052 καί
411 989 513 1073 φύσει
539 989 597 1052 καλ
624 985 672 1070 τῷ
702 989 775 1054 ἀντι
802 988 966 1072 καθαρῶς
996 989 1095 1064 ὄντας
1109 980 1270 1074 Ἕλληνας
1299 989 1334 1052 έν
1358 979 1449 1070 αὑτῷ
1471 988 1580 1069 τούτῳ

324 1091 384 1175 την
405 1093 624 1174 γενναιότητα
647 1086 887 1154 ἐπιδεικνύναι.
1018 1086 1130 1152 πολλὰ
1155 1082 1187 1153 δ’
1213 1091 1254 1153 ἂν
1284 1088 1381 1172 οἶμαι
1404 1089 1483 1173 περὶ
1504 1089 1580 1152 τού-

324 1213 391 1256 των
414 1188 527 1274 έλεγον
548 1194 605 1254 καὶ
627 1194 716 1278 πρὸς
736 1195 775 1255 τὸ
789 1193 938 1276 μέγεθος
953 1200 1013 1279 τῆς
1028 1193 1242 1271 ὑποθέσεως,
1266 1193 1297 1260 εἰ
1312 1194 1356 1279 μὴ
1373 1187 1412 1256 τό
1429 1211 1466 1256 τε
1483 1197 1581 1272 σῶμα

323 1291 447 1380 κομιδῇ
470 1290 609 1379 φαύλως
624 1292 714 1373 εἶχον
730 1295 814 1375 ὑμᾶς
828 1316 875 1372 τε,
899 1298 984 1382 ὅπερ
1007 1296 1104 1381 ίφην,
1128 1285 1188 1376 οὑχ
1203 1297 1318 1379 ἐώρων
1335 1291 1580 1378 διενεχθέντας.

325 1387 403 1458 οὐδὲ
425 1395 488 1478 γάρ
510 1399 642 1478 γέγονεν
658 1387 777 1483 [οὐδέν]
794 1386 871 1462 οὐδὲ
895 1399 1018 1482 φύεται
1042 1389 1127 1484 παρ’
1152 1398 1230 1478 ὑμῖν
1253 1403 1352 1460 τοῦτο
1376 1398 1413 1458 τδ
1437 1392 1581 1480 νόσημα,
1605 1403 1697 1462 19933

325 1493 410 1558 ἀλλά
440 1495 524 1573 ἴσως
551 1497 691 1579 βραχεῖά
714 1517 767 1573 τις
788 1499 942 1580 ὑποψία,
970 1491 1050 1583 (ἧς)
1072 1499 1232 1584 καθάπερ
1263 1495 1465 1583 ὀφθαλμίας
1488 1498 1583 1582 παρά

325 1606 392 1666 τῶν
415 1600 510 1679 ίγγύς
532 1595 783 1676 ἀπελαύσαμεν.
834 1598 942 1662 εἴωθε
971 1596 1007 1662 δὲ
1029 1607 1129 1662 τούτο
1154 1600 1350 1681 συμβαίνειν
1373 1601 1429 1668 καί
1451 1596 1492 1684 τῇ
1515 1600 1583 1662 θα·

327 1697 428 1784 λύττῃ
452 1696 631 1774 πολλάκις·
655 1707 718 1762 τού
736 1700 849 1782 βυθοῦ
863 1697 1071 1778 κλυσθέντος
1086 1702 1231 1788 ἰσχυρῶς
1251 1703 1309 1768 καλ
1328 1708 1495 1786 χειμῶνος
1517 1697 1582 1780 έξω

285 1805 305 1872 9
326 1805 504 1884 γενομένου
528 1798 693 1878 πολλάκις
715 1799 848 1888 ἀδήλως
876 1805 1067 1890 έπεσημηνε
1095 1789 1247 1880 καὶτοῖς
1275 1801 1417 1885 λιμέσιν.
1464 1802 1583 1871 οἴεσθε

326 1905 449 1992 ἀγορᾶς
470 1905 526 1967 καλ
548 1903 698 1990 θεάτρου
720 1906 776 1968 καλ
797 1907 990 1988 γυμνασίων
1010 1908 1068 1969 καὶ
1091 1913 1199 1970 στοῶν
1221 1907 1277 1970 καλ
1288 1909 1469 1991 χρημάτων
1491 1903 1581 1968 εἶναί
1601 1912 1630 1964 ιδ

325 2027 360 2070 τι
383 2002 508 2092 ὄφελος
531 2010 604 2084 τοῖς
630 2003 889 2084 στασιάζουσιν,·
918 2010 956 2072 ού
984 2011 1089 2076 ταῦτα’
1118 2011 1192 2074 ἐστι
1219 2010 1261 2076 τά
1286 2016 1452 2074 ποιοῦντα
1480 2005 1582 2073 πόλιν

324 2105 445 2193 καλήν,
468 2105 554 2172 ἀλλὰ
578 2113 799 2202 σωφροσύνη,
823 2108 941 2197 φιλία,
969 2113 1008 2177 τδ
1032 2113 1206 2177 πιστεύειν
1229 2107 1397 2198 ἀλλήλοις.
1441 2113 1521 2176 ύταν
1544 2107 1580 2172 δὲ

325 2213 385 2296 την
346 2208 540 2298 ηβουλην
568 2217 712 2298 ψέγητε,
741 2216 820 2290 τούς
849 2221 1086 2310 προεστῶτας,
1122 2216 1201 2290 τούς
1230 2211 1492 2296 ἐξειλεγμένους,
1523 2213 1581 2293 οὑχ

327 2316 449 2390 αὑτούς
471 2319 612 2398 ψέγετε;
634 2317 665 2379 εί
687 2317 749 2404 γάρ
773 2318 807 2380 οῖ
828 2299 983 2398 βελτίους
1005 2319 1097 2402 ὑμῶν
1113 2317 1182 2382 εἰσι
1198 2317 1353 2406 πονηροί,
1376 2316 1412 2378 τί
1434 2313 1490 2379 δεῖ
1501 2317 1581 2400 περὶ

326 2423 394 2480 τῶν
417 2413 528 2480 ἀλλων
549 2414 754 2499 ὑπολαβεῖν,·
775 2422 884 2504 ,ἡμεῖς
907 2421 973 2506 ἀρα
995 2420 1037 2483 τά
1061 2421 1170 2484 αὑτῶν
1185 2417 1444 2502 ἀπολέσωμενβ
1467 2417 1585 2494 ούθείς
1605 2413 1657 2483 m(
1649 2412 1731 2462 (ΜΒ

328 2532 450 2604 φησιν·
480 2511 557 2581 ἀλλ’
589 2519 628 2582 εύ
655 2519 728 2584 ἴστε
756 2523 810 2584 ὅτι
838 2523 873 2584 έν
903 2524 1034 2597 πάσαις
1062 2526 1139 2598 ταῖς
1167 2519 1309 2590 πόλεσίν
1331 2523 1406 2587 έστι
1424 2521 1578 2606 χρήματα

328 2617 487 2705 δημόσια,
509 2623 565 2684 καὶ
587 2629 692 2686 ταῦτα
716 2623 850 2701 ἔχουσιν
872 2624 969 2701 ένιοι,
991 2625 1081 2698 τινες
1101 2625 1143 2704 μὲ
1145 2645 1163 2685 ν
1128 2615 1234 2687 δ’δι
1260 2625 1409 2706 ἄγνοιαν,
1431 2623 1520 2698 τινὲς
1543 2619 1579 2685 δὲ

328 2719 455 2798 ἄλλως·
477 2724 534 2787 καλ
556 2720 613 2789 δεῖ
630 2728 789 2808 προνοεῖν
811 2726 867 2790 καὶ
891 2720 1019 2808 σῴζειν,
1047 2726 1085 2787 ού
1107 2729 1224 2806 μέντοι
1244 2725 1330 2807 μετά
1352 2725 1480 2810 ἔχθρας
1503 2721 1580 2787 ούδὲ

327 2825 412 2905 μετὰ
436 2822 612 2912 διαφοραῖς.
658 2823 754 2889 οὑτοι
777 2824 1047 2912 φιλοτιμοῦνται,
1071 2825 1236 2904 πολλάκις
1257 2829 1337 2908 ὑμῖν
1360 2820 1445 2913 παρ’
1471 2829 1581 2890 αὑτῶν

280 2927 319 2989 10
330 2929 591 3014 εἰσενηνόχασιν.
635 2929 778 2994 πείθετε
802 2930 932 3007 αύτούς,
956 2927 1198 3016 παρακαλεῖτε·
1222 2931 1262 2994 ἀν
1285 2931 1507 3004 ἀντιτείνωσι,
1530 2927 1579 2994 δι·
1600 2939 1632 2991 25

326 3027 566 3112 καιολογεῑσθε
589 3033 677 3114 πρὸς
697 3034 822 3111 μόνους
842 3031 994 3116 μηθενὸς
1016 3035 1187 3117 παρόντος
1209 3028 1350 3110 ἔξωθεν.
1402 3033 1460 3112 ούχ
1486 3034 1581 3112 ὑμεῖς

327 3136 404 3200 ίστε
428 3135 461 3196 οἱ
484 3128 649 3208 πολλάκις
670 3135 889 3210 ἐπαινοῦντες
911 3138 997 3220 ημᾶς
1020 3127 1068 3198 δι’
1093 3132 1173 3220 ὅλης
1195 3143 1255 3221 τῆς
1269 3139 1406 3227 ἡμέρας,
1429 3138 1508 3212 τούς
1522 3135 1583 3214 μὲν

328 3237 480 3318 ἀριστεῖς
503 3233 664 3316 λέγοντες,
687 3237 766 3311 τούς
789 3234 825 3299 δέ
844 3231 1065 3317 Ὀλυμπίους,
1088 3240 1168 3314 τούς
1191 3235 1226 3300 δὲ
1251 3247 1420 3325 σωτῆρας,
1444 3239 1523 3312 τούς
1546 3233 1581 3299 δὲ

418 3457 427 3506 9
447 3447 519 3522 μήτε
536 3443 611 3524 παρ’
629 3449 743 3518 ἑαυτοῖς
760 3443 898 3522 ἦγεμόσιν
914 3449 944 3504 Μ
962 3455 1025 3517 (σοι.
1043 3447 1115 3524 μήτε
1132 3449 1212 3524 παρὰ
1231 3456 1317 3518 τοῖς),
1333 3443 1405 3523 μήτε
1423 3447 1503 3524 παρὰ
1521 3459 1583 3516 τοῖς

328 3530 466 3610 ἡγεμόσιν
484 3536 557 3593 UBT
574 3541 636 3603 (om.
655 3531 729 3610 παρ’
749 3533 861 3602 ἑαυτοῖς
877 3533 968 3609 μήτε),
984 3542 1072 3592 totum
1089 3536 1162 3592 dedit
1173 3537 1251 3606 Emp
1303 3533 1441 3638 οὔτεγὰρ
1457 3562 1490 3577 ·-
1502 3541 1518 3590 3
1531 3531 1583 3591 τιδ-

329 3625 404 3681 λεων
420 3623 514 3678 eadem
532 3623 614 3678 verba
631 3622 757 3692 leguntur
775 3637 814 3678 or.
832 3621 950 3677 XXXIX
969 3627 1014 3683 §4
1066 3615 1243 3694 α’συμφόνων
1261 3619 1284 3674 Τ
1336 3616 1387 3675 2'
1369 3617 1484 3678 ακούειν
1501 3621 1532 3675 Μ

330 3708 434 3764 3111an
453 3704 554 3778 (τοὺς)
570 3705 603 3766 ἐν
619 3729 670 3788 μια
658 3708 817 3777 scribere,
834 3722 914 3777 quam
933 3703 1001 3773 τοὺς
1018 3707 1140 3762 δάοτεΙ.
1154 3712 1169 3760 5
1239 3713 1253 3761 5
1273 3705 1371 3780 παιδίᾳ
1388 3703 1417 3756 Μ
1469 3707 1485 3758 9
1504 3717 1582 3773 prae·

329 3793 439 3849 ferrem:
459 3787 523 3852 οὐδ’
540 3791 643 3867 ἑτάρων
739 3793 938 3866 διενεχθέντας
956 3792 1062 3860 scripsi,
1079 3789 1267 3860 διαμένοντας
1282 3789 1346 3845 libri
1452 3793 1481 3842 10
1501 3779 1584 3845 οὐδὲν

329 3881 394 3936 ουτ]
413 3878 535 3936 Dindorf.
590 3874 716 3938 υύὺὲῦ9
734 3876 802 3938 ούιι
818 3877 898 3934 ΜΒΤ
952 3883 980 3932 11
1001 3873 1070 3942 ἴσως
1087 3891 1140 3932 om.
1159 3873 1231 3931 UBT
1283 3863 1316 3947 ἧς
1331 3873 1394 3928 αδδ.
1414 3873 1531 3930 casaub.

331 3969 361 4022 13
379 3965 554 4031 κλυσθέντος
570 3965 680 4030 Βεὶάιε,
698 3964 877 4036 πλησθέντος
893 3962 955 4019 libri
1020 3967 1051 4016 19
1070 3956 1184 4018 τίεσθαι
1203 3961 1230 4014 Μ
1283 3957 1433 4016 οἴεσθε-
1453 3963 1482 4013 17
1502 3950 1584 4028 ἀλλή-

329 4055 390 4118 λοις
407 4065 504 4121 parum
521 4057 585 4121 τρια
605 4051 773 4114 inferuntur,
792 4054 935 4120 postquam
952 4047 1060 4116 negavit
1077 4045 1234 4104 seditionem
1251 4043 1325 4114 δούς
1349 4049 1413 4114 τρυε
1430 4045 1585 4113 legerentur

329 4142 392 4208 post
410 4132 506 4209 ἔχουσι
521 4130 659 4238 κακὸνρ.
679 4139 720 4200 99,
722 4139 755 4189 29
776 4133 876 4192 οἴεσθε
893 4139 935 4187 ter
951 4131 1066 4201 repetito
1142 4134 1173 4186 18
1191 4125 1385 4202 ἐξελεγμένους
1402 4129 1432 4183 Μ
1504 4133 1533 4183 19
1551 4121 1584 4198 δὴ

328 4239 379 4293 pro
397 4221 486 4280 ὑεῑΜ
554 4225 586 4276 20
604 4220 661 4326 γάρ
679 4214 698 4277 ὑ
716 4235 766 4289 pro
784 4215 842 4292 άρα
860 4217 889 4272 Μ
959 4209 1055 4273 αύισῑν
1072 4215 1141 4282 libri,
1161 4231 1230 4270 corr
1249 4216 1330 4285 Emp.
1399 4208 1585 4283 ἀπολύσομεν

329 4307 377 4364 TU
396 4323 413 4364 τ
430 4324 466 4364 m.
484 4322 537 4363 sec.
591 4301 658 4360 w
642 4325 706 4362 εστε
724 4303 747 4358 Τ
800 4307 832 4357 22
849 4305 898 4360 καὶ
916 4305 1006 4359 ταῦτα
1024 4317 1074 4370 pro
1091 4299 1204 4356 relativo
1222 4299 1383 4370 pronomine
1400 4299 1584 4368 neglegentius

330 4393 431 4448 dictum
534 4395 568 4446 24
586 4383 681 4448 αὑτοῖν
697 4389 768 4454 libri,
788 4403 858 4446 corr.
878 4387 956 4456 Emp.
1061 4389 1093 4440 25
1113 4381 1351 4457 εἰσενηνόχασιΤ
1442 4388 1586 4443 ἀικαιολο·

329 4483 443 4550 νεῖσθαι
461 4476 492 4531 Μ
