3476 5264
642 381 779 439 ORATIO
797 383 885 438 XXX.
1328 383 1391 443 305

134 548 229 630 ζουσι
250 555 310 639 τὴν
330 556 429 637 χάριν
443 561 511 617 τῶν
526 556 637 618 θεῶν·
662 557 697 618 οἰ
722 553 758 619 δέ
780 560 916 641 μέτριοί
937 579 973 620 τε
994 561 1052 622 καί
1073 559 1238 633 ἐπιεικεῖς
1259 567 1300 644 τῇ
1321 553 1387 638 μὲν
1400 563 1439 623 δί

134 653 238 740 ἡδονῇ
260 651 382 739 πρᾴως
394 662 544 740 χρῶνται
565 660 622 721 καί
645 656 703 722 διά
716 663 838 743 χρόνου
856 662 1081 746 φοβούμενοι·
1106 663 1221 745 ὥσπερ
1245 654 1309 745 [δὲ]
1331 663 1389 724 ἀν-

135 759 282 843 θρωπος
304 755 502 843 ἐλευθέριος
523 757 664 846 κληθείς
686 764 756 824 ύπό
777 782 871 839 τινος
892 770 960 826 τῶν
981 765 1198 848 κρειττόνων,
1221 760 1390 844 βασιλέως

131 861 151 945 ἢ
176 856 352 939 δυνάστου,
375 869 437 924 τοῦ
456 859 521 942 μὲν
543 865 678 927 ἐσθίειν
701 867 758 928 καί
780 867 893 928 πίνειν
916 863 1049 946 ἀμελεῖ,
1077 861 1165 950 πλην
1187 869 1269 927 ύσον
1291 867 1391 948 ἀναγ-

100 965 242 1038 ύκαῖον,
266 968 426 1046 προσέχει
449 959 488 1027 δὲ
512 970 586 1040 τοῖς
607 962 704 1028 ένδον
726 969 783 1030 καί
804 969 939 1043 τούτοις
960 973 1137 1053 τέρπεται·
1161 967 1310 1030 κάκεῖνοι
1331 971 1390 1048 μέ·

132 1063 202 1148 θης
222 1059 287 1145 μὲν
309 1067 365 1128 καί
388 1073 521 1129 πεττῶν
542 1069 599 1131 καί
614 1065 836 1151 ἀστραγάλων
859 1067 1053 1149 ἀμελοῦσιν,
1076 1071 1182 1153 δρῶσι
1204 1064 1243 1133 δὲ
1266 1066 1390 1133 τάνδον

133 1167 229 1240 ὅπως
251 1167 329 1246 ἔχει,
351 1170 408 1231 καί
428 1172 487 1231 τόν
509 1189 545 1232 τε
566 1167 732 1253 ἀνδρῶνα,
759 1173 801 1233 ἐνΙ
818 1161 846 1253 ᾦ
866 1174 1092 1248 κατάκεινται,
1115 1165 1334 1252 θαυμάζουσί
1354 1193 1391 1236 τε

132 1269 189 1330 καί
210 1263 366 1354 ζητοῦσιν
388 1273 484 1347 ὅπως
505 1276 635 1354 γέγονε,
666 1274 723 1335 καί
744 1273 786 1334 τά
809 1275 844 1335 έν
867 1272 957 1355 αύτῷ
981 1275 1094 1334 πάντα
1118 1274 1234 1355 ὥσπερ
1256 1276 1392 1358 γραφάς

11 1346 123 1450 λδθωξλλί
136 1392 232 1446 τινας
253 1369 394 1446 εὐειδεῖς
415 1374 472 1435 καί
493 1369 597 1449 καλάς
618 1382 832 1452 κατανοοῦσι,
855 1377 912 1438 καί
933 1378 994 1461 τὴν
1016 1371 1120 1459 ἀλλην
1136 1376 1332 1455 οἰκονομίαν
1354 1397 1391 1440 τε

87 1480 116 1531 10
135 1475 192 1536 καί
218 1471 314 1551 τάξιν
348 1476 405 1537 καί
441 1475 502 1549 τδς
531 1477 638 1560 ὥρας,
673 1478 719 1551 ὡς
756 1476 796 1538 εδ
822 1497 858 1539 τε
886 1479 943 1540 καί
983 1479 1220 1557 ἐπισταμένως
1254 1480 1389 1542 ἅπαντα

134 1579 340 1659 πράττουσι,
369 1578 426 1640 καί
456 1582 683 1661 προσέχουσιν
714 1579 847 1655 αὐτοῖς,
876 1581 933 1641 καί
960 1581 1061 1659 μόνοι
1087 1575 1125 1664 δη
1157 1586 1219 1641 τού
1246 1577 1390 1655 κάλλους

133 1673 371 1742 αἰσθάνονται.
415 1677 511 1760 μέλει
538 1671 570 1742 δ’
604 1681 719 1756 αὐτοῖς
749 1684 845 1756 ὅπως
874 1684 919 1766 μὴ
951 1677 1096 1744 δοκῶσιν
1127 1678 1328 1767 ὡς’τυφλοί
1353 1683 1436 1746 τ842

131 1782 187 1843 καί
213 1783 326 1866 κωφοί
352 1779 595 1868 μετειληφέναι
622 1785 767 1860 τούτων,
802 1780 887 1845 ἀλλά
917 1785 974 1846 καί
1001 1780 1253 1865 ἀπαλλαγέντες
1281 1785 1386 1864 ἔχωσί

11 1841 14 1956 λ
132 1903 166 1944 τι
188 1885 299 1946 εἰπεῖν
323 1886 403 1968 περί
418 1885 537 1961 αὐτῶν,
560 1883 659 1960 εἴτις
675 1882 899 1963 πυνθάνοιτο,
923 1888 945 1947 ά
966 1905 1002 1948 τε
1019 1883 1110 1948 είδον
1133 1887 1206 1948 άτε
1229 1887 1389 1968 ἔγνωσαν.

86 1991 115 2042 1⁵
136 1988 193 2048 καί
213 1994 318 2048 ταῦτα
343 1981 578 2072 φροντίζοντες
599 1988 656 2049 καί
684 1987 769 2066 μετά
797 1995 858 2049 νοῦ
884 1995 944 2073 τῆς
971 1984 1095 2072 ἡδονῆς
1122 1983 1274 2067 ἐμμελῶς
1296 1993 1391 2068 μετέ-

129 2108 246 2168 χοντες
262 2083 447 2170 διάγουσιν,
464 2088 513 2163 είς
526 2089 576 2150 ἰνί
591 2081 825 2169 διαλεγόμενοι
838 2090 896 2151 καί
909 2089 995 2150 κατά
1012 2087 1072 2150 δύο
1086 2091 1143 2152 καί
1157 2094 1248 2173 τρεῖς
1263 2092 1388 2170 δμοιοι.

132 2192 241 2256 ἐνίοτε,
264 2185 303 2253 δὲ
319 2186 465 2275 μεγάλης
480 2198 625 2275 κραυγῆς
640 2195 823 2275 γενομένης
844 2193 901 2254 καί
915 2191 1068 2271 θορύβου
1085 2191 1180 2274 παρά
1195 2197 1263 2252 τῶν
1284 2192 1391 2270 μεθυ-

135 2294 240 2354 όντων
262 2292 395 2354 κάκεῖσε
419 2289 631 2374 ἀπέβλεψαν,
655 2293 777 2355 ἔπειτα
801 2293 905 2368 εύθύς
929 2289 1034 2354 πάλιν
1057 2294 1144 2375 πρὸς
1166 2297 1300 2368 ἑαυτοῖς
1321 2295 1391 2374 ἐγέ-

136 2413 243 2456 νοντο.
286 2395 344 2456 καί
365 2391 507 2456 ἐπειδάν
522 2394 663 2458 ἀπιέναι
689 2392 758 2479 δίη,
783 2397 816 2456 οί
837 2391 902 2475 μὲν
918 2396 1050 2457 ἀσωτοι
1070 2396 1127 2457 καί
1141 2395 1298 2477 ἀκρατεῖς
1319 2396 1388 2460 ἀπὸ
1401 2396 1442 2460 43

86 2502 116 2554 20
137 2502 204 2558 τῶν
220 2492 500 2559 ἀκολουθούντων
515 2494 669 2560 ἕλκονται
692 2499 749 2560 καί
765 2500 925 2582 σύρονται
939 2497 1024 2578 μετά
1041 2501 1156 2560 πόνων
1171 2517 1208 2560 τε
1221 2499 1278 2560 καί
1293 2514 1391 2584 νοση-

132 2596 248 2679 μάτων
270 2603 465 2683 κεκραγότες
492 2600 549 2661 καί
572 2594 791 2679 οἰμώζοντες,
822 2594 922 2663 οὐδὲν
950 2595 1078 2674 εἰδότες
1101 2599 1177 2661 ούτε
1199 2601 1283 2662 ὅποι
1305 2619 1392 2683 παρ-

132 2697 243 2786 ῆλθον
266 2701 341 2763 οδτε
363 2704 459 2777 ὅπως
482 2699 728 2786 εἱστιάθησαν,
756 2703 818 2764 κάν
842 2695 932 2764 πάνυ
955 2697 1063 2764 πολύν
1086 2722 1139 2776 τις
1162 2701 1271 2765 αὐτῶν
1292 2705 1389 2786 μείνῃ

128 2807 259 2888 χρόνον.
306 2805 340 2867 οἰ
362 2800 400 2868 δὲ
425 2805 530 2888 ὀρθοί
551 2825 587 2867 τε
610 2807 667 2868 καί
689 2801 855 2891 ἀσφαλῶς
877 2809 951 2880 τοῖς
974 2809 1103 2866 ἑαυτῶν
1126 2805 1229 2866 ποσίν
1252 2795 1389 2882 ἀπίασι,

133 2910 469 2991 προσαγορεύσαντες
487 2909 566 2981 τούς
582 2904 713 2992 φίλους,
732 2904 875 2993 φαιδροί
889 2926 925 2968 τε
940 2908 997 2969 καί
1011 2907 1205 2991 γεγηθότες,
1229 2909 1275 2982 ὡς
1291 2904 1387 2969 ούύίν

86 3012 116 3062 25
138 3010 440 3094 ἀσχημονήσαντες.
485 3017 590 3070 ταῦτα
614 3008 672 3071 ούν
695 3011 714 3070 ό
736 3009 821 3084 θεὸς
843 3011 1043 3071 ἐπισκοπῶν
1064 3010 1121 3070 καί
1144 3003 1277 3082 πάντας
1298 3010 1386 3091 όρῶν
1398 3008 1440 3070 44

135 3113 181 3186 ὡς
203 3114 239 3172 ἐν
262 3107 338 3192 ἰδίῳ
363 3110 442 3192 οἴκῳ
467 3113 563 3185 ὅπως
578 3113 721 3185 ἕκαστος
736 3112 897 3187 εἰστιιῖτο,
921 3112 999 3185 τούς
1014 3107 1211 3190 βελτίστους
1233 3099 1287 3173 ἀεὶ
1303 3098 1388 3194 παρ’

136 3213 237 3276 αὑτὸν
257 3208 362 3290 καλεῖ,
383 3214 445 3274 κάν
467 3233 513 3294 τῳ
539 3209 673 3298 σφόδρα
698 3202 860 3296 ἀρεσθεὶς
882 3214 973 3296 τύχη,
1001 3216 1114 3293 μένειν
1142 3213 1243 3274 αὐτὸν
1262 3207 1391 3274 κελεύει

137 3316 195 3377 καί
219 3317 395 3398 συμπότην
417 3315 474 3376 καί
496 3317 630 3398 ἑταῖρον
653 3316 852 3399 ἐποιήσατο,
874 3316 931 3377 καί
952 3321 1014 3375 του·
1034 3318 1191 3399 νέκταρος
1205 3311 1269 3400 ἤδη
1294 3311 1393 3388 ούτος

11 3417 326 3496 Αινύίἰὶῐῐιεάωχεῖται.
371 3422 471 3476 τοῦτο
495 3409 534 3478 δὲ
550 3416 639 3478 έοικε
653 3411 718 3496 μὲν
740 3413 787 3500 τῷ
810 3425 869 3502 τῆς
887 3417 1110 3501 σωφροσύνης
1126 3418 1276 3511 πώματι,
1299 3413 1392 3480 διαυ-

221 3705 236 3754 2
255 3700 285 3758 δὲ
303 3699 415 3769 ιεαίυτίς
433 3703 475 3754 est
492 3699 563 3754 onim
580 3699 698 3768 protasis
715 3698 787 3754 inter
804 3698 939 3767 duplicem
956 3698 1089 3768 ιραύοιία
1198 3705 1213 3754 ³
1230 3696 1393 3771 ἐλευθέριος

135 3785 309 3855 nervorum,
326 3783 481 3858 ἐλεύθερος
498 3785 536 3851 Μ,
554 3800 607 3840 om.
625 3784 674 3840 ΗΒ
743 3802 823 3850 τινος
840 3782 931 3848 vind..
949 3803 1035 3841 τινων
1051 3783 1114 3838 libri
1182 3789 1196 3838 2
1216 3779 1276 3856 ἔχηι
1293 3783 1341 3839 UB

135 3868 203 3930 τότε
220 3887 270 3942 pro
289 3867 343 3930 τόν
360 3891 392 3929 τε
410 3871 440 3924 Μ
509 3866 707 3940 θαυμάζουσιν
723 3875 785 3935 (om.
804 3889 836 3927 τε
853 3872 902 3926 καί
921 3871 1061 3941 ζητοῦσιν)
1079 3867 1109 3923 Μ
1186 3873 1203 3923 9
1222 3869 1393 3939 οἰκονομίαν

135 3957 273 4026 Remus,
291 3957 462 4027 οἰκοδομίαν
473 3956 536 4011 libri
549 3959 635 4022 (εετιι
646 3961 688 4010 ατί
701 3953 808 4010 Βιίεἰάὶ
824 3953 978 4010 emendatio
996 3960 1108 4024 proptor
1119 3952 1241 4011 ordinem
1252 3968 1392 4010 enumera·

135 4042 227 4110 tionis)
277 4041 397 4099 fortasse
414 4041 537 4110 scripsit:
556 4043 604 4098 καί
616 4036 668 4113 τήν
684 4058 717 4097 τε
733 4035 821 4112 ἀλλην
840 4035 1011 4109 οἰκονομίαν
1027 4043 1076 4098 καί
1094 4034 1174 4106 τάξιν
1184 4043 1233 4096 καί
1245 4033 1297 4106 τάς
1314 4028 1394 4110 (δρας

133 4122 338 4200 (δρῶσιν)νεί
354 4126 514 4201 (δρῶντες)
531 4121 571 4194 ἀς
588 4117 620 4184 εὖ
636 4145 669 4183 τε
686 4155 721 4167 -
738 4125 931 4198 προσέχουσιν
955 4117 1054 4192 αύταῖς
1150 4129 1182 4180 14
1200 4122 1262 4182 ίδον
1278 4123 1308 4178 Μ

137 4217 168 4270 18
187 4210 306 4280 ἑαυτούς
323 4215 347 4269 Β
416 4218 447 4267 19
465 4207 581 4272 ἐπειδάν
598 4212 628 4267 Μ
647 4201 704 4284 δπη
723 4205 750 4267 δ’
768 4205 805 4271 ἀν
823 4209 871 4266 UB
965 4214 998 4265 20
1016 4203 1189 4268 ἀκολούθων
1206 4209 1327 4265 Οοίιείιιι

135 4299 208 4369 μετά
226 4295 327 4358 πόνων
344 4301 441 4357 τεκαὶ
458 4296 630 4371 νοσημάτων
648 4300 780 4366 corrupta
865 4299 898 4350 22
917 4291 1107 4368 είσθιάθησαν
1124 4295 1154 4348 Μ
1239 4313 1281 4360 τις
1298 4284 1395 4350 αὐτῶν

136 4381 228 4441 πολὺν
244 4385 307 4450 (hoe
324 4385 393 4452 σεδ)
410 4384 436 4442 U
514 4387 546 4438 23
564 4375 683 4442 ἀπίασιν
700 4382 755 4437 ΒΜ
834 4386 866 4437 25
884 4375 998 4448 πάντας
1014 4380 1122 4452 scripsi,
1140 4374 1235 4439 πάντα
1253 4377 1316 4434 libri

137 4472 170 4524 26
188 4466 319 4526 εἰσθιάτο
336 4468 367 4524 Μ
470 4472 502 4523 27
521 4461 612 4526 αύτδν
628 4468 659 4521 Μ
746 4467 843 4537 μένειν
860 4461 933 4524 εἰναι
951 4465 983 4521 Μ
1077 4459 1168 4524 αύτδν
1185 4463 1292 4534 scripsi,
1309 4453 1401 4522 αὐτοῦ

136 4552 200 4608 libri
268 4557 300 4609 28
319 4544 411 4620 οδτως
428 4552 453 4608 U
522 4557 554 4609 29
573 4549 691 4623 πόματι
709 4553 739 4608 Μ
757 4547 868 4622 σάματι
886 4550 936 4608 UB
1157 4637 1173 4688 ²

191 4645 250 4691 σεο.
263 4645 293 4691 11.
1174 4639 1189 4688 ⁰
