3466 5268
634 310 771 369 ORATIO
789 311 944 372 XXXVIII.
1369 308 1412 370 89

156 489 214 550 καί
242 489 366 574 φόβος,
395 489 453 550 ἐὰν
482 486 610 552 ἀδικεῖν
639 484 799 550 θέλωσιν.
843 492 882 551 τὸ
906 486 941 552 δὲ
972 497 1028 552 νῦν
1057 490 1132 570 ἔχον
1162 490 1199 550 αί
1220 491 1281 568 μὲν
1311 484 1413 550 ἄλλαι

160 588 279 667 πόλεις
304 592 372 653 ὑπὸ
402 600 461 676 τῆς
487 593 649 674 ὑμετέρας
679 592 830 666 στάσεώς
859 593 946 654 είσιν
973 595 1177 678 ἐπηρμέναι·
1204 590 1320 674 χρείαν
1349 590 1412 672 γάρ

7 695 270 756 ζιιτετσιαὺτῶν
304 691 432 756 δοκεῖτε
465 696 552 774 ἔχειν
585 694 641 755 καί
679 697 756 768 ταῖς
794 691 975 778 ἀληθείαις
1012 697 1101 774 έχετε
1139 692 1195 757 διά
1231 694 1288 754 τάν
1325 693 1412 776 πρὸς

159 792 323 881 ἀλλήλους
345 798 457 878 ἀγῶνα
480 797 536 858 καί
558 799 704 875 πάσχετε
728 795 800 858 οἷόν
816 817 849 859 τι
865 799 1065 876 πάσχουσιν,
1088 793 1229 860 ἐπειδάν
1252 791 1312 856 δύο
1335 795 1412 855 έπι-

125 907 142 957 5
165 902 284 982 φανεῖς
300 899 428 978 ὁμοίως
443 896 561 982 ἀνδρες
578 895 885 962 διαπολιτεύωνται
901 901 988 980 πρὸς
1004 896 1183 985 ἀλλήλους·
1220 891 1256 974 ἐξ
1271 898 1414 980 ἀνάγκης

161 1002 316 1076 ἅπαντας
339 1002 573 1085 θεραπεύουσι
595 1002 651 1063 καί
673 1003 753 1076 τούς
775 997 938 1064 πλεῖστον
960 1004 1040 1064 ύσον
1064 997 1275 1074 ἀποδέοντας
1292 999 1410 1059 αὐτῶν.

162 1104 249 1166 ὥστε
271 1105 306 1166 έν
329 1094 357 1186 ᾦ
380 1105 542 1187 περὶτοῦ
563 1105 733 1187 πρωτείου
755 1105 909 1185 μάχεσθε
931 1105 1035 1184 ὑμεῖς,
1057 1101 1242 1166 κινδυνεύει
1262 1104 1301 1163 τὸ
1318 1118 1409 1183 πρω·
1423 1099 1464 1163 35

159 1209 251 1268 τεῖον
273 1197 358 1288 παρ’
390 1206 531 1280 ἐκείνοις
559 1204 648 1268 εἶναι
676 1210 749 1282 τοῖς
777 1205 1070 1290 θεραπευομένοις
1097 1195 1160 1291 ὑφ’
1186 1207 1288 1285 ὑμῶν.
1336 1197 1412 1263 ούδέ

159 1309 222 1392 γάρ
246 1309 374 1371 ἔνεστιν
397 1309 456 1370 οὑκ
477 1309 564 1387 ἔχειν
586 1315 685 1370 τοῦτο
709 1304 819 1370 δοκεῖν
841 1328 952 1383 τινας,
982 1307 1001 1369 δ
1024 1298 1110 1391 παρ’
1142 1307 1251 1369 αὑτῶν
1277 1305 1413 1367 ἐκείνων

111 1419 140 1473 1ο
162 1412 258 1491 ὑμεῖς
280 1406 464 1492 λαμβάνειν
487 1407 630 1488 ἀξιοῦτε.
674 1412 731 1472 καί
751 1411 813 1486 τάς
836 1407 954 1486 πόλεις
978 1410 1035 1472 οὑν
1059 1417 1152 1472 πάσα
1175 1410 1298 1492 ἀνάγκη
1322 1407 1414 1490 γενή-

163 1529 259 1577 σεται
278 1508 337 1598 τὴν
352 1510 449 1591 τάξιν
464 1515 523 1600 την
540 1517 667 1575 έαυτῶν
683 1509 881 1596 ἀπολαβεῖν,
897 1515 953 1576 καί
969 1514 1085 1596 ὥσπερ
1101 1513 1190 1587 εἰκός
1205 1512 1279 1573 ἐστι
1293 1510 1350 1571 καί
1366 1504 1414 1570 δί-

159 1635 266 1694 καιον,
282 1617 411 1692 ἐκείνας
426 1617 518 1696 ὑμῶν
530 1611 673 1700 χρῄζειν,
691 1617 749 1696 οὑχ
763 1617 848 1696 ὑμαῖς
862 1617 1006 1679 ἐκείνων.
1040 1617 1097 1678 καί
1113 1615 1185 1694 οὑχί
1201 1613 1295 1696 παρά
1311 1618 1412 1674 τοῦτο

160 1715 297 1796 ἀξιώσω
326 1725 530 1802 τυραννικῶς
558 1720 644 1798 ὑμᾶς
674 1719 789 1795 αύτοῖς
818 1719 1100 1805 προσφέρεσθαι,
1135 1715 1255 1803 πρᾴως
1289 1711 1324 1777 δὲ
1357 1715 1415 1775 καί

160 1821 315 1904 μετρίως,
339 1823 455 1904 ὥσπερ
477 1823 702 1906 ὑφηγησάμην
724 1823 843 1905 μικρὸν
865 1820 1081 1904 ἔμπροσθεν,
1106 1821 1160 1882 ίνα
1182 1820 1227 1904 μὴ
1253 1818 1414 1902 φορτικὸν

113 1930 142 1982 15
164 1927 300 2007 γένηται
322 1926 360 1985 τὸ
384 1929 553 2006 πρωτεῖον
575 1925 677 2003 ὑμῶν,
701 1919 786 1984 ἀλλά
800 1924 857 1986 καί
872 1927 1041 2006 πρωτεῖον
1062 1903 1084 2006 ᾗ
1105 1923 1163 1984 καί
1184 1916 1335 2006 φιλῆται.
1372 1917 1413 1978 τά
1427 1917 1468 1984 36

162 2020 198 2086 δὲ
222 2031 289 2086 τῶν
310 2027 482 2109 ἡγεμόνων
504 2032 561 2087 νύν
583 2027 643 2105 μέν
666 2027 762 2100 ὅπως
790 2027 874 2104 έχει,
904 2026 940 2087 τί
970 2020 1026 2087 δεῖ
1050 2026 1137 2108 πρὸς
1166 2025 1414 2101 ἐπισταμένους

163 2123 288 2208 λέγειν;
314 2128 334 2212 ἢ
357 2126 420 2210 γὰρ
443 2127 501 2188 ούκ
530 2127 794 2189 ἐπαισθάνεσθε
824 2134 883 2212 της
905 2123 1117 2210 τυραννίδος,
1146 2126 1186 2209 ἣν
1208 2128 1227 2210 η
1252 2125 1373 2198 στάσις
1394 2126 1413 2206 η

161 2229 305 2312 ὑμετέρα
334 2224 458 2291 δίδωσι
484 2233 557 2303 τοῖς
586 2229 746 2311 ἀρχουσιν
774 2225 884 2307 ὑμῶν,·
913 2228 1043 2302 εύθέως
1070 2227 1136 2310 γάρ
1164 2227 1182 2287 δ
1211 2222 1416 2308 βουλόμενος

163 2326 324 2414 ἀδικῆσαι
346 2332 385 2393 τδ
409 2331 512 2406 έθνος
534 2327 635 2406 εἰδώς
656 2332 729 2416 ἥκει
751 2331 785 2392 τί
808 2326 864 2392 δεῖ
885 2331 1078 2415 ποιήσαντα
1107 2329 1207 2390 αὑτὸν
1229 2329 1273 2414 μη
1299 2323 1416 2390 δοῦναι

7 2440 144 2496 17911110
168 2430 271 2518 δίκην.
316 2434 335 2519 ἢ
359 2433 421 2517 γάρ
444 2441 487 2519 τῇ
508 2436 664 2495 Νικαέων
687 2433 838 2516 ἑταιρεία
861 2432 1092 2518 προστίθεται
1112 2431 1169 2493 καί
1190 2432 1229 2492 τὸ
1254 2433 1357 2514 μέρος
1378 2429 1417 2489 τύ

162 2536 298 2598 ἐκείνων
312 2537 381 2615 ἔχει
394 2536 547 2621 βοηθοῦν
562 2537 580 2622 ἢ
593 2537 673 2611 τούς
684 2532 892 2620 Νικομηδεῖς
907 2530 1066 2614 ἀλίμενος
1077 2525 1140 2619 ὑφ’
1158 2533 1251 2613 ὑμῶν
1264 2526 1416 2615 σῴζεται.

161 2641 218 2702 καί
242 2634 341 2724 φιλεῖ
356 2640 418 2718 μὲν
442 2635 646 2722 ούδετέρους,
670 2634 767 2700 δοκεῖ
784 2634 820 2700 δὲ
835 2638 915 2712 τούς
933 2641 1069 2720 έτέρους
1092 2632 1223 2721 φιλεῖν·
1247 2632 1362 2697 ἀδικεῖ
1381 2628 1417 2695 δὲ

163 2745 303 2816 πάντας.
348 2738 473 2804 ἀδικῶν
497 2738 532 2804 δὲ
557 2735 700 2824 σῴζεται
723 2737 779 2804 διδ
803 2743 881 2816 τούς
895 2743 1021 2820 μόνους
1036 2740 1211 2819 οἰομένους
1226 2728 1289 2800 ὑπ’
1316 2737 1418 2798 αὑτοῦ

164 2841 357 2930 φιλεῖσθαι.
408 2846 635 2927 κατεγνώκασι
664 2841 700 2907 δέ
728 2845 821 2924 ὑμῶν
849 2844 969 2905 ἀνοιαν
997 2838 1161 2926 δημοσίᾳ,
1190 2842 1247 2903 καί
1268 2835 1470 2922 χρῶνταιθῖ

7 2923 88 3031 ⁸⁴13,ss
108 2957 138 3008 25
161 2947 321 3030 καθάπερ
344 2952 418 3023 τοῖς
440 2943 596 3022 παιδίοις
610 2948 698 3027 ὑμῖν,
723 2945 775 3022 οῖς
791 2943 955 3020 πολλάκις
978 2945 1053 3007 ἀντί
1067 2951 1134 3007 τῶν
1149 2944 1317 3026 μεγίστων
1335 2959 1419 3024 προ-

163 3051 309 3112 τείνεται
330 3049 372 3111 τά
395 3051 597 3133 μικρότατα·
625 3051 760 3112 κάκεῖνα
790 3046 846 3112 διδ
869 3050 929 3134 τὴν
952 3048 1092 3129 ἄγνοιαν
1113 3052 1181 3108 τῶν
1205 3046 1251 3119 ώς
1277 3039 1420 3126 ἀληθῶς

162 3149 316 3234 μεγάλων
337 3155 394 3215 καί
416 3149 473 3215 διὰ
494 3154 554 3238 τὴν
577 3154 664 3237 πρὸς
685 3152 727 3214 τά
750 3149 909 3232 έλάχιστα
932 3147 1055 3236 ηδονην
1075 3149 1188 3233 χαίρει
1210 3143 1257 3229 τῷ
1280 3141 1419 3229 μηδενί·

163 3257 219 3317 καί
240 3257 318 3335 ὑμῖν
342 3255 448 3329 οὑτως
471 3255 546 3317 ἀντὶ
561 3250 785 3339 δικαιοσύνης,
808 3255 883 3316 ἀντί
897 3260 959 3315 τού
971 3255 1016 3339 μη
1036 3247 1207 3314 συλᾶσθαι
1223 3249 1284 3324 τάς
1300 3243 1420 3321 πόλεις

164 3354 249 3442 μηδὲ
267 3357 499 3444 ἀφαιρεῖσθαι
514 3358 592 3430 τοὺς
610 3356 818 3439 ἀνθρώπους
832 3362 899 3417 τῶν
916 3351 1023 3432 ίδίων,
1047 3355 1123 3416 ἀντί
1137 3359 1199 3415 του·
1211 3353 1256 3437 με)
1273 3343 1418 3432 ὑβρίζειν

115 3469 146 3522 ω
168 3461 290 3536 αύτούς
312 3460 362 3534 είς
383 3459 484 3538 ὑμᾶς,
515 3459 590 3520 ἀντί
618 3465 680 3519 τοῦ
704 3459 749 3543 με)
782 3461 974 3539 παροινεῖν,
1004 3455 1241 3538 προτείνουσιν
1270 3453 1419 3530 ἀνόματα

166 3563 222 3625 καί
248 3564 268 3648 ἢ
299 3560 398 3626 εἶπον
426 3563 510 3642 ὑμᾶς
537 3562 695 3644 πρώτους
720 3559 739 3644 ἢ
770 3560 940 3643 ἔγραψαν·
970 3556 1043 3621 εἶτά
1073 3558 1160 3620 είσιν
1189 3549 1360 3617 ἀκίνδυνοι
1381 3551 1419 3610 τύ

168 3663 290 3728 λοιπὸν
313 3665 390 3744 ὑμῖν
413 3666 460 3739 ώς
481 3664 638 3744 ἐσχάτοις
650 3664 827 3746 χρώμενοι.
865 3661 906 3723 τὰ
922 3662 984 3744 γὰρ
999 3665 1150 3735 τοιαῦτα,
1174 3648 1233 3742 ἀφ’
1260 3653 1312 3728 οίς
1333 3655 1417 3734 μέγα
1431 3650 1471 3716 38

168 3771 341 3852 φρονεῖτε,
371 3767 465 3850 παρά
496 3773 581 3828 πᾶσι
611 3767 672 3845 μὲν
700 3769 773 3840 τοῖς
804 3763 920 3848 ὀρθῶς
947 3764 1180 3841 ἐννοουμένοις
1209 3754 1422 3828 διαπτύεται,

258 4053 438 4113 ΙθέλυσιΤ
507 4046 653 4125 ῖὺτιέρΒ
722 4045 1002 4108 ὑάιαπολιττὺονται
1019 4045 1075 4102 MU
1153 4038 1373 4115 ῖμάχεσθαιΤ

169 4135 345 4211 πρωτίυνΜ
414 4129 555 4192 9τοὺτου
572 4136 602 4191 Μ
690 4139 721 4189 15
739 4136 847 4204 φιλεῖτε
864 4131 894 4186 Μ
964 4135 993 4185 17
1014 4119 1106 4202 ἤγδρ
1125 4124 1197 4182 UBT
1214 4123 1231 4200 ἦ
1250 4124 1307 4200 γὰρ
1325 4127 1356 4182 Μ

168 4217 398 4280 έπαισθάνεσθαι
416 4220 447 4275 Μ
551 4223 581 4274 19
600 4238 626 4275 τι
644 4219 674 4272 II
692 4219 719 4275 τί
738 4217 785 4274 UT
804 4208 892 4275 δτιΒ
1011 4217 1044 4268 20
1063 4213 1224 4270 νικαίωνΤ
1321 4212 1422 4282 προτί·

169 4309 257 4366 θεται
275 4307 297 4360 Β
350 4309 380 4362 21
401 4304 514 4364 ἐκεῖνον
531 4306 555 4360 Β
572 4301 692 4362 ἐκείνων
708 4318 726 4359 ε
742 4317 823 4370 corr„
840 4301 893 4357 suit
910 4298 1023 4359 ἐκεῖνον
1040 4299 1082 4354 καί
1098 4295 1211 4357 ἐκείνου
1229 4297 1254 4355 U
1328 4299 1361 4350 24
1378 4317 1422 4368 φι-

169 4398 281 4452 ύεῖσύαι
300 4392 330 4447 Μ
347 4408 382 4448 m.
400 4408 441 4462 pr.
511 4395 544 4446 26
562 4389 784 4462 σμικρόταταΒ
854 4394 885 4444 21
905 4385 940 4447 τά
960 4401 1012 4442 om.
1032 4384 1061 4439 M
1139 4389 1169 4439 31
1191 4385 1242 4442 καί
1259 4381 1287 4439 εἰ
1302 4381 1325 4436 Β
1342 4383 1390 4437 καί
1406 4381 1424 4452 ἢ

173 4477 219 4534 UT
235 4475 318 4551 καὶὴ
338 4477 368 4532 Μ
445 4480 478 4532 3²
497 4471 537 4543 ώς
553 4473 699 4546 (Μυσῶν)
715 4471 849 4546 ἐσχάτοις
866 4473 994 4552 Οοίιεεαε,
1012 4471 1111 4528 collato
1129 4469 1184 4526 Cic.
1203 4484 1257 4540 pro
1273 4465 1374 4523 Flacco
1392 4469 1424 4520 21
