3452 5264
627 359 764 418 ossmo
780 360 907 418 xxxvl.
1352 359 1392 416 15

139 545 201 601 τοῦ
219 540 380 620 μεγίστου
403 539 541 620 ἀγῶνος.
588 539 713 600 στάντα
737 535 772 600 δὲ
795 533 928 622 ὑψηλόν
949 537 1006 599 καί
1027 543 1166 618 γαῦρον,
1185 539 1330 619 χαρέντα
1352 541 1394 620 τῇ

139 643 229 726 νίκη,
257 644 366 706 τόπον
387 661 424 706 τε
446 642 493 716 ὡς
515 637 678 704 πλεῖστον
700 636 902 721 καταλαβεῖν
929 639 986 702 καί
1006 633 1161 720 μείζονος
1182 639 1296 720 χώρας
1319 634 1393 722 δεη-

138 743 246 830 δήναι
266 747 344 807 τότε
364 745 433 808 άπδ
455 745 571 830 ῥώμης
590 743 648 806 καί
667 747 798 824 μένους.
842 742 927 805 κατά
949 749 1049 804 τοῦτο
1072 736 1112 826 δή
1134 743 1309 824 γενόμενοι
1330 746 1392 804 τοῦ
1401 745 1445 809 54

141 842 239 928 λόγου
262 843 502 910 δυσωποῦνται
522 848 582 932 τήν
598 838 701 933 αὐτήν
715 839 939 926 ἐπονομάζειν
961 851 1021 907 τοῦ
1043 835 1130 925 ζφόυ
1153 844 1268 929 φῦσιν.
1302 841 1395 936 εἶναι

107 948 204 1032 ῦγάρ
233 937 336 1012 αδτόν
364 945 428 1036 ήδη
459 946 615 1034 τηνικάδε
643 943 763 1024 ἁπλῶς
791 948 851 1032 τήν
879 952 942 1009 τοῦ
971 947 1107 1032 ήνιόχου
1135 946 1193 1009 καί
1223 936 1394 1007 δεσπότου

140 1051 260 1136 ψυχήν,
282 1045 463 1132 μᾶλλονδὲ
479 1051 560 1114 αδτδ
576 1052 615 1113 τό
633 1057 780 1137 φρονοῦν
794 1051 851 1112 καί
865 1051 904 1112 τό
919 1050 1103 1135 ήγοόμενον
1125 1047 1237 1134 αδτής.
1275 1039 1395 1131 [οὕτως

140 1149 178 1239 δή
204 1149 341 1235 λέγομεν
362 1155 420 1216 καί
439 1157 538 1239 ήμεῖς
559 1158 723 1234 τιμῶντες
749 1153 808 1216 καί
834 1152 1014 1233 σεβόμενοι
1034 1151 1094 1213 τόν
1122 1154 1283 1232 μέγιστον
1308 1149 1394 1212 θεόν

139 1257 250 1342 ἔργοις
271 1275 307 1320 τε
329 1255 479 1338 ἀγαθοῖς
491 1255 549 1318 καί
570 1257 718 1342 ῥήμασιν
740 1247 929 1341 εὐφήμοις]
966 1250 1125 1340 λειφθείς
1145 1248 1265 1340 γδρδή
1289 1253 1394 1333 μόνος
1406 1261 1447 1324 55

139 1359 158 1421 δ
179 1365 257 1433 νοῦς
277 1359 335 1422 καί
355 1361 464 1422 τόπον
482 1359 652 1445 ἀμήχανον
666 1354 845 1444 ἐμπλήσας
862 1358 967 1420 αὐτοῦ
980 1347 1037 1419 ἅτ’·
1054 1347 1114 1419 ἐπ’
1140 1354 1218 1442 ἴσης
1239 1361 1395 1440 πανταχῇ

91 1463 121 1524 1⁰
140 1465 326 1541 κεχυμένος,
341 1457 477 1537 οδδενός
491 1463 527 1524 έν
542 1457 633 1543 αῦτη·
649 1467 778 1522 πυκνοῦ
791 1456 1005 1547 λειφθέντος,
1024 1455 1109 1521 ἀλλά
1125 1461 1241 1544 πάσης
1255 1459 1395 1541 ἐπικρα-

138 1566 262 1649 τοόσης
274 1566 474 1650 μανότητος,
496 1566 551 1628 ὅτε
564 1559 745 1639 κάλλιστος
759 1564 918 1645 γίγνεται,
940 1565 1001 1649 τήν
1015 1562 1266 1646 καθαρωτάτην
1283 1556 1395 1642 λαβὼν

139 1667 240 1752 αδγής
263 1667 430 1752 ἀκηράτου
453 1668 568 1753 φύσιν,
590 1665 695 1743 cmg
716 1665 875 1751 ἐπόθησε
896 1667 955 1728 τόν
977 1661 1015 1742 έξ
1036 1665 1140 1751 ἀρχής
1160 1663 1247 1746 βίον.
1285 1663 1394 1746 ἔρωτα

139 1764 177 1854 δή
203 1765 314 1851 λαβὼν
336 1777 396 1856 τῆς
417 1770 623 1856 ήνιοχήσεως
643 1770 772 1854 ἐκείνης
792 1769 850 1832 καί
871 1769 974 1854 ἀρχῆς
1001 1767 1059 1830 καί
1086 1767 1249 1848 ὁμονοίας
1277 1773 1337 1852 τῆς
1357 1785 1395 1828 τε

138 1875 206 1934 τῶν
227 1876 331 1956 τριῶν
355 1873 490 1958 φύσεων
510 1873 568 1934 καί
589 1868 685 1955 ήλίου
706 1872 765 1935 καί
787 1867 927 1957 σελήνης
946 1870 1005 1933 καί
1025 1877 1093 1934 τῶν
1115 1866 1227 1934 άλλων
1249 1871 1395 1953 ἄστρων,

93 1980 121 2031 1⁶
141 1974 303 2036 ἁπάντων
325 1993 362 2036 τε
383 1969 503 2048 δπλίῦς
525 1967 618 2055 ζῴων
639 1973 696 2036 καί
718 1980 850 2059 φυτῶν,
880 1974 1035 2058 ὥρμησεν
1056 1973 1117 2036 έπί
1141 1975 1181 2036 τό
1203 1979 1317 2055 γεννῦν
1338 1971 1396 2034 καί

33 2084 83 2135 (458
95 2083 127 2134 Μ)
142 2071 312 2154 διανέμειν
334 2077 458 2137 έκαστα
483 2075 542 2138 καί
570 2071 785 2159 δημιουργεῖν
814 2076 873 2137 τόν
903 2076 985 2137 όντα
1008 2081 1064 2137 νῦν
1084 2077 1211 2156 κόσμον
1233 2071 1271 2152 ίξ
1293 2075 1397 2158 ἀρχής

141 2172 229 2238 πολὺ
250 2176 391 2259 κρείττω
412 2177 477 2244 καί,
491 2172 725 2259 λαμπρότερον
747 2177 806 2238 άτε
828 2177 999 2261 νεώτερον.
1050 2177 1231 2261 ἀστράψας
1254 2173 1291 2239 δὲ
1314 2174 1393 2252 όλος
1406 2183 1447 2244 56

142 2278 200 2340 οὐκ
222 2279 366 2340 ἄτακτον
389 2273 465 2340 οδδδ
487 2277 644 2362 ῥυπαράν
667 2277 857 2362 ἀστραπήν,
880 2279 955 2341 οίαν
974 2283 1147 2364 χειμέριος
1163 2276 1396 2360 ἐλαυνομένων

139 2380 334 2463 βιαιότερον
357 2377 520 2456 πολλάκις
542 2386 609 2442 τῶν
631 2385 743 2466 νεφῶν
766 2376 894 2466 διῇξεν,
924 2377 1009 2443 ἀλλά
1030 2381 1188 2467 καθαράν
1209 2383 1266 2446 καί
1292 2383 1394 2468 ἀμιγή

90 2487 120 2540 20
142 2485 271 2558 παντός
295 2490 481 2561 σκοτεινοῦ,
508 2479 671 2564 μετέβαλε
691 2479 820 2568 ῥᾳδίως
842 2484 912 2564 άμα
933 2491 976 2570 τῇ
998 2485 1123 2570 νοήσει.
1166 2485 1334 2570 μνησθείς
1359 2482 1395 2548 δέ

136 2573 343 2670 Ἀφροδίτης
369 2586 426 2648 καί
445 2589 607 2668 γενέσεως
627 2586 774 2671 έπράόνε
795 2587 853 2650 καί
874 2587 991 2674 ἀνῆκεν
1014 2588 1126 2666 αὐτόν,
1147 2589 1204 2650 καί
1226 2585 1314 2650 πολι)
1336 2597 1399 2652 τοῦ

140 2689 256 2774 φωτός
278 2687 477 2769 ἀποσβέσας
491 2689 541 2764 είς
556 2689 639 2773 ἀέρα
656 2686 795 2775 πυρώδη
811 2693 974 2774 τρέπεται
990 2692 1098 2774 πυρός
1113 2691 1234 2775 ήπίου.
1257 2691 1396 2772 μιχθείς

8 2801 45 2856 19⁹
59 2801 81 2845 R
95 2799 127 2852 11)
142 2787 178 2853 δὲ
193 2792 270 2853 τότε
277 2781 367 2874 Ἥρη
380 2791 438 2854 καί
451 2787 650 2873 μεταλαβὼν
664 2799 727 2854 τοῦ
739 2789 953 2855 τελειοτάτου
970 2790 1095 2872 λέχους,
1111 2793 1396 2874 ἀναπαυσάμενος

139 2893 265 2978 ἀφίησι
286 2893 347 2978 τήν
370 2899 485 2956 πᾶσαν
508 2893 552 2956 αδ
572 2901 631 2956 τοῦ
655 2896 785 2970 παντὸς
806 2896 916 2980 γονήν.
960 2903 1080 2959 τοῦτον
1101 2897 1246 2976 ὑμνοῦσι
1272 2892 1396 2970 παῖδες

89 3005 119 3056 νυ
142 3001 260 3081 σοφῶν
291 2997 328 3058 έν
361 2996 520 3082 ἀρρήτοις
551 2994 703 3073 τελεταῖς
724 2989 834 3078 Ἥρας
861 2999 918 3060 καί
945 2999 1032 3073 Διὸς
1060 2995 1243 3078 εὐδαίμονα
1278 3000 1395 3080 γάμον.

136 3097 240 3182 ὑγρόν
262 3093 298 3160 δέ
322 3098 471 3183 ποιήσας
492 3100 552 3185 τήν
574 3095 654 3184 όλην
677 3099 805 3175 οὐσίαν,
828 3100 864 3162 έν
887 3103 1023 3184 σπέρμα
1045 3107 1107 3162 τοῦ
1129 3103 1268 3179 παντός,
1290 3101 1391 3177 σότδς
1405 3105 1445 3166 57

137 3203 173 3262 έν
197 3201 304 3282 τούτῳ
328 3196 498 3277 διαθέων,
523 3201 685 3286 καθάπερ
709 3203 744 3264 έν
766 3209 848 3287 γονή
870 3209 1002 3282 πνεῦμα
1025 3205 1064 3266 τό
1088 3200 1239 3267 πλάττον
1259 3203 1316 3267 καί
1338 3200 1395 3288 δη-

137 3308 336 3386 μιουργοῦν,
362 3303 440 3364 τότε
467 3298 507 3388 δή
530 3299 679 3384 μάλιστα
703 3305 915 3386 προσεοικὼς
937 3313 979 3391 τῇ
1000 3312 1068 3369 τῶν
1090 3303 1202 3370 ἄλλων
1233 3309 1396 3368 συστάσει

138 3399 249 3486 ζῴων,
277 3395 363 3467 καθ’
389 3404 469 3465 ὅσον
499 3405 535 3465 ἐκ
557 3411 667 3488 ψυχής
694 3406 752 3466 καί
782 3406 939 3485 σώματος
969 3411 1169 3472 συνεστάναι
1200 3397 1324 3491 λέγοιτ’
1355 3409 1395 3470 ἀν

87 3515 118 3565 ³⁰
142 3507 200 3568 οόκ
221 3506 293 3568 όπο
315 3507 456 3590 τρόπου,
477 3505 520 3567 τά
544 3502 649 3568 λοιπά
670 3502 734 3591 ήδη
757 3503 886 3590 ῥᾳδίως
908 3505 1052 3572 πλάττει
1072 3513 1129 3574 καί
1150 3516 1270 3589 τυποῖ,
1302 3507 1395 3573 λείαν

137 3609 195 3672 καί
215 3605 367 3694 μαλακήν
390 3606 482 3690 αὐτῷ
505 3612 663 3692 περιχέας
685 3609 744 3694 τήν
768 3609 886 3672 οὐσίαν
908 3612 966 3673 καί
988 3619 1103 3676 πάσαν
1118 3611 1275 3676 εἴκουσαν
1297 3613 1395 3676 εδπε-

138 3717 215 3786 τῶς.
259 3713 487 3794 ἐργασάμενος
509 3707 546 3774 δέ
568 3713 625 3774 καί
646 3707 814 3787 τελεώσας
836 3709 1013 3790 ἀπέδειξεν
1035 3711 1073 3791 ἐξ
1099 3715 1202 3800 ἀρχῆς
1231 3716 1290 3778 τόν
1313 3716 1391 3776 όντα
1404 3713 1446 3778 58

225 3947 243 4000 4
261 3936 359 4002 ου’τάν
375 3943 414 4010 Μ,
430 3941 502 3998 idem
519 3949 672 4000 correctum
689 3957 724 3999 ex
742 3937 831 4016 αδτήν
848 3943 872 4000 Τ
959 3945 1091 4002 fortune:
1108 3943 1301 4017 ἐπονομάζειν
1319 3940 1399 4024 αὐτῷ

139 4025 219 4104 ζηίυυ
236 4026 322 4100 φύσιν
390 4019 517 4096 ῦοδτως
532 4053 568 4072 ·-
585 4033 601 4084 8
619 4021 757 4102 εὐφήμοις
774 4029 911 4086 δεωσιτίι
926 4030 1046 4088 cumb.
1115 4027 1181 4106 8όῆ
1200 4049 1253 4090 om.
1274 4032 1346 4090 UBT

139 4119 156 4168 9
175 4107 265 4173 αὑτοῦ
281 4104 331 4171 δι’
347 4106 397 4172 ἐπ’
414 4109 476 4188 ἴσης
493 4113 559 4172 Wil.
575 4107 676 4180 (αὑτοῦ
691 4107 723 4188 γ’
745 4113 854 4184 ἀπίους
873 4117 1063 4188 turipum),
1085 4110 1176 4178 αὐτοῦ
1198 4137 1232 4191 γε
1254 4120 1351 4187 πίθοις
1367 4118 1397 4174 Μ

140 4191 230 4258 αὐτοῦ
246 4192 279 4273 γ’
296 4190 393 4258 ἔπειθ’
411 4193 450 4266 ὡς
467 4199 491 4255 Β
508 4193 598 4259 αὐτοῦ
614 4189 669 4258 άτε
684 4219 718 4273 γε
737 4203 825 4270 πίθος
839 4201 888 4259 UT
959 4208 988 4259 11
1007 4201 1182 4277 μανιόιητος
1200 4203 1229 4259 Μ
1303 4201 1398 4264 κάλλι·

139 4302 214 4342 στου
229 4283 278 4340 UT
350 4287 381 4340 1²
398 4276 485 4357 αι’γῆς
501 4283 593 4354 Ειυρ,
611 4277 700 4352 αὐτὸς
715 4286 778 4342 libn·
849 4291 880 4343 1³
898 4286 1000 4362 δηλαδή
1018 4285 1160 4363 λαβὼνΒ
1220 4284 1273 4362 τήν
1289 4309 1322 4348 τε
1339 4293 1399 4348 ταῖν

139 4369 212 4434 libri,
230 4383 301 4426 corr.
320 4367 429 4425 Geelius
499 4373 530 4425 17
550 4360 620 4437 δ’λος
635 4369 743 4441 milui,
762 4361 835 4430 ὅλον
850 4372 914 4430 librl
967 4379 998 4431 18
1017 4371 1084 4434 οἵαν
1098 4376 1246 4449 χειμερίας
1264 4375 1319 4430 ΒΜ
1336 4369 1399 4432 τίαν

140 4455 299 4527 χειμερίοις
315 4453 374 4518 UT,
391 4449 439 4511 οἵα
456 4452 489 4511 ἐν
504 4457 660 4528 χειμερίοις
677 4456 795 4514 Omub.
848 4461 880 4516 21
899 4451 990 4518 αδτδν
1007 4459 1056 4516 UT
1108 4463 1142 4516 24
1166 4453 1257 4520 αὐτοῦ
1274 4458 1348 4516 UBT

142 4535 680 4608 παντὸςοιο.1ιευειιυεὶςυῖδεευε’1“
732 4546 766 4598 ³⁰
784 4537 844 4601 άπὸ
863 4543 893 4598 Μ
953 4546 1060 4603 λίανῠ
1118 4549 1151 4603 ³2
1167 4545 1309 4614 ἐπέδειξεν
1325 4544 1399 4601 UBT
