3476 5264
307 315 373 382 264
749 295 1119 374 momsnnsnc'nssn

305 492 462 578 τυραννίς
482 492 551 554 ύπδ
574 491 734 577 ρρθύμου
749 492 858 554 τεκαὶ
872 493 1002 575 τρόπον
1016 493 1092 556 τινά
1107 495 1162 557 ἀεὶ
1175 498 1388 580 κοιμωμένης
1411 492 1563 572 διανοίας

302 595 531 681 θηρεύεσθαι,
555 590 640 656 ἀλλὰ
663 595 860 656 τοδνοντίον
881 596 950 657 ύπδ
974 592 1129 681 δριμείας
1151 616 1187 658 τε
1202 597 1258 659 καί
1273 597 1444 682 ἀγρύπνου
1462 618 1561 685 ῳρον-

302 695 415 772 τίδος·
445 694 599 759 δαπάναι
628 693 665 758 δέ
686 697 743 759 καί
765 696 888 781 ἔρωτες
909 699 966 759 καὶ
987 698 1146 760 τοιαῦταί
1171 719 1261 775 τινες
1284 696 1456 785 διατριβαὶ
1477 697 1559 762 πολ-

253 805 292 869 19
305 796 379 875 λοῖς
400 796 463 885 ήδη
488 795 653 875 πολλάκις
682 799 890 885 ἀπήντησαν.
943 799 1016 863 οίον
1044 797 1083 887 δή
1110 801 1174 883 ἐγὼ
1206 800 1304 882 οἶμαι
1331 805 1390 865 τὸν
1409 794 1561 880 Ἀλέξαν-

303 900 392 988 δρον,
416 903 463 977 ὡς
485 903 641 986 έτύγχανε
665 899 786 987 σχολήν
809 903 899 984 ἀγων
920 903 956 964 έν
978 911 1020 988 τῇ
1035 892 1103 988 Ἴδη
1127 905 1207 989 περὶ
1228 904 1270 966 τά
1292 902 1462 986 βουκόλια,
1488 920 1596 970 τοι-ο

303 1006 406 1090 αύτης
433 1005 567 1080 έννοίας
594 1006 652 1067 καί
679 1005 872 1086 ἐπιθυμίας
900 1003 990 1087 αύτῷ
1019 1010 1199 1091 γενομένης
1229 1007 1276 1081 ὡς
1305 1009 1371 1091 ἀρα
1401 1003 1562 1088 εὔδαιμόν

303 1127 340 1170 τε
361 1107 418 1170 καλ
439 1109 606 1192 μακάριον
627 1108 666 1169 τδ
690 1109 750 1194 τήν
774 1113 897 1169 πασῶν
918 1104 1100 1192 καλλίστην
1121 1112 1261 1190 γυναῖκα
1284 1108 1381 1188 ἔχειν,
1406 1110 1463 1172 καὶ
1486 1109 1562 1171 ούτε

299 1206 460 1291 βασιλεία
482 1212 604 1272 τούτου
627 1205 724 1286 ἀξιον
748 1217 810 1271 τοῦ
834 1212 1008 1295 χρήματος
1035 1210 1112 1272 οὔτε
1143 1207 1291 1286 πλοῦτος
1320 1211 1396 1274 ούτε
1424 1216 1661 1296 κρατεΐνεκτὶῶ

301 1315 492 1393 μαχόμενον
514 1313 676 1375 ἁπάντων
699 1312 914 1396 ἀνθρώπων,
942 1312 1028 1393 μετὰ
1051 1318 1156 1374 ταῦτα
1178 1310 1242 1399 ήδη
1267 1311 1488 1376 διανοεῖσθαι
1509 1313 1563 1388 τίς

300 1436 337 1478 τε
360 1412 399 1501 δή
422 1415 480 1478 καί
501 1415 597 1499 παρὰ
619 1416 710 1478 τίσιν
731 1420 751 1500 ή
774 1416 914 1496 τοιαύτη
929 1417 1008 1501 γυνή
1024 1417 1081 1479 καί
1096 1415 1210 1478 πόθεν
1231 1417 1273 1478 ἀν
1289 1414 1380 1499 αὐτῷ
1403 1422 1559 1492 τοιοῦτος
1580 1430 1611 1482 1ο
1729 1411 1730 1414 '

248 1521 291 1585 20
302 1514 454 1602 ὑπάρξαι
481 1518 604 1599 γάμος·
632 1518 689 1579 καί
711 1513 751 1602 δή
782 1516 843 1592 τδς
864 1518 926 1598 μέν
954 1518 990 1579 έν
1009 1508 1094 1600 Ἰλίῳ
1124 1521 1260 1605 νύμφας
1287 1519 1344 1581 καί
1365 1519 1564 1603 παρθένους
1610 1595 1613 1600 Δ

303 1621 363 1682 άτε
387 1621 549 1703 τύραννος
571 1621 618 1681 ὢν
641 1613 781 1703 ήτίμαζε
809 1620 866 1682 καλ
896 1619 954 1680 ούκ
969 1611 1062 1702 ,ᾤετο
1092 1617 1190 1697 ἀξίας
1218 1627 1345 1701 τυχεῖν,
1375 1622 1503 1702 δμοίως
1526 1619 1562 1684 δέ

300 1722 357 1784 καὶ
388 1721 451 1796 τὰς
482 1717 610 1785 Λυδῶν
643 1741 680 1784 τε
712 1722 769 1784 καί
803 1724 944 1806 Φρυγῶν
976 1723 1039 1797 τάς
1067 1743 1104 1786 τε
1132 1724 1168 1785 έν
1194 1724 1322 1806 Λέσβῳ
1352 1726 1409 1786 καί
1436 1723 1499 1799 τάς
1527 1725 1563 1787 έν

300 1823 424 1907 Μυσίᾳ
446 1828 604 1906 γυναῖκας
622 1825 809 1910 ύπερεώρα.
847 1824 1108 1905 πυνθανόμενος
1124 1822 1160 1886 δέ
1175 1826 1212 1887 έν
1225 1828 1366 1911 Σπάρτῃ
1382 1827 1458 1890 τινὰ
1475 1825 1564 1890 εἶναι

298 1927 386 2002 Διός
408 1923 588 2012 λεγομένην
609 1927 800 2011 θυγατέρα,
835 1923 996 2010 Μενελάῳ
1027 1934 1264 2006 συνοικοῦσαν,
1298 1925 1395 2014 ἀνδρὶ
1422 1927 1564 2011 βασιλεῖ
1580 1941 1611 1994 15
1729 1917 1730 1952 ss

301 2030 359 2092 καί
380 2025 550 2110 βασιλέως
573 2025 711 2114 ἀδελφή
733 2038 793 2116 τῆς
816 2026 996 2114 ξυμπάσης
1014 2020 1187 2108 Ἑλλάδος,
1210 2031 1251 2115 ήν
1275 2032 1504 2117 ἐμνήστευσάν
1526 2055 1563 2097 τε

301 2133 360 2195 καί
382 2133 553 2196 ἔσπευσαν
578 2129 692 2213 λαβεῖν
715 2130 826 2195 πολλά
850 2130 928 2195 έδνα
950 2133 1008 2195 καί
1030 2130 1123 2217 δῶρα
1148 2130 1299 2209 διδόντες
1322 2135 1357 2196 οί
1372 2137 1506 2219 πρῶτοί
1526 2156 1563 2198 τε

300 2236 360 2299 καλ
387 2236 486 2320 ἀκροι
513 2227 782 2322 τῶνἙλλήνων·
817 2237 874 2298 καί
909 2233 948 2323 δή
977 2237 1035 2299 καλ
1071 2232 1229 2322 ἀδελφῶν
1260 2236 1402 2319 ἀγαθῶν
1431 2233 1563 2320 ἐλέγετο

302 2336 392 2402 εἶναι
413 2334 648 2414 Πολυδεύκους
675 2340 732 2400 καί
753 2339 950 2421 Κάστορος,
978 2339 1065 2413 Διὸς
1093 2340 1176 2400 υίῶν
1205 2344 1408 2422 γενομένων·
1436 2341 1565 2403 έπεθύ-

247 2439 287 2505 21
300 2457 409 2526 μησεν
437 2439 527 2523 αύτῷ
556 2442 681 2524 ταύτην
708 2441 872 2522 γενέσθαι
905 2442 965 2525 τήν
997 2445 1147 2522 γυναῖκα.
1203 2438 1315 2517 άλλως
1341 2445 1404 2523 μέν
1433 2442 1491 2505 οδν
1520 2444 1558 2504 ού
1581 2451 1614 2503 20

301 2545 392 2605 πάνυ
413 2563 449 2604 τι
469 2546 583 2627 ήγεῖτο
607 2540 766 2619 δυνατόν,
789 2542 820 2602 εί
843 2538 879 2603 δέ
902 2542 987 2616 θεός
1009 2562 1063 2616 τις
1083 2543 1272 2622 ὑπόσχοιτο
1294 2545 1351 2607 καί
1374 2543 1460 2631 δοίη,
1484 2535 1561 2625 τάχ’

301 2645 342 2709 ἀν
364 2643 529 2727 γενέσθαι
550 2645 588 2705 τὸ
611 2650 774 2706 τοιοῦτον.
818 2642 876 2705 καί
897 2643 972 2704 τίνα
996 2639 1035 2727 δή
1059 2638 1146 2704 θεὸν
1168 2640 1273 2728 ἀλλην
1295 2647 1386 2722 είκδς
1408 2648 1470 2721 τάς
1492 2668 1564 2711 τοι·

302 2747 407 2820 αύτας
426 2741 632 2830 χαρίζεσθαι
650 2748 793 2830 χάριτας
816 2732 838 2829 ἢ
860 2746 919 2831 τήν
940 2747 1130 2826 κρατοῦσάν
1152 2765 1189 2808 τε
1217 2748 1274 2810 καλ
1303 2749 1473 2832 άρχουσαν
1494 2756 1564 2812 τῶν

303 2848 383 2932 περὶ
405 2849 485 2924 τούς
506 2849 634 2931 γάμους
662 2867 699 2908 τε
726 2848 784 2910 καί
812 2846 961 2931 ἔρωτας,·
989 2846 1107 2909 οὔκουν
1135 2849 1264 2935 έκείνης
1294 2846 1454 2935 διδούσης
1483 2848 1563 2913 ἀδύ-

302 2970 404 3016 νατον
426 2955 540 3038 ήγεῖτο
562 2951 621 3012 τόν
642 2951 759 3031 γάμον.
811 2955 887 3025 πῶς
908 2949 950 3011 ἀν
973 2948 1031 3011 οδν
1053 2949 1181 3035 έκείνην
1204 2952 1326 3014 πείσαι
1344 2954 1563 3037 χαρίσασθαι
1583 2949 1704 3054 ἏἭΒ

303 3042 324 3140 ἢ
348 3056 380 3117 εί
402 3048 533 3138 τρόπον
556 3052 632 3116 τινά
654 3052 802 3134 γίγνοιτο
827 3051 929 3128 αύτδς
951 3049 1148 3139 προσφιλής
1176 3061 1218 3138 τῇ
1245 3051 1321 3136 θεῷ
1348 3056 1404 3117 καὶ
1433 3052 1563 3140 δωρεάν

302 3177 378 3219 τινα
400 3157 458 3219 καὶ
475 3156 576 3238 χάριν
599 3151 771 3230 δεδωκώς,·
793 3146 873 3216 ἀλλ’
899 3155 976 3217 ούτε
987 3156 1169 3239 χρημάτων
1185 3155 1287 3241 αδτήν
1302 3158 1474 3240 τυγχάνειν
1490 3154 1563 3221 δεο-

301 3262 419 3344 μένην,
450 3258 510 3320 ἅτε
529 3265 655 3343 χρυσῆν
685 3256 788 3319 οδσαν
816 3258 874 3320 καί
896 3259 1008 3320 πάντα
1028 3258 1183 3343 χρήματα
1206 3254 1326 3335 ἁπλῶς
1351 3263 1562 3344 κεκτημένην,

303 3360 379 3423 ούτε
400 3361 552 3422 θυσιῶν·
582 3362 714 3435 πάντας
741 3360 804 3446 γάρ
833 3361 918 3445 αὐτῇ
940 3367 1116 3438 πανταχοῦ
1142 3360 1261 3424 θύειν·
1291 3362 1366 3424 ούτε
1389 3357 1472 3446 άλλη
1495 3362 1564 3424 τινὶ

301 3460 420 3548 όμιλίρ
441 3463 498 3525 καί
521 3459 634 3549 δεήσει
655 3459 784 3548 ῥᾳδίως
806 3465 999 3527 ὑπακούσαι
1021 3465 1078 3528 ἀν·
1101 3453 1179 3526 ἀλλ’
1204 3464 1236 3526 εί
1259 3461 1301 3525 ού
1319 3459 1468 3544 μάλιστα
1484 3463 1559 3526 έπι·
1581 3474 1612 3528 ³⁰

392 3727 584 3805 ύέτύγχανον
601 3732 631 3787 Μ
700 3728 871 3804 ύεάδαῐμόν
888 3753 921 3792 τε
937 3731 987 3788 111³
1061 3734 1140 3800 9τίς
1155 3733 1186 3792 δέ
1203 3730 1235 3805 δὴ
1254 3731 1324 3799 libri,
1342 3747 1412 3789 corr.
1430 3730 1512 3802 Emp.

307 3824 336 3874 11
356 3813 428 3893 ἡλίῳ
446 3818 475 3870 Μ
562 3837 690 3892 παρνους
706 3818 822 3886 (εἰσήῐί
911 3821 942 3872 12
960 3819 1064 3874 mclimz
1088 3811 1171 3886 ἀξίας
1194 3811 1320 3887 (αἰετοῦ)
1336 3827 1431 3889 τυχεῖν
1451 3816 1564 3887 ,dignu

304 3918 375 3974 qnnc
390 3903 480 3973 ipsum
500 3903 747 3961 nanciscerentur!
781 3903 910 3960 Reinkiun
927 3901 1030 3962 ἑαυτοῦ
1048 3903 1212 3972 cogitatione
1228 3902 1349 3973 suppleri
1365 3903 1456 3972 inbct3
1475 3901 1564 3975 τυχὸν

304 3987 467 4045 Ηοτποιδοο
538 3993 570 4043 14
587 3983 645 4061 γάρ
661 4004 712 4058 pro
730 3988 761 4047 δέ
777 3988 808 4043 Μ
896 3993 927 4045 111
943 3983 1132 4060 έμνὴστευοέν
1149 3987 1225 4046 τεῦ
1314 3992 1345 4044 18
1363 3981 1484 4062 ἀγαθάν
1500 3989 1564 4058 post

305 4069 378 4134 clm
389 4073 545 4144 trunnpcnit
556 4072 598 4143 ῦς
615 4077 684 4144 puto
696 4074 869 4131 scribendum
880 4087 953 4130 enne:
972 4075 1021 4130 καί
1038 4069 1073 4145 δὴ
1085 4075 1135 4130 καί
1152 4065 1259 4146 α’όελφὴ
1277 4066 1425 4148 (ἀνδρῶν)
1442 4068 1564 4148 ἀγαθῶν

307 4157 440 4233 &metm
455 4152 563 4232 ἀδελφή
584 4165 648 4216 cntc
664 4175 708 4215 mc
725 4158 992 4229 ύις11ετί1οολιε1αε
1009 4158 1040 4213 0.
1059 4158 1103 4213 cr.
1120 4175 1149 4228 p.
1163 4161 1196 4212 69
1283 4162 1312 4213 21
1334 4156 1392 4236 δῴη
1407 4158 1476 4226 ΒΜ,
1493 4158 1565 4216 ldcm

304 4243 359 4300 snit
374 4245 447 4301 nu
498 4248 532 4300 22
549 4247 599 4303 καί
616 4245 712 4302 οισ.Μ
764 4249 797 4300 24
816 4241 921 4303 οὔκουν
937 4243 1043 4314 τοιδρσί,
1062 4239 1168 4302 ούκοῦν
1178 4244 1258 4313 vulgo
1310 4247 1343 4300 26
1360 4245 1486 4315 γείνοιτο
1499 4242 1530 4299 Μ

305 4335 357 4403 τῆς
373 4345 424 4400 prc
442 4332 478 4403 τῇ
494 4329 526 4385 Μ
599 4333 630 4384 21
647 4326 734 4404 χάριν
750 4329 814 4389 τινὰ
832 4332 882 4386 καί
898 4323 1008 4402 δωρεάν
1023 4328 1086 4395 (hoc
1104 4329 1172 4396 ord.)
1189 4328 1213 4384 U
1287 4333 1320 4384 28
1338 4323 1437 4395 ἁπλῶς
1454 4342 1566 4399 cncpcc-

305 4420 378 4485 tum
402 4430 464 4470 cum
481 4415 655 4489 κεκτημένην
671 4431 727 4471 ncn
744 4419 838 4486 potent
854 4415 995 4483 εοοίοοςίς
1017 4418 1049 4470 nt
1065 4429 1158 4470 vocem
1175 4406 1270 4473 πάντα
1282 4420 1400 4484 angeret,
1418 4417 1482 4468 καῖε
1498 4409 1564 4486 χρή·

304 4519 384 4571 ματα
402 4499 635 4570 trcnsponendum
652 4505 725 4557 ccccc
794 4504 826 4557 30
844 4493 909 4559 ἀλλ’
928 4495 944 4566 ἢ
962 4498 1010 4555 UB
1077 4496 1210 4570 ἐπιθυμεῖ
1226 4499 1333 4569 εετίρεῑ,
1349 4495 1487 4568 ἐπεθύμει
1503 4497 1567 4554 11οεί
