3452 5264
599 367 904 425 omnoxxxvm.
1335 375 1375 436 35

0 564 33 593 ιε·
45 555 68 600 ει
78 555 109 605 11)
124 537 247 616 παῖδες
268 543 355 626 ύπέρ
377 549 444 605 τῶν
466 547 624 628 πατέρων
647 543 695 619 ὡς
715 546 775 607 έπί
789 550 863 620 τοῖς
876 547 1050 626 μεγίστοις
1063 551 1188 621 κακοῖς.
1232 548 1373 615 ἐπειδάν
1386 554 1427 618 20

124 645 185 724 μὲν
202 644 259 707 οόν
275 641 428 730 λοιμὸςῆ
447 647 585 727 σεισμός
601 649 749 731 γένηται,
771 652 845 722 τοῖς
859 648 959 723 θεοῖς
973 645 1183 730 ἐγκαλοῦμεν,
1207 653 1254 726 ὡς
1267 661 1376 717 κακῶν

126 751 331 828 παρέχουσιν
354 753 427 824 τοῖς
453 748 656 832 ἀνθρώποις
685 749 814 826 αἰτίας,
840 751 898 812 καί
928 749 968 811 ού
996 771 1107 836 φαμεν
1137 752 1259 830 αύτούς
1288 756 1378 820 είναι

128 846 278 924 δικαίους
294 845 371 912 οὐδὲ
388 847 669 935 φιλανθρώπους,
686 847 762 913 ούδδ
779 852 820 913 ἀν
835 852 875 912 τά
891 849 1040 931 μάλιστα
1055 858 1135 939 ημῖν
1149 857 1378 942 ημαρτηκόσιν

88 963 104 1012 5
127 952 315 1030 ἐπιτιμῶσι
338 953 397 1012 σύν
419 959 461 1036 τῇ
484 948 573 1035 δίκη·
606 959 769 1014 τοσοῦτον
797 956 899 1033 μῖσός
921 955 995 1016 έστι
1018 956 1106 1037 πρός
1133 956 1175 1016 τό
1205 959 1378 1039 αύτόματα

125 1058 192 1115 τῶν
213 1060 332 1115 κακῶν.
382 1051 532 1134 πόλεμον
556 1051 608 1132 δέ,
639 1057 733 1130 όστις
756 1055 814 1135 ούχ
835 1055 936 1141 ἦττον
964 1052 1152 1119 ἀπόλλυσιν
1180 1059 1199 1144 ἢ
1229 1063 1378 1141 σεισμός,

126 1155 223 1218 αύτοί
245 1157 508 1242 προαιρούμεθα
529 1158 586 1220 καί
606 1162 680 1233 τοῖς
696 1158 822 1233 αἰτίοις
837 1159 965 1220 τούτων
981 1159 1184 1244 ἀνθρώποις
1205 1163 1263 1224 ούκ
1284 1164 1379 1246 έγκα·

126 1255 246 1338 λούμεν
270 1256 376 1337 οὐδέν,
400 1261 516 1344 ὥσπερ
538 1261 624 1342 ὑπὲρ
647 1261 782 1323 ἐκείνων
797 1264 871 1336 τοῖς
890 1261 999 1339 θεοῖς,
1022 1257 1107 1323 ἀλλά
1130 1264 1270 1340 τούτους
1292 1264 1381 1328 εἶναι

124 1363 181 1424 καί
204 1357 414 1447 φιλοδήμους
430 1359 591 1442 δοκοῦμεν
604 1364 661 1425 καί
678 1359 839 1445 λεγόντων
862 1359 985 1448 ἥδιστα
1005 1365 1169 1445 ἀκούομεν
1193 1367 1302 1431 αὐτῶν
1323 1367 1381 1430 καί

79 1473 109 1527 10
132 1461 397 1544 συμβουλεύουσι
419 1465 633 1546 πειθόμεθα,
655 1466 712 1529 καί
734 1467 849 1541 πάσας
872 1456 989 1541 αὐτοῖς
1005 1471 1195 1553 παρέχομεν
1218 1469 1293 1532 ἀντὶ
1314 1475 1382 1532 τῶν

128 1573 236 1629 κακῶν
260 1557 318 1630 οὖν
340 1568 502 1649 ἀμοιβάς·
524 1569 667 1651 ἀμοιβαὶ
682 1569 744 1654 γάρ
761 1565 798 1646 έξ
813 1567 896 1631 ἴσων
913 1571 953 1632 ἀν
969 1570 1139 1653 ἐγίγνοντο
1156 1573 1244 1656 πρός
1259 1563 1383 1646 αὐτούς

129 1676 251 1732 κακῶν·
274 1666 359 1732 ἀλλά
379 1673 521 1755 χάριτας
542 1673 599 1734 καί
613 1671 715 1751 τιμάς
730 1674 787 1735 καί
800 1673 980 1748 ἐπαίνους·
1005 1673 1092 1735 ὥστε
1109 1670 1243 1758 σφόδρα
1259 1673 1299 1736 όν
1316 1671 1382 1737 εἷεν

131 1775 269 1858 ἀνόητοι
291 1779 358 1835 τῶν
380 1775 440 1836 έπί
460 1779 535 1848 τοῖς
555 1778 671 1849 κακοῖς
693 1775 744 1837 ἔτι
763 1776 862 1859 χάριν
884 1772 1025 1838 εἰδότων
1049 1771 1256 1861 φειδόμενοι.
1343 1776 1382 1838 τό
1393 1783 1432 1845 21

131 1877 192 1954 μίν
209 1875 267 1937 οόν
282 1881 428 1959 πρῶτον,
445 1872 564 1960 ἀνδρες
575 1873 792 1961 Νικομηδεῖς,
808 1878 870 1952 τὰς
885 1878 999 1953 αἰτίας
1013 1885 1074 1964 της
1086 1880 1237 1953 στάσεως
1249 1875 1383 1958 ἴδωμεν.

85 1979 169 2040 1εεί
190 1977 335 2059 μὲνγὰρ
358 1975 538 2062 τηλικαῦτά
562 1979 671 2054 ἐστιν,
700 1971 784 2040 ὥστ’
816 1975 913 2055 ἀξιον
940 1978 1029 2042 είναι
1051 1976 1213 2059 πολεμεῖν
1236 1976 1385 2060 πόλεμον

136 2079 174 2140 ού
198 2081 372 2158 σύντομον,
396 2079 469 2154 οίος
491 2081 532 2141 ἀν
554 2085 627 2154 τοῖς
649 2076 771 2155 όπλοις
792 2081 938 2162 έγίγνετο
953 2082 1011 2143 καί
1024 2083 1236 2166 παρηγορίαν
1258 2080 1386 2160 εἴχετό

135 2183 237 2260 τάχος
258 2189 318 2266 τῆς
349 2177 564 2262 διακρίσεως,
595 2177 680 2242 ἀλλά
708 2182 837 2265 μακρόν
865 2183 922 2244 καί
948 2183 1141 2260 ἀπαυστον,
1171 2184 1258 2245 ὥστε
1287 2183 1388 2246 αὐτόν

0 2295 120 2346 wan>
134 2280 392 2345 ὑπολείπεσθαι
413 2284 470 2345 καί
490 2287 564 2358 τοῖς
587 2284 690 2345 παισί
703 2284 760 2345 καί
774 2287 848 2358 τοῖς
862 2285 1011 2366 ἐκγόνοις
1032 2286 1089 2347 καί
1108 2281 1282 2370 μηδέποτε
1298 2289 1388 2364 σχεῖν

136 2381 259 2448 έλπίδα
282 2381 507 2472 καταλλαγῆς·
531 2381 776 2468 ἀγωνιζώμεθα
798 2387 855 2448 καί
878 2381 1111 2467 στασιάζωμεν
1127 2389 1185 2450 καί
1207 2389 1388 2472 πράγματα

86 2495 117 2548 2⁰
139 2493 337 2573 παρέχωμεν
353 2485 522 2573 ἀλλήλοις,
544 2491 608 2552 όσα
624 2489 734 2552 ἔνεστι
750 2493 920 2571 παρέχειν,
944 2489 1132 2571 ἀχθόμενοι
1155 2486 1245 2552 διότι
1264 2491 1309 2575 μη
1332 2489 1390 2552 καλ

134 2587 242 2654 πλείω
266 2586 451 2671 δυνάμεθα.
497 2591 528 2653 εἰ
551 2587 587 2654 δὲ
609 2588 757 2671 μάλιστα
779 2593 840 2672 μὲν
864 2587 960 2654 οὐδέν
975 2593 1050 2654 ἐστι
1071 2593 1110 2654 τό
1134 2588 1244 2654 ἆθλον
1266 2594 1388 2654 τούτου

133 2700 196 2755 τοῦ
220 2700 338 2770 κακοῦ,
367 2694 408 2756 τά
439 2689 475 2756 δὲ
506 2691 666 2757 δοκοῦντα
696 2692 784 2757 εἶναι
812 2696 870 2757 καί
889 2697 992 2778 μικρά
1016 2696 1090 2757 ἐστι
1118 2695 1175 2757 καὶ
1197 2692 1310 2780 φαῦλα
1333 2696 1390 2758 καί

135 2786 207 2857 οὐδ’
234 2791 375 2871 ἰδιώτας
395 2797 482 2881 ὑπὲρ
506 2797 614 2859 αύτῶν
639 2792 832 2874 στασιάζειν
847 2791 943 2871 άξιόν
958 2799 1061 2873 έστιν,
1085 2789 1145 2876 οὐχ
1160 2799 1256 2872 ὅπως
1272 2793 1391 2872 πόλεις

135 2894 351 2982 τηλικαύτας·
384 2901 429 2985 μη
461 2900 644 2979 πάσχωμεν
673 2901 792 2979 όμοιόν
821 2919 856 2961 τι
883 2903 958 2973 τοῖς
987 2899 1119 2984 άφροσι
1149 2905 1216 2962 τῶν
1245 2895 1390 2976 παίδων,

84 3009 117 3062 ²⁵
141 3001 264 3076 οίτινες
286 2997 481 3081 αἰδούμενοι
502 3003 546 3087 μή
571 2998 697 3064 δοκῶσι
718 3003 827 3086 μάτην
850 2995 1049 3084 ὀργίζεσθαι
1076 3005 1150 3076 τοῖς
1178 3002 1349 3084 πατράσιν
1370 3001 1390 3086 ἢ

135 3109 211 3178 ταῖς
232 3105 399 3188 μητράσιν
430 3091 468 3164 οὔ
496 3099 678 3185 βούλονται
704 3099 1001 3166 καταλλάττεσθαι
1029 3100 1167 3187 ῥᾳδίως.
1218 3104 1304 3187 ὑπὲρ
1326 3103 1442 3183 μένῃ

136 3205 195 3267 οδν
217 3213 276 3292 γῆς
291 3206 311 3290 ἢ
328 3201 503 3290 θαλάττης
519 3202 595 3268 ούδὲ
610 3206 804 3286 μαχόμεθα,
827 3201 913 3268 ἀλλὰ
929 3202 1105 3292 θαλάττης
1122 3207 1184 3286 μὲν
1200 3196 1275 3268 οὐδ’
1301 3206 1391 3268 ἀντι-

20 3320 74 3365 ιιιε
88 3318 124 3370 Μ)
138 3315 319 3370 ποιοῦνται
336 3309 424 3392 πρός
437 3308 522 3387 ὑμᾶς
538 3309 572 3369 οί
585 3309 737 3384 Νικαεῖς,
760 3299 838 3369 ἀλλ’
863 3305 980 3394 ηδέως,
1003 3309 1090 3371 ὥστε
1105 3304 1273 3394 μηδεμίαν
1289 3311 1393 3392 παρέ·

135 3431 208 3488 χειν
229 3412 349 3493 μάχην,
372 3406 606 3492 διακέκρινται.
650 3411 793 3494 καὶμὴν
816 3401 894 3472 ούδί
916 3411 1002 3491 ὑπὲρ
1026 3407 1208 3495 προσόδων
1231 3403 1357 3491 ἀγωνιζ
1377 3440 1390 3451 ·

83 3519 118 3577 ³⁰
139 3512 251 3593 μεθα,
280 3508 365 3574 ἀλλά
395 3514 550 3587 ἑκάστοις
578 3512 710 3596 ἀπόχρη
739 3512 781 3573 τά
811 3514 935 3574 οἰκεῖα·
963 3513 1020 3574 καί
1047 3520 1153 3575 ταῦτα
1183 3509 1218 3575 δὲ
1241 3513 1394 3593 τυγχάνει

139 3611 358 3699 διωρισμένα,
380 3616 438 3678 καί
458 3615 524 3700 μήν
549 3634 586 3697 γε
614 3616 671 3677 καί
699 3611 805 3676 τάλλα
834 3616 964 3690 πάντα,
994 3615 1110 3697 ῶσπερ
1132 3615 1168 3676 έν
1198 3615 1310 3698 εἰρήνῃ
1338 3613 1395 3675 καί

140 3714 250 3802 φιλίᾳ.
287 3720 344 3781 καί
365 3723 504 3802 καρπῶν
527 3718 615 3780 εἰσιν
637 3713 830 3791 ἀντιδόσεις
844 3716 901 3778 καί
921 3717 1038 3796 γάμων
1060 3711 1235 3795 ἐπιμιξίαι
1249 3716 1305 3777 καί
1327 3705 1392 3775 ἀπ’

141 3811 251 3882 αὐτῶν
272 3822 329 3884 καί
351 3824 539 3902 συγγένειαι
554 3815 682 3881 πολλαί
696 3839 787 3894 τινες
801 3814 864 3903 ἤδη
882 3821 1113 3902 γεγενημέναι·
1136 3819 1193 3880 καί
1215 3813 1396 3900 προξενίας

226 4027 314 4108 όούχ
332 4035 447 4093 οιυ.ΠΤ
466 4035 524 4102 (sod
541 4031 1244 4106 inUnuppl.inmn1-g.uup.,am.pnnlfallor)
1296 4029 1396 4092 ττού·

142 4141 201 4178 των
217 4120 350 4192 pluralem
368 4126 435 4192 puto
453 4121 579 4177 excusari
596 4135 678 4192 ροιιο
731 4126 764 4176 10
780 4123 828 4177 καί
846 4115 1011 4190 πειθόμεθα
1033 4117 1082 4174 UT
1153 4121 1182 4172 11
1202 4112 1346 4192 ἀμιβαίΤ

141 4212 211 4274 lime
228 4207 257 4262 M
314 4210 345 4261 12
361 4209 449 4264 κακαί
466 4209 567 4264 κακῶν
583 4206 711 4265 Reiukius
767 4211 795 4260 15
815 4199 854 4273 ὥς
871 4201 994 4272 ἀξιονΤ
1049 4209 1079 4260 16
1098 4194 1163 4262 ούόδ
1181 4201 1210 4256 Μ
1263 4198 1346 4270 ολςΒ

142 4289 180 4351 ἀν
190 4292 270 4363 Emp.
282 4289 314 4349 ἐν
324 4292 387 4348 libri
461 4297 490 4348 17
508 4289 651 4369 μικρδνΰ
740 4297 770 4349 18
788 4288 945 4364 &garum
1014 4293 1047 4345 20
1065 4287 1103 4362 μὴ
1121 4292 1171 4347 καί
1187 4289 1276 4360 Emp„
1293 4288 1397 4363 καίμὶγ

141 4378 204 4434 libri
272 4381 306 4434 24
322 4369 358 4450 ἦν
373 4393 424 4450 pro
441 4373 479 4450 μὴ
497 4378 527 4433 Μ
596 4375 789 4452 πάσχομενῐί
857 4371 1176 4434 ἰύκαταλάιτεσθαιΤ
1233 4379 1265 4430 27
1282 4377 1334 4447 γῆς
1349 4377 1398 4432 καί

143 4461 323 4536 θαλάττηςΒ
392 4458 637 4537 ἢθαλάτιηςοαι.
650 4463 699 4521 UT
786 4467 820 4518 28
839 4461 981 4528 νικεεῐςΜ
1058 4465 1091 4517 29
1108 4459 1283 4533 διακέκριται
1300 4458 1331 4514 Μ

144 4540 306 4620 προσόδων
322 4550 353 4606 Μ
421 4543 620 4624 ἀγονιζύμιύα
638 4549 662 4605 Τ
749 4555 781 4604 30
799 4549 889 4604 malim
907 4547 939 4621 δὴ
958 4562 1008 4618 pro
1025 4547 1056 4606 δὲ

1158 4634 1194 4687 3*
