3466 5268
334 333 374 392 78
760 335 885 392 DIONIS
903 337 953 392 DE
973 337 1153 397 TUMULTU

331 528 392 589 μοι
414 510 469 571 καί
492 513 604 572 πάντα
627 517 731 572 ταῦτα
755 512 790 572 ἐν
813 520 855 596 τῇ
878 513 1022 600 ὑμετέρᾳ
1043 523 1101 600 γῇ·
1124 523 1191 578 τῶν
1214 511 1250 576 δέ
1273 518 1350 596 ἐμοί
1364 520 1591 599 γειτνιώντων
1721 531 1722 544 ’

333 603 430 673 οὐδὲν
459 614 602 674 πώποτε
632 603 742 688 οὐδείς
772 613 848 676 οὔτε
878 612 1044 692 πλούσιος
1073 617 1149 680 οὔτε
1178 622 1284 702 πένης
1309 616 1445 696 (πολλοί
1475 615 1592 682 δὲκαὶ

333 720 400 774 τῶν
415 716 579 776 τοιούτων
593 734 654 794 μοι
669 716 872 797 γειτνιῶσιν)
887 708 1054 801 ᾐτιάσατο
1076 721 1135 799 ἐμέ
1159 721 1206 796 ὡς
1221 722 1475 806 ἀφαιρούμενός
1496 745 1592 798 τινος

333 816 352 899 ἢ
376 811 633 896 ἐκβαλλόμενος,
664 817 740 878 οότε
769 815 909 894 δικαίως
939 821 1014 883 οότε
1043 819 1176 898 ἀδίκως.
1228 824 1298 904 εἰμί
1327 821 1363 887 δέ
1388 817 1490 901 αδτδς
1514 827 1592 890 οὑτε

292 923 311 987 8
333 913 532 999 ὑπέρδεινος
547 919 657 980 εἰπεῖν
673 919 749 981 ούτε
766 918 849 996 ἴσως
865 923 1027 985 ἁπάντων
1043 924 1187 1000 ὑστατος
1202 927 1237 988 ἐν
1260 923 1307 1008 τῴ
1332 923 1447 1008 λέγειν.
1493 929 1588 990 ἐστιν
1608 938 1623 989 ό

333 1019 391 1081 οὑν
420 1022 533 1082 δντινα
562 1023 597 1083 έν
625 1014 696 1104 [τῷ]
726 1018 812 1104 λόγῳ
844 1020 1016 1109 ἐλύπησα,
1051 1033 1187 1111 πρᾶγμα
1215 1029 1396 1110 ἐπαγαγών
1425 1049 1494 1092 τινι
1524 1036 1592 1093 τῶν

333 1123 559 1206 ἀπραγμόνων
581 1124 601 1208 ἢ
617 1127 871 1201 κατασκευάσας
893 1128 1056 1211 ἐπήρειαν
1063 1151 1075 1203 ,·
1096 1129 1115 1213 ἡ
1133 1129 1287 1214 περὶτῆς
1306 1119 1424 1205 οὐσίας
1439 1133 1591 1218 ἐποίησα

331 1221 544 1288 κινδυνεῦσαί
564 1246 650 1303 τινα,
675 1227 721 1301 ὡς
744 1227 896 1310 Καίσαρι
919 1233 1157 1315 προσηκούσης
1178 1233 1197 1315 ἢ
1221 1233 1256 1294 ἐν
1281 1233 1461 1316 συνηγορίᾳ
1485 1236 1590 1316 προὺ-

334 1323 443 1404 δωκα,

416 1425 551 1515 καὶμὴν
566 1438 625 1515 τῆς
646 1449 683 1512 γε
705 1439 761 1494 νύν
777 1433 927 1516 ἀπορίας
943 1425 1053 1509 οὐδεὶς
1066 1430 1195 1515 μᾶλλον
1210 1436 1294 1515 ἐμοῦ
1314 1437 1477 1512 ἀναίτιος.
1523 1439 1587 1500 πό·
1610 1447 1640 1498 10

332 1552 429 1613 τερον
451 1533 513 1614 γὰρ
539 1537 632 1595 σῖτον
655 1534 817 1595 ἁπάντων
841 1531 1003 1598 πλεῖστον
1024 1543 1179 1621 γεωργῶν
1200 1535 1436 1600 κατακέκλεικα
1459 1545 1590 1617 τοῦτον,

334 1633 442 1712 αύξων
464 1630 561 1718 (τὴν)
581 1637 700 1720 τιμήν;
722 1628 799 1697 ἀλλ’
824 1638 1020 1701 ἐπίστασθε
1044 1631 1141 1702 αὐτοί
1162 1635 1221 1723 τίγν
1245 1636 1385 1720 δύναμιν
1408 1648 1475 1702 τῶν
1497 1643 1588 1721 ἐμῶν

330 1739 474 1821 χωρίων,
498 1740 551 1799 ότι
575 1740 720 1800 σπάνιον
736 1736 770 1799 εἴ
783 1757 868 1801 ποτε
884 1737 1060 1826 ἀπεδόμην
1077 1747 1171 1804 σῖτον
1185 1744 1241 1805 καὶ
1256 1731 1357 1804 τοῦθ’
1383 1746 1463 1806 όταν
1486 1744 1589 1828 ὑπερ·
1604 1755 1722 1808 (216311

333 1837 418 1924 βάλη
448 1839 496 1923 τῴ
519 1837 668 1926 πλήθει,
696 1843 732 1902 έν
759 1837 795 1902 δέ
818 1846 892 1917 τοῖς
914 1846 1084 1919 τοιούτοις
1107 1845 1216 1907 ἐτεσιν
1240 1842 1317 1907 οὑδέ
1340 1847 1399 1908 τόν
1422 1846 1588 1930 ἀρκοῦντα

334 1944 414 2021 έχω,
450 1934 527 2004 ἀλλ’
560 1944 634 2005 ἐστι
662 1963 724 2022 μοι
751 1947 771 2029 ι)
802 1951 898 2006 πᾶσα
927 1946 1117 2027 ἐπικαρπία
1146 1945 1184 2024 ἐξ
1213 1946 1305 2010 οἴνου
1334 1950 1390 2012 καί
1416 1949 1587 2033 βοσκημά-
1610 1957 1638 2010 15

333 2069 410 2112 των.
542 2040 618 2110 ἀλλ’
644 2049 802 2133 ἀργύριον
827 2045 987 2126 δανείζων
1017 2051 1056 2111 οδ
1085 2047 1254 2131 βούλομαι
1274 2054 1435 2135 παρέχειν
1457 2051 1508 2125 είς
1530 2052 1590 2136 την

333 2159 395 2213 τοῦ
423 2153 517 2214 σίτου
547 2152 644 2236 ὠνήν.
701 2151 819 2214 οὑκουν
852 2148 928 2214 αύδέ
960 2153 1040 2236 περὶ
1068 2155 1188 2215 τούτου
1212 2150 1309 2216 ούδέν
1330 2173 1373 2232 με
1396 2149 1452 2215 δεῖ
1471 2149 1589 2234 λέγειν.

335 2251 450 2316 οἴδατε
472 2255 535 2339 γὰρ
557 2255 653 2334 ὑμεῖς
674 2255 731 2316 καὶ
752 2255 831 2329 τοὺς
854 2249 1068 2331 δανείζοντας
1090 2256 1126 2316 ἐν
1141 2263 1183 2339 τῇ
1198 2252 1298 2318 πόλει
1312 2257 1369 2317 καί
1384 2257 1462 2330 τούς
1479 2252 1590 2318 δανει-

293 2353 503 2438 9ζομένους.
633 2358 669 2418 τί
697 2356 754 2419 οδν
783 2358 876 2419 ἐστιν
905 2360 924 2420 ό
951 2376 988 2438 γε
1017 2357 1081 2438 ἐγὼ
1106 2366 1251 2443 ποιῆσαι
1273 2355 1471 2437 δυνάμενος,
1502 2357 1590 2419 ὥστε

335 2457 531 2537 ἀπαλλάξαι
546 2461 630 2539 ὑμᾶς
645 2467 705 2544 τῆς
721 2460 879 2542 ἀπορίας,
904 2461 942 2521 οὑ
957 2456 1135 2540 βούλομαι,
1158 2460 1177 2544 ἢ
1196 2455 1285 2522 διότι
1301 2462 1388 2543 πρός
1403 2461 1462 2541 ἐμὲ
1478 2461 1586 2536 οὑτως
1607 2471 1639 2522 io

335 2564 444 2642 ἐχετε;
476 2564 528 2623 ότι
557 2563 595 2646 νη
629 2562 698 2622 Δία
727 2560 789 2635 τὰς
819 2561 921 2636 στοὰς
949 2562 1010 2623 ἐπὶ
1036 2568 1104 2624 τῶν
1134 2562 1272 2643 θερμῶν
1307 2552 1505 2647 ᾠκοδόμηκα
1533 2565 1591 2627 καί

334 2665 556 2749 ἐργαστήρια·
580 2671 679 2725 τοῦτο
701 2665 764 2748 γάρ
788 2665 891 2741 ἐστιν,
915 2666 934 2726 ό
958 2679 1064 2749 φασιν
1087 2666 1172 2727 ἐνιοι
1195 2661 1393 2727 ἀδικεῖσθαι
1415 2656 1478 2726 ὑπ’
1507 2666 1593 2744 ἐμοῦ

335 2772 395 2854 την
424 2764 536 2830 πόλιν.
592 2767 650 2828 καί
677 2767 753 2828 τίνα
783 2767 927 2829 πώποτε
956 2769 975 2852 ἢ
1006 2769 1101 2847 ὑμεῖς
1128 2767 1148 2851 ἢ
1177 2761 1280 2840 ἀλλος
1311 2786 1364 2840 τις
1393 2767 1592 2852 ἀνθρώπων

335 2873 513 2952 ἐμέμψατο
536 2871 572 2932 ἐν
595 2867 685 2952 ἀγρῷ
713 2869 818 2932 αὑτοῦ
840 2870 949 2932 οίκίαν
967 2867 1227 2948 οίκοδομοῦντα;
1249 2868 1268 2952 ἢ
1293 2868 1387 2951 παρὰ
1410 2861 1513 2931 τοῦθ’
1536 2865 1593 2953 <δ>

337 2980 431 3048 σῖτος
452 2969 611 3046 πλείονός
633 2973 707 3034 ἐστι
714 2993 726 3046 ;
753 2972 866 3034 καίτοι
888 2976 989 3034 πέντε
1016 2967 1191 3055 μυριάδων
1213 2973 1363 3055 ἐώνημαι
1391 2973 1429 3032 τδ
1449 2972 1586 3055 χωρίον,
1609 2979 1640 3032 25

335 3075 383 3159 τῴ
406 3075 510 3137 παντὶ
533 3071 692 3148 πλείονος
713 3081 813 3158 τιμῆς
835 3082 895 3159 τῆς
918 3071 1025 3150 ἀξίας.
1071 3064 1147 3134 ἀλλ’
1172 3073 1237 3154 ἐγὼ
1254 3074 1510 3158 αίσχύνομαινη
1533 3075 1593 3136 τδν

335 3180 404 3242 Δία
426 3179 482 3240 καί
512 3179 591 3252 τούς
614 3177 735 3253 θεούς,
759 3174 794 3238 εἴ
812 3197 865 3250 τις
887 3183 955 3238 τῶν
978 3173 1143 3253 πολιτῶν,
1168 3176 1206 3237 ού
1228 3175 1290 3259 γὰρ
1314 3172 1354 3260 δή
1377 3195 1414 3256 γε
1435 3178 1454 3260 ἡ
1480 3172 1592 3253 πόλις,

337 3283 423 3343 οὑτω
446 3280 632 3364 μοχθηρός,
657 3280 745 3340 ὥστε
768 3274 960 3341 λυπεῖσθαι
982 3281 1037 3342 καί
1061 3279 1218 3364 φθονεῖν,
1240 3279 1299 3339 ἐόν
1314 3298 1390 3340 τινα
1408 3273 1463 3361 ἴδη
1489 3278 1592 3340 στοὰν

335 3385 355 3468 ἢ
379 3384 599 3467 ἐργαστήριον
624 3373 872 3466 ᾠκοδομηκότα.

289 3489 327 3551 10
424 3487 480 3547 καί
501 3487 566 3571 μην
588 3487 627 3546 τό
648 3503 684 3565 γε
707 3490 857 3566 πρᾶγμα,
879 3475 940 3568 ἐφ’
966 3473 993 3566 ᾦ
1016 3479 1273 3568 παρωξύνθητε,
1297 3479 1407 3546 δεῖται
1421 3487 1483 3563 μέν
1498 3502 1591 3560 τινος
1613 3485 1722 3543 801521]

337 3584 535 3668 ἐπιμελείας
558 3582 708 3670 ἀληθῶς,
735 3586 773 3647 οὑ
789 3591 906 3666 μέντοι
929 3587 1109 3670 ἀνήκεστόν
1131 3589 1224 3649 ἐστιν
1247 3583 1324 3648 ούδί
1342 3586 1429 3647 ὥστε
1451 3593 1594 3648 τοιαῦτα

922 3748 1146 3754 ---——..——-..-
1161 3749 1361 3754 -.....-.-......---.
1376 3749 1394 3754 ..-
1407 3749 1434 3754 0.
1451 3747 1585 3754 ---.....—-

425 3845 435 3893 1
455 3841 611 3897 καὶταῦτα
630 3834 725 3895 πάντα
743 3838 796 3893 hoc
813 3838 875 3893 loco
892 3837 983 3908 aptius
1047 3841 1063 3892 4
1081 3832 1146 3896 οὑδὲ
1161 3837 1233 3904 libri,
1251 3853 1320 3894 corr.
1339 3839 1420 3908 Emp.
1492 3843 1507 3893 ὁ
1527 3835 1594 3898 οὑδὲ

336 3924 407 3990 libri,
425 3939 495 3981 corr.
511 3923 592 3992 Emp.
663 3927 738 3997 θτῷ
757 3923 855 3979 seclusi
925 3918 1045 3994 ῖῆοια.
1064 3922 1095 3978 Μ
1170 3921 1294 3997 ἐπηρίαν
1311 3924 1341 3978 Μ
1411 3920 1594 3999 Βπραὺόακα

338 4010 414 4066 Um,
432 4024 476 4080 pr.
547 4013 578 4064 12
596 4003 648 4080 τὴν
664 4008 727 4065 tid.
745 4007 848 4064 Βείείιε
916 4006 1092 4066 ἐπίστασθαι
1106 4007 1136 4061 Μ
1207 4013 1238 4063 13
1255 4008 1386 4066 winuli
1440 4013 1471 4063 14
1489 4005 1594 4067 τοσού-

337 4118 398 4164 τοις
414 4094 485 4162 libri,
505 4109 574 4149 corr.
592 4093 694 4150 Reiske
712 4109 746 4150 ex
763 4095 877 4164 interpr.
950 4098 981 4148 16
1000 4094 1123 4162 δανῖζων
1139 4092 1170 4147 Μ
1222 4097 1252 4146 12
1272 4087 1379 4151 οδκοὺν
1396 4092 1468 4160 libri,
1486 4090 1594 4152 οὑκονν

336 4179 455 4235 malebat
470 4179 552 4250 Emp.
658 4182 690 4234 18
709 4181 878 4249 δανίζοντας
894 4178 925 4232 Μ
1027 4177 1269 4248 δανιζομένονςΤ
1350 4182 1383 4233 20
1402 4168 1460 4248 ἦῐί
1547 4173 1593 4236 διὰ

338 4268 367 4323 τί
385 4265 432 4321 UT
502 4269 532 4320 21
554 4259 649 4337 ἔχεται
667 4263 697 4319 Μ
766 4269 798 4320 23
816 4261 977 4336 ἄνθρωπον
993 4261 1161 4336 ἐμέμψαντο
1179 4262 1254 4320 ΠΒΤ
1305 4265 1338 4317 24
1355 4259 1388 4320 ἐν
1405 4254 1489 4339 ἀγρῷ
1505 4258 1597 4322 αὑτοῦ

337 4351 432 4408 αἰκίαν
449 4351 536 4421 Eum„
553 4345 573 4423 ἢ
589 4346 685 4424 ἀγρὸν
701 4343 790 4408 αὑτοῦ
808 4346 826 4422 ἢ
844 4349 940 4407 οἰκίαν
957 4347 1017 4403 libri
1120 4345 1139 4420 ἢ
1155 4343 1235 4421 παρὰ
1259 4350 1347 4405 τοῦτο
1365 4356 1448 4415 σῖτος
1466 4344 1592 4415 πλέονός

336 4435 397 4493 ἐστι
414 4435 445 4489 Μ
462 4431 481 4506 ἢ
498 4427 545 4494 δτι
563 4430 645 4510 παρὰ
663 4435 756 4510 τούτῳ
774 4443 856 4501 σῖτος
873 4433 981 4491 πλείων
992 4429 1056 4490 ἐστί
1066 4431 1150 4500 UBT,
1167 4425 1258 4491 τοῦθ’
1275 4425 1423 4490 Somni.
1478 4437 1512 4489 2⁶
1530 4432 1595 4492 αλδ

338 4539 407 4587 ονος
425 4519 505 4576 UMT
574 4525 607 4576 28
624 4518 759 4594 μοχθηρὰ
777 4519 847 4586 libri,
865 4533 934 4574 corr.
954 4518 1069 4574 (δισσαί).
1138 4521 1171 4574 30
1188 4513 1409 4591 παρωξύνθηται
1426 4517 1457 4573 Μ
