3454 5272
407 1043 666 1122 EMPERIUS
691 1046 764 1121 Dn
791 1043 969 1120 EXILIO
990 1044 1169 1123 DIONIS

538 1163 750 1248 (Bruusviguo
774 1167 867 1249 1840,
889 1185 922 1249 p.
938 1167 1042 1242 5—7).

246 1433 348 1500 Atrox
372 1433 546 1501 Domitiani
569 1436 739 1519 imperium
761 1443 794 1503 ct
816 1437 925 1502 multis
953 1436 1032 1503 viris
1062 1435 1208 1503 doctrina
1231 1443 1263 1502 et
1285 1435 1415 1518 iugenio

162 1535 302 1619 egregiis
324 1542 356 1602 ct
372 1535 469 1602 Dioni
490 1538 622 1604 noxium
644 1535 715 1604 fuit.
751 1537 835 1604 Nam
858 1539 928 1605 cius
948 1537 1079 1606 decreto
1094 1539 1256 1622 relegatus
1272 1543 1329 1604 est.
1366 1537 1417 1603 Dc

162 1656 226 1721 quo
249 1657 324 1704 casu
352 1637 483 1721 gloriari
510 1641 692 1724 consuerit,
725 1639 855 1707 laudem
878 1659 1077 1724 quaerense
1106 1641 1240 1724 pessimi
1261 1639 1417 1723 principis

162 1737 247 1805 odio.
297 1739 421 1806 Eodem
454 1747 562 1807 autem
584 1742 699 1827 exilio,
728 1749 763 1808 ut
790 1743 861 1826 ipse
883 1739 1036 1826 affirmat,
1066 1745 1154 1809 vitae
1184 1743 1253 1808 eius
1276 1742 1417 1807 rationes

161 1861 292 1925 prorsus
307 1849 448 1909 mutatae
463 1849 551 1927 sunt;
573 1845 615 1910 ab
631 1846 771 1912 oratoria
786 1845 870 1911 enim
887 1851 955 1911 arte
977 1844 1020 1910 ad
1034 1842 1274 1929 philosophiam
1289 1841 1417 1922 defecit,

163 1962 258 2026 quam
288 1944 374 2009 idem
402 1950 499 2011 autea
526 1945 665 2029 quadam
696 1948 841 2014 oratione
871 1966 954 2014 nuuc
992 1945 1162 2030 deperdita
1193 1942 1417 2012 vehementius

162 2045 335 2111 insectatus
359 2049 470 2124 eras1).

249 2145 452 2230 Quapropter
481 2149 657 2232 antiquitus
685 2147 792 2232 fuere,
823 2149 878 2233 qui
906 2149 1005 2215 exilio
1035 2149 1156 2230 scripta
1177 2149 1246 2214 eius
1268 2147 1417 2212 bifariam

162 2247 359 2332 dividereut3
382 2248 469 2332 quod
491 2249 584 2316 nobis
606 2249 796 2316 imitandum
811 2250 903 2334 foret,
924 2249 1075 2332 simodo,
1096 2269 1159 2333 quo
1176 2267 1324 2332 quaeque
1339 2253 1417 2314 tem·

163 2368 242 2434 pore
265 2349 354 2416 edita
376 2357 491 2435 essent,
514 2353 593 2419 satis
615 2359 785 2420 constaret.

245 2451 314 2518 fam
337 2454 473 2536 primum
495 2455 714 2538 quaerendum
737 2463 786 2522 est
808 2454 937 2539 quaudo
966 2454 1127 2534 relegatus
1149 2453 1207 2535 sit;
1238 2471 1301 2536 quo
1332 2453 1417 2518 viam

161 2554 349 2621 monstrabit
363 2555 464 2638 ipsius
480 2555 612 2639 quidam
627 2558 727 2639 locus,
744 2577 839 2641 quem
854 2558 1013 2642 integrum
1029 2555 1105 2622 huic
1120 2556 1259 2639 paginae
1274 2553 1418 2638 subjeci3

162 2677 237 2723 nam
264 2655 392 2740 singula
413 2659 515 2724 verba
536 2657 723 2742 diligentius
745 2659 960 2726 examinanda
982 2661 1117 2735 eraut2).
1168 2657 1420 2724 Existimabatur

161 2759 359 2825 familiariter
381 2759 427 2824 uti
450 2761 521 2827 viro
544 2761 683 2844 quodam
705 2782 768 2828 uon
790 2780 904 2846 pravo,
927 2761 979 2827 oui
1002 2779 1074 2826 cum
1096 2761 1200 2826 beatis
1223 2758 1417 2844 quibusdam

160 2861 342 2928 hominibus
371 2869 404 2928 et
431 2867 506 2929 tuuc
535 2861 772 2931 dominantibus
795 2865 922 2948 generis
951 2863 1155 2930 necessitudo
1185 2860 1416 2939 intercedebat,

162 2962 220 3029 sed
243 2965 298 3048 qui
320 2983 392 3029 eam
421 2964 526 3047 ipsam
553 2985 700 3032 caussam
723 2967 869 3034 interitus
892 2965 1021 3051 habuit,
1051 2973 1301 3052 propterquam
1327 2963 1419 3030 multi

161 3066 318 3131 fortunam
342 3067 411 3131 eius
432 3066 674 3150 praedicabant.
723 3069 826 3152 Igitur
857 3070 1091 3156 explorandum
1120 3076 1169 3137 cst
1191 3069 1322 3153 quinam
1346 3066 1417 3133 istis

162 3167 271 3234 verbis
293 3167 406 3234 Dionis
428 3175 581 3253 patronus
603 3169 809 3253 significetur.

246 3269 296 3336 Ao
322 3270 426 3354 primo
455 3271 586 3354 quidem
609 3270 651 3337 de
673 3272 766 3338 Iunio
789 3273 920 3341 Rustico
943 3275 1135 3357 cogitaverit
1156 3272 1332 3358 quispiam,
1363 3270 1419 3352 qui

164 3371 250 3456 quod
273 3373 365 3438 Paeti
387 3373 552 3440 Thraseae
581 3380 614 3439 at
635 3373 781 3440 Helvidii
803 3377 906 3444 Prisci
933 3377 1047 3444 laudes
1070 3375 1173 3444 edidit
1202 3396 1231 3440 a.
1248 3377 1287 3439 91
1311 3393 1343 3457 p.
1359 3371 1418 3438 Ob.

164 3474 333 3541 damnatus
349 3480 406 3541 est.
440 3474 524 3540 Nam
537 3472 631 3543 huius
647 3477 788 3544 criminis
805 3478 973 3546 occasione
990 3479 1192 3546 Domitianus
1207 3471 1419 3562 philosophos

165 3597 277 3644 omues
298 3575 379 3644 urbe
404 3577 562 3660 italiaque
586 3579 794 3655 submovito.
845 3580 949 3659 Quem
977 3582 1078 3648 nolim
1107 3578 1256 3661 intelligi.
1305 3576 1420 3659 Neque

163 3680 249 3746 enim
271 3679 375 3745 Roma
397 3680 493 3746 modo
515 3679 675 3763 Italiaque
697 3681 862 3748 submotus
884 3690 933 3750 est
954 3683 1036 3766 Dio,
1067 3687 1101 3748 ut
1123 3701 1198 3747 mox
1221 3679 1419 3745 demonstra·

163 3781 263 3863 bitur;
294 3800 400 3865 neque
423 3788 493 3848 crat
518 3780 605 3864 quod
627 3780 722 3849 toties
744 3783 935 3867 gloriaretur
956 3785 998 3853 de
1020 3785 1119 3852 exilio
1150 3782 1289 3850 omnium
1315 3777 1419 3863 pbilo-

166 3901 471 3912 .—---....——-—.

250 3953 274 4012 1)
291 3949 353 4004 Vid.
372 3949 477 4018 Syuesit
498 3947 590 4004 Vitam
611 3947 707 4004 Diouis
730 3955 795 4006 unte
811 3949 904 4007 Beisfr.
925 3951 1019 4008 Diouis
1042 3951 1105 4007 edit.
1129 3967 1158 4022 p.
1179 3955 1210 4004 ¹5
1234 3953 1262 4004 et
1285 3963 1312 4017 p.
1333 3950 1373 4001 tt.
1392 3949 1420 4000 et

163 4032 245 4102 Kays.
264 4033 391 4089 Philostr.
410 4033 443 4090 V.
461 4034 489 4090 S.
508 4051 534 4105 p.
551 4039 607 4089 itt.

249 4122 275 4186 2)
292 4118 372 4174 Dion.
391 4118 424 4174 T.
443 4119 480 4174 11.
498 4137 525 4189 p.
544 4124 593 4176 418
612 4119 704 4176 Reisfr.
742 4111 793 4178 dra
811 4121 926 4194 φεύγειν
943 4122 1047 4195 συνέβη
1063 4142 1100 4192 με
1118 4122 1215 4192 φιλίας
1231 4115 1328 4178 ἕνεκεν
1340 4121 1419 4188 λεγο-

162 4202 248 4274 μένης
264 4197 371 4278 ἆνδρὸς
389 4197 424 4262 οὗ
441 4210 578 4277 πονηροῦ,
596 4210 655 4263 τῶν
672 4207 702 4264 δὲ
719 4203 787 4265 τότε
806 4198 983 4278 εὐδαιμόνων
1000 4211 1097 4265 τεκαὶ
1115 4199 1268 4279 ἀρχόντων
1279 4198 1420 4275 ἐγγύτατα

165 4283 259 4354 ὄντος,
276 4283 321 4346 διὰ
340 4294 429 4347 ταῦτα
448 4291 477 4349 db
494 4295 543 4349 καὶ
561 4286 783 4360 ἀποθανόντος,
801 4285 840 4350 δι’
859 4288 878 4351 ἃ
896 4297 1016 4360 πολλοῖς
1032 4295 1082 4350 καὶ
1099 4287 1204 4364 σχεδὸν
1220 4291 1310 4347 πᾶσιν
1326 4283 1420 4345 ἐδόκει

161 4369 312 4445 μακάριος,
330 4371 375 4434 διὰ
392 4372 445 4447 τὴν
460 4375 577 4436 ἐκείνων
595 4376 757 4451 οἰκειότητα
773 4383 822 4436 καὶ
840 4380 1009 4452 ξυγγένειαν.

249 4463 274 4526 3)
291 4461 353 4517 vid.
372 4461 484 4518 Suetou.
503 4463 603 4521 Domit.
621 4479 645 4518 c.
666 4470 706 4520 10.
730 4465 870 4520 Ootererm
897 4465 948 4521 Dio
972 4471 1038 4520 tuuc
1060 4479 1095 4519 ue
1118 4459 1291 4518 adnumerari
1314 4459 1419 4528 quidem

162 4545 331 4615 pbilosophis
348 4555 465 4617 poterat
