3466 5268
651 337 789 396 ORATIO
807 337 891 394 XLV.
1354 335 1393 395 71

138 514 312 600 ῆττηθείς,
335 514 379 598 μῆ
400 514 581 596 χρημάτων
600 513 759 597 ἀπορίας,
782 517 826 600 μῆ
853 515 1010 593 σώματος
1033 512 1224 586 ἀσθενείας,
1247 512 1336 594 πρός
1358 507 1394 572 όὲ

139 619 276 692 τούτοις
299 617 428 676 άπασιν
451 614 577 698 έχθρόν
605 616 804 696 ἀνεχόμενος
833 617 871 678 ού
901 617 959 678 τόν
988 613 1081 678 όεῖνα
1113 611 1189 676 ούόὲ
1219 615 1277 676 τόν
1301 610 1394 676 όεῐνα

140 725 209 780 τῶν
238 717 322 780 ἴσων
350 717 425 780 τινά
454 718 512 779 καί
540 724 607 779 τῶν
638 719 765 798 όμοίων
795 719 903 780 ένίοτε
932 719 1189 803 φθεγγομένων,
1221 712 1307 777 ἀλλά
1336 716 1394 776 τόν

146 823 364 905 ἰσχυρότατον
386 823 442 883 καί
464 821 653 904 βαρύτατον
674 823 731 883 καί
761 818 930 907 δεσπότην
959 815 1205 900 ὀνομαζόμενον
1232 817 1289 879 καί
1310 817 1394 878 θεόν

9 935 120 986 mm
142 923 237 1007 παρὰ
261 929 367 984 πᾶσιν
383 914 519 1007 Ἕλλησι
540 923 597 985 καί
617 922 820 1007 βαρβάροις,
850 925 889 985 τό
920 920 956 986 όέ
986 919 1116 1007 ἀληθές
1144 923 1223 984 όντα
1249 916 1393 997 δαίμονα

144 1027 310 1110 πονηρόν,
336 1025 393 1086 καλ
421 1031 526 1086 ταῦτα
557 1025 595 1086 ού
618 1025 791 1087 θωπεύων
814 1026 914 1088 αὐτόν
937 1022 1014 1087 ούόέ
1037 1026 1096 1109 τῆν
1118 1023 1246 1108 ἔχθραν
1270 1040 1394 1103 παραι-

142 1129 312 1207 τούμενος,
335 1124 420 1190 ἀλλά
442 1122 607 1211 ἐρεθίζων
629 1130 784 1212 ἄντικρυς
805 1122 953 1210 καλ<τά>
975 1130 1148 1212 προσόντα
1170 1125 1253 1187 κακά
1269 1123 1315 1203 μά
1331 1113 1391 1185 Δί’

145 1230 183 1290 ού
204 1226 336 1310 μέλλων
357 1237 415 1293 νύν
436 1232 525 1315 ίρεῖν
547 1230 566 1314 ῆ
590 1233 750 1314 γράψειν,
774 1227 859 1292 ἀλλά
882 1231 1023 1314 εἰρηκὼς
1044 1226 1106 1314 ῆόη
1130 1230 1186 1291 καί
1207 1225 1394 1310 γεγραφώς,

9 1334 200 1395 {mmm
228 1334 357 1395 τούτων
381 1341 536 1418 πανταχῆ
565 1340 632 1395 τῶν
656 1330 762 1415 λόγων
784 1334 840 1395 καί
862 1340 929 1394 τῶν
956 1335 1162 1417 γραμμάτων
1186 1332 1306 1404 όντων,
1338 1325 1395 1405 ούχ

96 1445 126 1495 ιο
146 1437 214 1498 ύπό
229 1435 353 1515 μανίας
368 1436 424 1497 καί
439 1435 607 1510 ἀπονοίας
625 1443 730 1497 ταῦτα
752 1437 914 1520 πράττειν
929 1436 1165 1519 ἐπαιρόμενος,
1189 1427 1273 1492 ἀλλά
1288 1429 1395 1512 κρείτ·

144 1557 217 1599 τονι
241 1537 427 1611 πεποιθώς
443 1533 583 1617 όυνάμει
598 1539 654 1600 καί
668 1537 817 1622 βοηθείᾳ
832 1531 909 1622 (τῆ)
924 1535 1018 1622 παρά
1034 1542 1101 1598 τῶν
1116 1536 1219 1610 θεῶν,
1242 1530 1281 1617 ῆς
1295 1551 1395 1593 κατα-

146 1646 330 1727 φρονοῦσιν
353 1641 387 1701 οί
409 1635 533 1702 πολλοί
547 1641 604 1704 καί
626 1636 783 1726 ἀνωφελῆ
808 1635 1011 1720 νομίζουσιν.
1049 1641 1087 1701 τό
1105 1633 1140 1700 ἀὲ
1165 1637 1243 1718 περί
1266 1637 1393 1696 τούτων
1417 1635 1436 1695 2

143 1734 228 1804 καθ’
256 1744 397 1804 ἕκαστον
424 1739 530 1823 λέγειν
558 1746 703 1826 ῆγούμαι
732 1740 820 1804 εἶναι
849 1744 1018 1826 περιττόν.
1071 1731 1157 1823 παρ’
1189 1735 1306 1812 ἀλλοις
1332 1737 1395 1819 γάρ

144 1840 270 1924 μᾶλλον
284 1846 506 1926 γιγνώσκεται
520 1851 625 1906 ταῦτα
647 1846 704 1906 καί
726 1846 879 1926 τυγχάνει
902 1841 1002 1928 όόξης
1023 1844 1079 1905 καί
1101 1850 1201 1928 τιμῆς
1215 1849 1275 1926 τῆς
1291 1854 1396 1923 προσ-

90 1954 119 2006 Ῑό
139 1949 294 2034 ηκούσης.
332 1938 418 2030 παρ’
443 1949 522 2026 ύμῖν
538 1943 575 2008 ἀὲ
597 1947 638 2008 ἀν
662 1943 775 2022 όιεξίω
799 1948 856 2009 τόν
878 1954 938 2032 τῆς
961 1955 1068 2032 φυγῆς
1087 1948 1217 2028 χρόνον,
1242 1942 1299 2003 ούκ
1321 1937 1396 2002 0615-

140 2049 271 2132 ρεσθαί
288 2069 332 2129 με
355 2051 459 2134 φῆσαι
480 2069 549 2126 τις,
582 2045 670 2110 πολύ
701 2046 736 2110 όέ
764 2045 893 2128 μᾶλλον
922 2043 1201 2123 ἀλαζονεύεσθαι.
1246 2039 1396 2127 τελευτῆ-

143 2170 265 2226 σαντος
289 2149 324 2214 όί
348 2152 475 2214 ἐκείνου
504 2151 560 2214 καλ
588 2159 648 2236 τῆς
668 2147 858 2236 μεταβολῆς
879 2154 1059 2234 γενομένης
1081 2146 1196 2232 ἀνῄειν
1225 2147 1286 2224 μέν
1309 2145 1396 2227 πρός

139 2256 199 2316 τόν
227 2250 404 2335 βέλτιστον
427 2252 573 2338 Νέρβαν.
627 2253 694 2314 ύπό
720 2249 755 2314 όὲ
778 2255 880 2314 νόσου
899 2247 1051 2336 χαλεπῆς
1073 2247 1296 2327 κατασχεθεὶς
1319 2242 1397 2308 όλον

143 2358 270 2418 ἐκεῖνον
298 2349 494 2440 ἐζημιώθην
523 2357 582 2418 τόν
609 2357 742 2439 καιρόν,
772 2353 978 2439 ἀφαιρεθείς
1001 2345 1248 2436 αὐτοκράτορος
1278 2344 1396 2435 φιλαν-

91 2467 123 2519 20
144 2458 292 2541 θρώποο
315 2459 398 2537 κάμέ
422 2459 624 2540 ἀγαπῶντος
645 2459 702 2520 καί
718 2453 827 2519 πάλαι
844 2453 955 2542 φίλου.
993 2457 1049 2518 καλ
1064 2455 1176 2534 όμνύω
1192 2454 1271 2527 τούς
1293 2452 1397 2526 θεούς

145 2562 224 2641 ύμῖν
240 2563 404 2638 ἅπαντας,
428 2561 485 2623 ούκ
500 2550 558 2645 ἐφ’
578 2559 630 2636 οἷς
645 2562 686 2622 ἀν
709 2561 758 2634 είς
779 2561 923 2639 ἐμαυτόν
945 2561 964 2645 ῆ
981 2566 1048 2622 τῶν
1063 2560 1153 2638 έμῶν
1168 2577 1243 2619 τινα
1266 2551 1397 2636 ἔλαβον,

16 2677 134 2730 (εοεαε)
148 2664 207 2724 ούκ
222 2664 281 2727 έπλ
295 2665 431 2738 τούτοις
445 2664 600 2742 άχθομαι
616 2660 821 2747 διαμαρτών,
844 2654 922 2724 ἀλλ’
940 2655 1000 2746 ἀφ’
1019 2661 1071 2735 οίς
1085 2663 1162 2741 ύμῖν
1178 2660 1235 2720 καί
1251 2654 1397 2740 δημοσίᾳ

146 2763 187 2850 τῇ
211 2762 312 2828 πόλει
334 2769 521 2848 παρασχεῖν
536 2761 712 2848 έόυνάμην,
735 2765 859 2848 ταύτην
874 2765 937 2845 έγὼ
953 2759 1099 2845 μεγάλην
1115 2760 1254 2846 ἀριθμῶ
1270 2755 1397 2840 βλάβην

145 2869 202 2929 καί
224 2862 354 2952 ζημίαν.
400 2865 445 2928 ὥν
467 2868 529 2951 γάρ
553 2874 608 2928 νύν
632 2867 806 2946 ἐτύχομεν,
838 2866 913 2926 τότε
936 2860 1013 2949 ἐξῆν
1034 2870 1139 2925 ταῦτα
1162 2863 1249 2940 έχειν
1270 2861 1327 2922 καί
1348 2857 1395 2940 τῷ
1420 2863 1438 2927 3

94 2981 124 3034 25
148 2972 293 3053 παρόντι
326 2968 433 3053 καιρῷ
468 2971 555 3053 πρός
589 2972 706 3052 ἐτέρας
738 2966 926 3052 κεχρῆσθαι
963 2963 1100 3044 ἀωρεάς.
1162 2964 1239 3025 έπεί
1273 2953 1305 3023 δ’
1342 2959 1399 3022 οὖν

146 3069 275 3159 ὑπῆρξε
297 3073 391 3156 παρά
414 3075 534 3134 τούτου
559 3067 809 3156 φιλανθρωπία
831 3070 888 3131 καί
910 3065 1041 3154 σπουόῆ
1057 3069 1204 3150 τοσαύτη
1222 3065 1301 3148 περί
1315 3067 1401 3148 ῆμᾶς

147 3175 229 3259 όσηυ
251 3175 454 3237 ἐπίστανται
475 3177 537 3254 μὲν
553 3175 587 3234 οί
602 3175 861 3256 παρατυχόντες,
885 3172 948 3254 ίγάι
966 3168 1002 3232 δὲ
1018 3171 1059 3232 ἀν
1076 3167 1159 3251 λέγω
1176 3176 1241 3245 νῦν,
1267 3163 1400 3252 σφόάρα

149 3273 290 3362 λυπῆσω
313 3279 424 3351 τινάς·
448 3274 532 3351 ἴσως
555 3273 590 3337 ύέ
608 3272 683 3336 ούύὲ
702 3279 861 3360 φανεῖται
883 3275 1006 3348 πιστός
1029 3273 1048 3333 ό
1070 3268 1168 3354 λόγος
1185 3273 1224 3332 τό
1247 3267 1400 3355 τηλικαύ-

11 3391 209 3463 αοτεῐῐιτης
237 3388 336 3465 τιμῆς
364 3380 567 3460 τυγχάνοντα
597 3378 654 3438 καί
685 3376 869 3460 συνηθείας
898 3376 955 3436 καὶ
985 3371 1103 3458 φιλίας
1132 3375 1267 3434 ἅπαντα
1297 3377 1400 3433 ταῦτα

100 3494 129 3542 3ο
151 3483 252 3544 έᾶσαι
273 3483 330 3544 καλ
353 3479 520 3565 παριδεῖν,
544 3480 808 3565 ἐπιθυμήσαντα
837 3485 896 3563 τῆς
925 3477 1074 3538 ἐνταῦθα
1097 3483 1244 3560 ταραχῆς
1265 3475 1321 3536 καί
1343 3481 1401 3556 τῆς

148 3580 325 3663 ἀσχολίας,
357 3584 410 3645 ίνα
439 3580 543 3669 μηδὲν
573 3581 661 3644 εἴπω
692 3577 813 3642 πλέον·
843 3580 933 3658 ὅμως
957 3568 989 3639 (λ’
1023 3579 1072 3652 είς
1096 3575 1192 3639 ούόὲν
1215 3584 1281 3638 τῶν
1305 3572 1401 3637 λάίων

234 3889 250 3940 3
269 3881 380 3958 ὁμοίως
396 3881 469 3940 ΗΒΤ
572 3879 666 3939 ἐνίοτε
685 3885 859 3952 corruptum
884 3879 1002 3935 fortasse
1023 3875 1077 3932 fuit
1091 3869 1191 3935 ἀνιάτε
1208 3876 1227 3932 1.
1246 3890 1270 3932 ε.
1288 3869 1402 3949 άνύράν

149 3971 217 4033 πειά
234 3993 268 4032 τε
341 3974 423 4029 ’ίιιαί
441 3963 594 4044 πρὸσόντα
611 3961 688 4026 κακὰ
708 3966 763 4023 ΒΜ
783 3968 889 4038 καίπερ
908 3960 981 4023 ὄντα
1001 3984 1040 4053 μμ
1063 3957 1140 4021 κακὰ
1162 3961 1190 4018 U
1206 3963 1313 4037 καίπερ
1332 3956 1404 4020 ὄντα

147 4073 242 4136 κακὸν
257 4075 289 4143 Τ,
308 4070 344 4135 τὰ
362 4075 423 4131 add.
437 4074 517 4143 Emp.
575 4074 660 4129 8νῦν
678 4086 729 4126 σαι
743 4069 773 4122 Μ
830 4065 955 4143 γράψειν
972 4069 1091 4124 (λολιελιιε
1113 4062 1264 4133 (Romaiu),
1281 4053 1405 4140 γράφειν

148 4163 213 4219 libri
265 4165 297 4216 10
315 4159 485 4230 κρίττονιΜ
539 4163 568 4212 11
589 4161 625 4230 τῇ
642 4156 704 4212 add.
718 4156 820 4213 Reiske
873 4159 906 4210 14
923 4149 1093 4225 γινώσκεται
1110 4148 1159 4204 UT
1214 4153 1244 4204 15
1262 4154 1312 4222 τῆς
1329 4170 1406 4225 προς

149 4243 224 4321 ἡμᾶς
245 4245 295 4304 UT
319 4249 370 4316 τῆς
391 4239 467 4319 πρὸς
489 4237 562 4312 ὑμᾶς
579 4243 603 4298 Β
711 4246 740 4296 λύ
764 4246 876 4313 μᾶλλον
898 4235 973 4297 πολὺ
991 4239 1053 4307 (hoc
1070 4235 1144 4302 ord.,
1162 4249 1214 4289 om.
1232 4234 1271 4301 όὲ)
1290 4235 1320 4288 Μ

152 4339 183 4390 Π
202 4326 283 4404 άνῆει
300 4331 331 4388 Μ
401 4333 433 4386 18
451 4325 504 4390 τὸν
521 4328 615 4385 om.B
681 4330 713 4381 2³
731 4321 841 4402 βλάβην
857 4333 884 4399 ίη
901 4341 920 4381 ο
937 4322 1060 4390 corr.)U
1112 4324 1144 4376 25
1162 4325 1305 4395 κεχρῆσθε
1323 4322 1355 4378 Μ

151 4424 185 4476 26
202 4413 321 4490 τοιαύτη
337 4417 408 4484 libri,
427 4431 498 4472 σοπ.
518 4414 596 4483 Emp.
650 4415 682 4466 27
700 4412 754 4482 μὲν
771 4411 800 4470 ολ
817 4413 905 4482 Μωμ,
922 4407 1009 4481 μόνοι
1027 4407 1055 4467 οἱ
1071 4407 1134 4465 libri
1191 4411 1223 4462 28
1241 4403 1306 4466 τινὰ
1324 4406 1354 4461 Μ

150 4501 300 4562 όέοαι.Μ
369 4503 410 4578 τῷ
428 4517 477 4572 pro
496 4495 530 4558 τὸ
550 4498 599 4556 TU
617 4514 644 4553 m
674 4513 728 4555 εει.
