3526 5264
335 356 396 416 176
773 357 898 415 1³10le
916 357 966 412 DE
983 357 1149 414 VIRTUTE

332 553 411 608 τους
435 537 594 614 παρέχειν
618 539 709 618 σφᾶς
732 533 873 608 αότούς;
896 533 917 593 ἀ
941 529 976 594 δέ
993 535 1206 616 πράττοντας
1222 530 1318 596 οὐδὲν
1334 534 1457 609 αότούς
1470 531 1593 596 κωλύει

333 641 442 710 κακῶς
456 635 513 696 καὶ
529 630 663 709 ἀθλίως
678 629 745 720 ζῆν,
768 641 884 697 πᾶσαν
899 635 1027 696 τούτων
1043 631 1242 714 ἐπιμέλειαν
1258 644 1439 698 ποιοῦνται
1447 657 1459 712 ;
1480 637 1593 699 καίτοι

335 738 413 799 ἀνευ
435 738 496 816 μὲν
520 733 671 820 αὐλητῶν
693 738 749 799 καὶ
770 737 983 820 κιθαριστῶν
1004 739 1061 799 καί
1084 739 1298 816 σκυτοτόμων
1326 740 1383 800 καὶ
1413 734 1591 820 παιδοτρι·

332 839 402 920 βῶν
424 840 480 901 καί
502 840 654 923 ρητόρων
675 840 732 901 καὶ
755 839 879 921 ἰατρῶν
903 839 961 900 οὐκ
983 835 1149 900 ἀδόνατον
1164 840 1368 921 ἀνθρώποις
1382 841 1479 921 βιοῦν
1502 844 1591 904 πάνυ

332 938 442 1016 καλῶς
457 942 514 1003 καὶ
528 942 689 1021 νομίμως,
713 939 811 1021 οἶμαι
826 932 859 1002 δ’
884 942 948 1023 ἐγὼ
970 942 1026 1003 κα1
1046 938 1125 1021 δίχα
1140 949 1295 1026 γεωργῶν
1309 944 1366 1004 καί
1381 940 1588 1024 οἰκοδόμων·
1611 960 1626 1006 ε

293 1046 313 1109 6
336 1044 470 1106 Σκόθαι
492 1051 570 1125 γοῦν
594 1041 690 1105 οὐδὲν
711 1040 899 1106 κωλύονται
923 1045 957 1105 ol
979 1039 1124 1123 νομάδες
1138 1045 1222 1129 μήτε
1238 1044 1348 1118 οίκίας
1363 1047 1494 1124 ἔχοντες
1509 1048 1593 1131 μήτε

339 1155 399 1232 γῆν
424 1146 661 1231 σπείροντεςῆ
687 1148 887 1232 φυτεύοντες
910 1143 1050 1221 δικαίως
1070 1147 1127 1208 καὶ
1155 1146 1240 1207 κατὰ
1267 1149 1391 1226 νόμους
1419 1145 1594 1210 πολιτεύε-

338 1248 441 1309 σθαι·
465 1249 543 1310 ἀνευ
563 1243 599 1309 δὲ
615 1250 719 1327 νόμου
734 1250 790 1310 καί
806 1244 937 1311 δικαίου
953 1250 997 1333 μὴ
1014 1254 1123 1322 κακῶς
1139 1242 1195 1332 ζῆν
1211 1248 1420 1331 ἀνθρώπους
1433 1252 1490 1312 καί
1505 1247 1593 1311 πολι)
1608 1265 1657 1316 161)
1671 1265 1702 1317 111

335 1356 402 1412 τῶν
414 1350 548 1434 θηρίων
561 1351 731 1434 ὠμότερον
743 1351 781 1412 οὐ
794 1347 944 1412 δυνατόν.
970 1351 1022 1412 έτι
1035 1341 1067 1411 δ’
1082 1352 1169 1411 όπου
1181 1352 1242 1428 μὲν
1256 1348 1381 1434 φαῦλοι
1395 1355 1596 1432 σκυτοτόμοι

336 1453 404 1514 είσλ
431 1453 487 1513 καὶ
507 1454 650 1537 γεωργοί
671 1454 727 1514 καί
757 1449 946 1532 οἰκοδόμοι,
976 1450 1073 1514 οὐδέν
1101 1453 1174 1514 ἐκεῖ
1199 1448 1256 1514 διά
1285 1460 1384 1514 τοῦτο
1415 1454 1591 1533 συμβαίνει
1616 1467 1644 1518 11)

335 1551 500 1632 χαλεπόν,
529 1550 614 1616 ἀλλά
642 1556 684 1616 τά
707 1550 940 1640 ὑποδήματαἸ
967 1556 1024 1617 καὶ
1052 1555 1155 1636 πυροί
1182 1551 1344 1629 ἐλάττους
1371 1557 1428 1618 κοί
1454 1557 1592 1638 κριθαί·

336 1659 423 1718 ὅπου
447 1653 483 1718 δὲ
506 1658 665 1737 ἄρχοντες
684 1659 818 1741 χείρους
839 1660 896 1721 καί
925 1655 1082 1720 δικασταί
1109 1659 1166 1720 καί
1196 1661 1311 1736 νόμοι,
1340 1657 1382 1718 τδ
1411 1660 1593 1742 πράγματα
1608 1675 1727 1727 (amm

334 1761 450 1821 κάκιον
473 1760 541 1838 ἔχει
562 1765 630 1820 τῶν
653 1760 849 1842 ἀνθρώπων
871 1761 1006 1823 ἐκείνων
1027 1761 1085 1821 καί
1107 1761 1126 1820 ό
1148 1760 1224 1839 βίος
1254 1756 1514 1844 δυστυχέστερος
1534 1764 1593 1823 καί
1744 1755 1749 1775 “

337 1863 475 1936 στάσεις
503 1862 559 1923 καί
589 1858 719 1923 ἀδικίαι
747 1863 805 1923 καί
832 1863 946 1944 ὕβρεις
974 1863 1030 1924 καὶ
1053 1862 1193 1942 ἀσέβεια
1218 1857 1326 1947 πολλὴ
1359 1863 1481 1947 φύεται
1504 1857 1590 1949 παρ’

296 1963 314 2024 7
339 1963 463 2037 αὐτοῖς.
514 1964 565 2024 ότι
595 1959 630 2026 δὲ
664 1966 869 2043 σκυτοτόμον
897 1965 958 2043 μὲν
982 1964 1082 2025 αὐτόν
1112 1965 1170 2024 οάκ
1198 1965 1278 2026 όντα
1309 1959 1479 2028 λυσιτελεῖ
1503 1960 1588 2052 παρ’
1614 1977 1643 2028 11

338 2061 441 2126 ἀλλου
465 2065 642 2147 πρίασθαι
656 2061 870 2150 ὑποδήματα,
892 2067 949 2128 καί
965 2063 1156 2146 οίκοδομεῖν
1173 2067 1231 2127 οὐκ
1246 2067 1474 2146 ἐπιστάμενον
1492 2067 1594 2133 ἄλλον

336 2169 396 2229 ἐπί
424 2169 531 2249 τούτῳ
561 2168 833 2248 μισθώσασθαι,
863 2170 919 2230 καί
940 2171 1086 2250 γεωργὸν
1114 2171 1159 2254 μὴ
1184 2171 1264 2231 όντα
1295 2173 1390 2231 σῖτον
1420 2172 1594 2253 πρίασθαι

335 2271 392 2332 καί
415 2272 560 2354 όσπρια·
584 2267 701 2333 ἀδικον
725 2267 760 2332 δὲ
784 2272 885 2333 αὐτόν
908 2273 987 2333 όντα
1010 2272 1049 2332 οὐ
1073 2267 1244 2333 λυσιτελεῖ
1254 2277 1321 2332 τῶν
1344 2267 1484 2334 δικαίων
1507 2270 1592 2354 παρ’

337 2369 441 2434 ἀλλου
471 2375 644 2454 τυγχάνειν
668 2371 743 2435 οὐδὲ
767 2375 901 2458 ἄφρονα
924 2375 980 2434 καὶ
1002 2373 1185 2454 ἀγνοοῦντα
1210 2373 1231 2433 ἀ
1254 2370 1311 2435 δεῖ
1335 2378 1449 2435 ποιεῖν
1470 2375 1527 2436 καί
1549 2373 1595 2435 ὧν

338 2474 548 2553 ἀπέχεσθαι,
577 2475 662 2553 μετὰ
692 2481 769 2536 νοῦν
791 2466 850 2558 ἀφ’
877 2476 1006 2554 ἑκάστω
1030 2475 1117 2556 πρὸς
1139 2475 1253 2555 ἕτερον
1276 2475 1373 2536 ίέναι.
1420 2477 1506 2554 πρὸς
1528 2476 1590 2560 γάρ
1614 2491 1644 2542 1ο

336 2579 410 2650 τοῖς
432 2572 550 2650 ἄλλοις
572 2576 591 2635 δ
612 2577 673 2655 μὲν
702 2576 860 2658 ἀργυρίου
885 2571 1042 2654 δεόμενος
1064 2575 1083 2659 ἢ
1109 2575 1251 2653 ἱματίων
1273 2575 1292 2658 ἢ
1318 2576 1427 2650 οἰκίας
1448 2577 1468 2660 ἢ
1492 2574 1595 2640 ἄλλου

336 2697 396 2740 του
419 2678 604 2739 ἐπίσταταί
624 2697 660 2738 τε
682 2678 738 2738 καί
761 2671 856 2760 ζητεῖ
875 2677 968 2757 παρὰ
998 2682 1065 2737 τῶν
1088 2677 1232 2754 ἐχόντων
1255 2673 1386 2755 λαβεῖν·
1418 2679 1437 2739 ό
1460 2675 1495 2739 δέ
1519 2687 1596 2740 νοῦν

340 2780 398 2841 οάκ
421 2779 504 2858 έχων
528 2775 605 2841 οὐδὲ
621 2779 702 2840 αὐτὸ
720 2785 820 2840 τοῦτο
835 2779 1020 2839 ἐπίσταται
1034 2779 1088 2839 ότι
1104 2777 1162 2838 οὐκ
1184 2777 1252 2855 ἔχει
1275 2785 1369 2839 νοῦν·
1393 2770 1469 2839 ἀλλ’
1495 2780 1596 2854 αὐτός

340 2898 445 2966 φησιν
468 2881 582 2956 ίκανδς
604 2880 693 2944 εἶναι
713 2883 770 2943 καί
799 2875 1003 2963 ἰσχυρίζεται
1031 2874 1109 2964 <τῇ>
1130 2881 1322 2964 ἀφροσύνῃ,
1352 2883 1465 2943 πάντα
1489 2885 1596 2964 πράτ·

338 3004 406 3045 των
426 2985 483 3045 καί
507 2979 609 3064 λέγων
631 2984 806 3068 ἀφρόνως,
832 2984 889 3044 καί
912 2982 952 3044 οδ
975 2998 1079 3067 φησιν
1101 2979 1219 3057 ἀδικος
1240 2980 1328 3044 εἶναι
1352 2979 1428 3044 οὐδὲ
1451 2984 1595 3068 ἀνόητος
1617 3002 1649 3053 νο

339 3082 417 3148 οὐδὲ
446 3083 649 3161 ἀκόλαστος,
679 3076 754 3147 ἀλλ’
779 3087 826 3160 ὡς
855 3084 928 3147 οἷόν
958 3105 994 3146 τε
1025 3087 1147 3159 ίκανῶς
1177 3087 1256 3168 περὶ
1284 3092 1389 3146 ταῦτα
1419 3085 1522 3164 ἔχειν,
1552 3084 1598 3146 ὠν

341 3185 500 3267 οόδεμίαν
524 3189 666 3250 πώποτε
691 3184 893 3268 Ιἐπιμέλειαν
922 3189 1111 3272 ἐποιήσατο
1143 3183 1219 3249 οὐδὲ
1250 3187 1380 3267 έμαθεν
1404 3182 1500 3248 οὐδὲν
1523 3189 1597 3248 τοδ-

299 3291 319 3355 8
341 3310 408 3351 των
431 3291 547 3352 ἕνεκεν.
586 3286 662 3352 οὐδὲ
678 3290 740 3373 γάρ
764 3291 954 3374 ἐπιστήμην
970 3287 1057 3350 εἶναι
1072 3283 1258 3367 νομίζουσι,
1280 3279 1365 3349 καθ’
1391 3289 1430 3373 ῆν
1447 3287 1597 3350 εἴσονται

339 3393 374 3453 τί
396 3396 563 3474 πρακτέον
587 3393 703 3466 αὐτοῖς
724 3394 743 3477 ἠ
767 3394 802 3453 τί
822 3396 867 3478 μή
892 3396 1059 3476 πρακτέον
1081 3392 1137 3453 καὶ
1161 3398 1236 3466 πῶς
1258 3392 1443 3472 βιώσονται
1461 3391 1596 3475 ὀρθῶς·

340 3491 425 3556 ἀλλὰ
447 3495 526 3569 τοὺς
549 3497 671 3575 νόμους
695 3486 811 3570 αὐτοῖς
834 3495 969 3570 ίκανοδς
991 3492 1080 3556 εἶναι
1109 3496 1196 3578 πρὸς
1224 3501 1324 3555 τοῦτο
1355 3494 1434 3567 τούς
1456 3511 1596 3576 γεγραμ-
1618 3484 1738 3586 ῶωῇβ

427 3755 564 3828 Ιαῢτοίις
580 3760 607 3815 Η
692 3757 852 3818 κωλύειυΡ
945 3758 1077 3829 1ζετνΡ
1181 3752 1405 3831 9ἀνομιότεραν
1423 3757 1501 3812 ΜΡΗ
1519 3751 1596 3829 ω’μό-

341 3867 428 3920 τερον
445 3846 494 3901 UB
564 3837 608 3903 ὅτι
627 3840 655 3902 δ’
674 3837 750 3904 ὅπου
767 3845 791 3901 U
869 3851 897 3901 11
916 3845 1007 3916 χείρω
1025 3850 1088 3912 post
1104 3837 1272 3913 ὑποδήματα
1291 3843 1437 3914 supplebat
1453 3841 1596 3909 Reiskius3

342 3933 422 4000 plura
444 3931 589 3996 excidisse,
612 3945 682 4001 quae
704 3931 762 3986 voci
781 3925 933 4000 οἰκοδόμοι
950 3927 1158 3997 responderent,
1183 3926 1252 3982 vidit
1268 3927 1348 3996 Emp.
1444 3932 1474 3983 13
1494 3922 1510 3985 ὁ
1529 3929 1597 3999 βίος

342 4013 408 4073 &M
478 4021 511 4070 14
528 4018 659 4087 φαίνεται
677 4031 726 4084 pro
743 4011 886 4086 φύεταιῦ
958 4017 988 4067 16
1006 4015 1146 4083 πριάσθαι
1164 4010 1212 4066 UB
1303 4016 1332 4065 11
1351 4008 1596 4081 μισθώοεοθαιΒ

341 4096 548 4170 θανμάσασθαι
567 4101 588 4154 Ρ
605 4105 750 4170 (ουροοοοτ.
768 4120 814 4171 γρ.
832 4094 1049 4167 μισθώσασθαι)
1101 4095 1286 4167 πριάσθαιΰ
1339 4100 1371 4151 18
1394 4091 1428 4153 οά
1447 4113 1499 4152 om.
1524 4096 1597 4151 BPH

341 4187 380 4252 (in
392 4187 445 4242 hoc
458 4202 475 4241 a
488 4201 557 4242 corr.
568 4187 667 4250 οδεεε.)
738 4189 770 4240 10
788 4180 861 4254 μετὰ
874 4187 943 4241 ναῦν
953 4182 1060 4252 scripsi,
1076 4184 1276 4251 μετανοοῦνια
1287 4181 1350 4236 libri
1418 4185 1450 4235 11
1468 4183 1517 4238 καὶ
1534 4185 1599 4235 ante

341 4271 493 4332 ἐπίσταται
501 4270 562 4326 αδδ.
572 4270 624 4324 ΜΡ
667 4268 818 4328 ἐπίσταται
831 4263 848 4326 δ
860 4271 908 4325 καὶ
920 4271 998 4339 ζητεῖ
1006 4267 1054 4324 UB
1066 4265 1218 4324 ἐπίσταται
1229 4269 1278 4322 καὶ
1291 4257 1308 4322 ἀ
1321 4267 1400 4336 ζητεῖ
1410 4265 1440 4320 Μ
1486 4269 1518 4318 13
1532 4257 1596 4321 ἀλλ’

342 4353 430 4425 αὐτός
449 4358 469 4412 Ρ
488 4357 577 4414 τάλλα
595 4355 624 4412 δὲ
643 4347 731 4420 αὐτός
748 4353 828 4412 UBM
844 4346 911 4411 ἀλλ’
930 4347 1046 4427 αὖτῴΗ
1098 4355 1131 4405 14
1149 4355 1184 4421 τῇ
1201 4350 1263 4406 αδδ.
1277 4350 1357 4420 Emp.
1409 4354 1441 4404 19
1459 4350 1489 4406 τί
1505 4368 1597 4420 πρακ-

343 4443 410 4501 τέον
429 4443 476 4498 PH
494 4438 528 4500 τὸ
547 4441 693 4515 πρακτέον
712 4440 734 4495 U
753 4457 787 4495 m.
807 4455 848 4509 pr.
862 4438 914 4494 ΒΜ
926 4437 1262 4511 υι.ρ1.(ιιρακταῑον11)
1313 4431 1333 4508 ἢ
1348 4437 1379 4492 τί
1394 4435 1433 4508 μὴ
1451 4433 1598 4508 πρακτέον

341 4545 395 4584 om.
414 4527 442 4582 M
462 4528 560 4596 (suppl.
579 4529 606 4581 in
623 4531 699 4595 ους.)
774 4520 966 4598 βιάσονταιΡ
1056 4529 1088 4578 31)
1105 4514 1210 4588 αὐτοὺς
1228 4521 1307 4578 UBM
