3466 5268
621 347 759 404 ORATIO
776 347 875 406 xmv.

6 747 110 795 mn)
160 738 234 811 127)
266 733 762 819 ΦΙΛΟΦΡΟΝΗΤΙΚΟΣ
791 739 936 821 ΠΡΟΣ
967 741 1087 822 ΤΗΝ
1116 744 1360 842 ΠΑΤΡΙΔΑ

330 836 787 920 ΕΙΣΗΓΟΥΜΕΝΗΝ
812 841 985 924 ΑΥΤΩΙ
1008 843 1195 928 ΤΙΜΑΣ.

207 1105 309 1193 Ἐμοί,
332 1112 358 1175 ὥ
382 1109 501 1195 άνύρες
524 1111 682 1192 πολῖται,
713 1117 788 1179 σύτε
811 1119 894 1197 ύψις
916 1115 1020 1201 ήύῖων
1043 1121 1117 1184 ἐστὶ
1137 1130 1197 1208 τῆς
1219 1125 1381 1208 ὑμετέρας
1405 1127 1419 1188 1

127 1215 203 1278 ούτε
233 1219 328 1302 φωνὴ
359 1213 636 1302 προσφιλεστέρα
667 1218 743 1282 ούτε
772 1222 869 1300 τιμαὶ
895 1216 1030 1300 μείζους
1060 1230 1127 1286 τών
1154 1222 1281 1287 ένθάύε
1308 1227 1383 1288 ούτε

126 1321 269 1393 ἔπαινος
292 1316 526 1403 λαμπρότερος
547 1321 567 1404 ἢ
592 1321 611 1381 ά
632 1310 718 1405 παρ’
743 1323 851 1402 ὑμῶν·
883 1315 958 1384 οάύ’
984 1325 1025 1386 ἂν
1048 1321 1240 1404 ξύμπαντες
1263 1329 1297 1388 οἱ
1311 1319 1383 1389 Ἕλ-

129 1419 233 1506 ληνες,
258 1424 344 1506 πρὸς
367 1418 403 1483 δέ
420 1422 537 1496 αὐτοῖς
553 1423 572 1483 ά
590 1413 762 1503 Ῥωμαίων
786 1422 892 1511 δῆμος
914 1427 972 1506 ἐμὲ
989 1423 1196 1508 θαυμάζωσι
1213 1431 1270 1492 καλ
1284 1431 1383 1492 ἐπαι-

94 1531 244 1601 ένῶσιν,
267 1525 325 1586 σύν
347 1525 388 1586 ἂν
412 1526 519 1601 οὕτως
541 1533 640 1588 τούτο
664 1527 831 1612 εύφράναι
854 1531 913 1613 τὴν
936 1531 1019 1615 ἐμὴν
1043 1527 1208 1594 διάνοιαν.
1252 1529 1299 1612 τῴ
1322 1532 1385 1616 γάρ

126 1629 198 1689 ύντι
222 1624 331 1688 πολλὰ
357 1628 449 1713 σοφά
471 1629 528 1691 καλ
550 1630 633 1692 θεῖα
657 1631 797 1715 εἰρηκώς
811 1622 961 1716 Ὅμηρος
984 1629 1080 1695 σύύέν
1099 1637 1295 1719 σοφώτερον
1318 1635 1383 1720 ἔφη

126 1733 246 1792 τούτου
261 1737 322 1792 τοῦ
342 1731 449 1805 ἔπους
465 1728 541 1793 ούύὲ
558 1729 790 1817 ἀληθέστερον
804 1735 863 1810 ,ὣς
880 1731 976 1797 οὐδέν
991 1733 1125 1817 γλύκιον
1141 1736 1181 1822 ἦς
1197 1733 1385 1820 πατρίδος]

127 1831 165 1893 εὖ
183 1837 300 1912 μέντοι
321 1833 517 1896 έπλστασθε
540 1837 593 1896 άτι
616 1835 677 1910 τάς
698 1836 800 1914 τιμάς
816 1836 880 1916 ἔχω
897 1839 1022 1914 πάσας,
1046 1841 1102 1901 καὶ
1116 1840 1200 1914 ὅσας
1215 1847 1271 1900 νῦν
1287 1841 1377 1923 εῖσρ-
1402 1841 1420 1899 2

125 1933 245 2016 γεῖσθε
267 1935 323 1997 καὶ
345 1935 380 1997 εἴ
397 1956 488 2011 τινες
510 1933 612 1998 ἄλλαι
634 1938 738 2014 ελσῖν,
769 1939 804 1998 ἐν
833 1945 874 2021 τῇ
903 1939 1047 2023 ὑμετέρᾳ
1070 1941 1184 2023 εὐνοίᾳ
1206 1942 1262 2002 καλ
1285 1937 1385 2024 φιλίᾳ

6 2019 68 2101 λειω
78 2049 107 2100 10
127 2035 185 2097 καλ
207 2033 342 2111 ούὸενὸς
364 2034 467 2100 άλλου
493 2041 556 2122 έγώ
583 2036 713 2118 δέομαι.
765 2046 865 2101 τούτο
888 2041 950 2122 γάρ
980 2042 1155 2125 ἀνθρώπῳ
1181 2044 1386 2104 ἱκανώτατον

133 2139 287 2215 ἐπιεικεῖ
310 2142 349 2201 τύ
365 2139 570 2222 ἀγαπᾶσθαι
585 2142 652 2202 ὑπὸ
669 2147 736 2202 τῶν
760 2142 863 2202 αὑτοῦ
884 2137 1046 2218 πολιτῶν,
1068 2143 1125 2204 καὶ
1147 2143 1280 2206 ύτσύτο
1303 2144 1386 2222 ἔχων

130 2241 165 2300 τῖ
187 2241 227 2301 ἂν
250 2241 301 2303 ἔτι
324 2239 530 2326 προσδέοιτο
559 2243 696 2304 εἰκόνων
724 2243 744 2328 ἢ
773 2245 993 2327 κηρυγμάτων
1019 2245 1039 2328 ἢ
1070 2241 1279 2329 πραεύριών,·
1307 2238 1384 2305 ἀλλ’

131 2340 208 2405 ούδέ
241 2351 394 2428 ,χρυσοῦς
428 2337 657 2431 σφυρήλατος’
694 2347 874 2426 ἱστάμενος
914 2346 950 2409 ἐν
984 2351 1057 2422 τοῖς
1097 2347 1386 2432 ἐπιφανεστάτοις
1472 2423 1475 2428 1

6 2465 33 2506 σε
53 2463 73 2504 ε
87 2462 118 2510 ιι)
134 2447 248 2530 ἱεροῖς.
286 2447 321 2508 έν
335 2448 397 2530 γάρ
414 2450 504 2533 ῥῆμα
521 2445 680 2523 πλείονος
701 2445 797 2525 άξιον
821 2439 886 2508 ἀπ’
912 2437 1046 2524 εὐνοίας
1068 2449 1177 2535 ῥηθέν
1190 2449 1247 2511 καὶ
1270 2444 1389 2533 φιλίας

89 2551 157 2634 1ᾰὴ
189 2551 227 2611 τὸ
257 2546 391 2629 ξύμπαν
420 2552 455 2611 ἐν
484 2550 687 2634 ἀνθρώποις
712 2551 851 2634 χρυσέαν
879 2553 936 2614 καλ
965 2556 1130 2637 στέφανοι
1151 2554 1207 2615 καλ
1228 2552 1269 2614 τύ
1292 2547 1388 2629 ἄλλα,

134 2655 197 2714 ὅσα
222 2649 317 2714 δοκεῖ
336 2649 491 2738 λαμπρά·
516 2654 601 2714 ὥστε
624 2673 685 2732 μοι
701 2654 907 2734 πειθόμενοι
923 2655 1011 2715 οὕτω
1035 2659 1176 2718 ποιεῖτε.
1215 2655 1246 2716 εἰ
1262 2652 1297 2716 δέ
1320 2656 1386 2737 άρα
1410 2656 1429 2719 3

132 2756 189 2816 καλ
210 2757 370 2830 τοιαύτας
392 2756 487 2829 τινάς
510 2751 566 2819 δεῖ
582 2776 625 2835 με
646 2756 748 2834 τιμάς
770 2757 866 2834 ἔχειν,
891 2752 1019 2818 πολλαί
1039 2775 1100 2836 μοι
1121 2759 1177 2819 καὶ
1199 2753 1300 2818 άλλαι
1322 2756 1390 2817 εῖσλ

133 2849 218 2940 παρ’
243 2859 331 2937 ύμῖν,
355 2860 537 2937 τοῦτομὲν
560 2859 597 2919 αἱ
619 2865 681 2919 τού
701 2861 832 2940 πατρὸς
855 2865 917 2920 τοῦ
937 2860 1030 2938 ἐμοῦ,
1054 2860 1152 2933 ὅσαις
1174 2860 1300 2920 ἐκεῖνον
1322 2858 1389 2919 έτι-

130 2961 270 3045 μήσατε,
294 2962 340 3036 ὡς
356 2957 461 3045 ἄνδρα
486 2961 621 3041 ἀγαθὸν
636 2961 692 3023 καλ
707 2963 788 3023 ὅσον
811 2956 865 3046 έζη
887 2964 1008 3046 χρόνον
1032 2957 1173 3036 ύικαῖως
1188 2964 1389 3043 προεστῶτα

85 3074 115 3126 20
136 3060 238 3150 τῆσδε
260 3071 318 3150 τῆς
342 3059 490 3139 πόλεως,
514 3069 613 3124 τοῦτο
638 3060 673 3125 δὲ
696 3071 756 3148 τῆς
776 3067 921 3148 μητρός,
943 3064 983 3149 ἦς
1005 3063 1100 3143 ὑμεῖς
1124 3059 1313 3148 ἱδρύσασθε
1335 3061 1392 3122 καλ

134 3163 266 3248 άγαλμα
288 3168 345 3228 καὶ
369 3167 475 3250 ἱερόν,
505 3173 604 3227 τοῦτο
635 3163 671 3227 δέ
702 3167 738 3227 αἱ
765 3173 833 3228 τῶν
865 3169 1022 3228 πάππων
1050 3165 1107 3227 καλ
1130 3166 1254 3226 αἰτῶν
1277 3159 1431 3225 ἅλλωνΑ

135 3270 325 3352 προγόνων,
349 3269 401 3330 ἔτι
424 3265 460 3329 d&
484 3269 611 3329 αἰτῶν
634 3263 792 3353 άύελφῶν
813 3270 870 3330 καλ
892 3274 959 3330 τῶν
981 3262 1092 3328 άλλων
1117 3273 1291 3348 συγγενῶν.
1335 3265 1392 3328 καλ
1438 3325 1440 3330 .

133 3371 196 3453 γάρ
220 3367 422 3454 ἀνδριάντας
452 3367 604 3446 πολλούς
632 3371 688 3432 καλ
715 3372 829 3456 ταφάς
852 3368 1018 3454 ύημοσῖας
1039 3369 1096 3430 καλ
1118 3369 1250 3450 ἀγῶνας
1272 3369 1391 3428 ἐπιτα-

137 3473 238 3559 φῖσυς
266 3475 323 3536 καὶ
351 3470 436 3535 ἄλλα
466 3469 577 3534 πολλὰ
607 3475 663 3535 καὶ
692 3474 803 3552 τίμια,
831 3466 889 3552 (ά)
916 3473 1057 3546 ἐκείνοις
1086 3471 1181 3554 παρά
1209 3466 1311 3554 τῆσδε
1334 3475 1393 3552 τῆς

91 3587 120 3638 25
143 3571 277 3650 πόλεως
299 3579 430 3659 γέγονεν
437 3623 446 3653 ,
476 3569 548 3659 [ὧν]
573 3567 709 3649 οὐδενὸς
731 3575 795 3656 ἐγώ
818 3569 1060 3656 ἐπιλέλησμαι,
1091 3569 1176 3634 ἀλλά
1205 3571 1394 3648 ἐπίσταμαι

139 3681 250 3740 πάντα
275 3679 321 3752 ὡς
344 3677 475 3740 οἷόντε
497 3675 663 3758 μάλιστα,
691 3678 748 3738 καλ
776 3673 874 3754 οἶμαι
904 3675 965 3748 τάς
995 3674 1081 3755 ὑπὲρ
1104 3675 1232 3735 τούτων
1251 3673 1394 3754 χάριτας

227 3933 238 3982 1
259 3925 335 4001 ὅψης
350 3927 381 3983 Μ
460 3933 473 3982 ῖ
493 3931 626 4001 γλυκεῖαν
643 3926 672 3980 Μ
692 3925 727 3980 οἱ
745 3923 796 3980 Od.
813 3925 874 3990 9,³4
961 3926 976 3976 8
994 3918 1171 3978 ἐπίστασθαι
1188 3916 1217 3970 Μ
1234 3913 1393 3973 ἐπίστασθε

137 4021 162 4085 (ε
180 4032 198 4071 Α
215 4020 296 4082 corr.)
313 4013 337 4068 U
407 4010 582 4087 εἰσηγεῖσθαι
598 4011 629 4066 Μ
701 4015 728 4065 ΙΙ
750 4000 839 4066 αὐτοῦ
856 4005 904 4062 UT
977 4009 1007 4060 12
1025 3998 1093 4063 ἄλλ’
1111 3995 1177 4060 οὐδὲ
1196 4031 1226 4041 -
1248 4006 1277 4057 14
1296 3999 1392 4069 ἱεροῖς.

137 4119 202 4158 num
224 4102 284 4171 ipso
300 4099 353 4156 Dio
374 4099 464 4169 ollipni
486 4111 550 4154 αισι
574 4099 635 4152 est?
662 4110 698 4152 an
721 4097 844 4164 praestat
866 4098 929 4146 ante
951 4083 1018 4149 ἄλλ’
1043 4082 1109 4147 οὐδὲ
1126 4103 1149 4143 ε.
1169 4103 1194 4156 q.
1213 4101 1235 4142 ι.
1253 4086 1393 4155 supplere:

139 4185 279 4263 οὐδὲγὰρ
296 4187 385 4244 πλέον
402 4181 439 4244 άν
456 4179 517 4256 ἔχοι
536 4175 619 4241 οὐδὲν
636 4172 696 4239 άπὸ
715 4171 827 4237 τούτων
898 4181 929 4232 13
945 4179 1070 4248 χρυσοῖς
1088 4175 1110 4228 Β
1127 4174 1237 4246 χρυσοῦ
1251 4169 1334 4226 ceteri

138 4276 319 4350 σφυρήλατος
341 4271 372 4328 Μ
477 4272 603 4342 χρυσοῦς
627 4262 809 4340 σφυρήλατος
833 4279 867 4319 αι
891 4261 1095 4333 emendorum
1119 4259 1312 4329 epigrammate
1381 4332 1388 4354 ι

141 4367 172 4418 19
190 4357 282 4432 mm
386 4361 419 4412 20
440 4349 652 4429 ύάρύσασθεΒ
756 4353 786 4405 21
808 4341 904 4406 αὐταῖν
920 4361 971 4416 pro
996 4343 1025 4403 αὶ
1043 4343 1143 4402 τάνΒ
1246 4344 1280 4396 24
1300 4340 1393 4396 πολλα

139 4448 220 4516 τίμια
239 4443 286 4502 UT
356 4435 374 4501 ά
393 4439 495 4507 ιᾱύίάί,
513 4443 626 4510 propter
643 4437 721 4492 cuius
737 4436 871 4490 iacturam
889 4421 932 4488 ύν
948 4431 1139 4502 interpolatum
1157 4432 1217 4484 ortt
1267 4428 1300 4480 26
1316 4425 1397 4481 καίσ-

138 4553 191 4602 μαι
208 4529 238 4585 Μ
306 4523 379 4601 ὑπὲρ
396 4522 502 4585 τούτου
520 4523 595 4580 ΟΒΤ
1209 4597 1245 4652 5*
