3526 5264
650 383 786 441 ORATIO
803 383 928 444 LXXIV.
1357 389 1417 450 201

159 558 286 638 δμοίως
314 557 350 620 έν
378 554 427 640 τῷ
456 558 519 640 βίῳ
551 555 608 621 δεῖ
631 560 691 645 την
721 561 886 645 φρόνησιν
914 562 971 624 καί
999 556 1059 648 τὴν
1082 564 1272 650 ἐπιστήμην
1295 566 1420 649 προβε-

57 671 107 724 (su
120 669 151 723 11)
160 656 346 745 βλημένους
375 661 432 723 καί
457 657 698 745 καλυφθέντας
726 662 810 748 αύτῇ
840 663 975 748 φεύγειν
1002 666 1059 728 καί
1093 663 1332 751 φυλάττεσθαι
1359 662 1420 755 τὴν

157 769 225 825 τῶν
255 763 454 846 ἀνθρώπων
480 763 599 826 κακίαν
627 765 684 826 καί
710 764 772 838 τάς
806 768 924 844 τέχνας
958 767 1016 828 καί
1042 768 1104 844 τάς
1132 765 1335 850 ἐπιβουλάς,
1365 768 1420 846 αίς

160 865 311 928 εἰώθασι
330 866 493 951 χρῆσθαι.
531 862 683 928 καθόλου
707 863 743 928 δὲ
765 867 978 946 θαυμαστόν,
1002 869 1034 930 εί
1056 870 1094 931 τό
1117 872 1178 950 μέν
1202 875 1323 956 φαγεῖν
1345 871 1416 932 άπδ
1430 874 1472 937 26

125 975 222 1054 οτῆς
251 968 353 1054 αὐτῆς
381 963 550 1054 τραπέζης
579 965 740 1049 ἐμποδὼν
767 969 866 1032 ἔσται
893 977 935 1056 τῇ
965 975 1117 1057 πονηρίᾳ
1144 974 1201 1034 καὶ
1228 968 1267 1058 νη
1289 974 1359 1036 Δία
1382 975 1421 1035 τό

159 1073 254 1133 πιεῖν
277 1071 347 1132 όπό
371 1078 434 1133 τοῦ
454 1071 560 1133 αότου·
578 1079 745 1156 κρατῆρος
765 1072 822 1134 καί
844 1074 903 1134 τόν
926 1073 1027 1136 αὐτόν
1056 1071 1173 1154 λύχνον
1195 1076 1291 1159 όράν·
1321 1077 1361 1138 τό
1385 1071 1421 1138 δέ

159 1174 219 1236 τόν
241 1170 338 1257 ἥλιον
360 1170 501 1256 βλέπειν
522 1175 581 1236 τόν
613 1173 714 1236 αύτόν
741 1176 798 1238 καί
826 1175 897 1236 ἀπό
926 1183 986 1261 τῆς
1017 1177 1119 1263 αὐτῆς
1147 1179 1342 1263 τρέφεσθαι
1363 1185 1423 1264 γῆς

161 1274 271 1352 οόδείς
292 1271 531 1358 ὑπολογίζεται
553 1283 620 1339 τῶν
642 1283 817 1362 πονηρῶν·
847 1273 932 1339 άλλά
961 1280 1000 1340 τό
1022 1279 1084 1359 μέν
1107 1276 1310 1342 πανδοκεῖον
1338 1267 1359 1364 ἢ
1381 1273 1421 1363 νὴ

159 1379 230 1440 Δία
254 1376 346 1453 οἶκος
368 1381 482 1464 έεερος
504 1381 540 1441 ἐκ
570 1376 679 1442 λίθων
709 1380 766 1442 καί
792 1375 899 1456 ξύλων
922 1371 1181 1467 ᾠκοδομημένος
1210 1385 1423 1468 συγκίρνησιν

112 1491 142 1543 1ο
162 1481 372 1565 ἀνθρώπους
380 1484 437 1544 καὶ
449 1477 590 1544 δύναται
606 1483 760 1564 συνάγειν
776 1483 826 1557 είς
842 1479 971 1568 φιλίαν,
989 1483 1106 1568 ὥσπερ
1118 1475 1299 1560 Ὀδυσσεύς
1314 1482 1412 1562 ἀξιοῖ
1416 1498 1423 1514 ·

316 1581 497 1647 αἰδεῖσθαι
520 1581 556 1646 δὲ
578 1581 771 1668 μέλαθρον·
794 1585 994 1671 ὑπωρόφιοι
1017 1583 1055 1648 δέ
1075 1588 1132 1649 τοί
1153 1587 1255 1668 εἰμεν.

163 1685 270 1762 ούτως
291 1689 424 1770 ἡγεῖται
444 1683 505 1772 τὴν
529 1681 650 1773 σκηνὴν
673 1682 861 1772 ἀξιωτέραν
884 1685 1018 1768 αἰδοῦς,
1046 1691 1103 1753 καί
1130 1697 1236 1752 ταῦτα
1259 1691 1295 1751 έκ
1317 1685 1424 1766 ξύλων

30 1807 153 1860 (mn)
161 1796 228 1852 τῶν
251 1790 287 1851 έν
309 1797 351 1874 τῇ
373 1785 523 1872 πολεμίᾳ
545 1794 729 1871 γεγονυῖαν,
752 1790 840 1875 ἤπερ
857 1791 988 1867 αύτούς.
1032 1789 1102 1855 όδδ
1120 1796 1257 1874 σύμπας
1273 1785 1424 1876 οὐρανός,

164 1880 226 1979 ὑφ’
252 1883 280 1974 ᾦ
302 1894 429 1967 πάντες
451 1893 552 1972 έσμδν
575 1892 742 1978 ἀρχῆθεν,
773 1884 870 1955 οὐδὲν
900 1889 1033 1978 ὠφελεῖ
1050 1897 1138 1979 πρός
1162 1897 1323 1976 όμόνοιαν
1346 1886 1425 1956 οὐδὲ

115 2007 145 2059 11
165 1999 185 2080 η
209 2002 277 2058 τῶν
299 1992 386 2058 όλων
413 1995 573 2058 κοινωνία
603 1995 711 2056 θείων
735 1993 820 2056 οόσα
842 1995 899 2056 καί
919 1993 1091 2076 μεγάλων,
1121 1993 1207 2059 ἀλλὰ
1229 1984 1426 2059 τούναντίον

161 2104 181 2183 η
204 2106 271 2161 τῶν
293 2105 421 2182 μικρῶν
442 2099 498 2162 καί
521 2086 657 2173 οὐδενός
679 2094 794 2174 ἀξίων.
831 2099 887 2160 καὶ
909 2099 929 2158 ό
948 2099 1010 2178 μὲν
1033 2093 1122 2172 ἴδιος
1144 2101 1273 2181 όκάστῳ
1298 2099 1420 2184 πατήρ,
1436 2100 1477 2162 27

164 2197 330 2276 πολλάκις
354 2191 489 2274 ούδενδς
511 2197 608 2277 ἄξιος
631 2200 833 2285 πρεσβύτης,
855 2204 941 2281 μέγα
958 2195 1100 2277 δίκαιον,
1124 2201 1212 2262 ὥστε
1226 2195 1272 2284 μὴ
1288 2199 1429 2280 έπιβου·

166 2301 275 2367 λεύειν
303 2299 463 2388 ἀλληλοις
491 2305 571 2377 τούς
599 2304 636 2364 έκ
658 2309 720 2364 τού
742 2291 848 2365 αὐτοῦ
867 2306 999 2384 γένους·
1030 2297 1108 2364 όδέ
1130 2303 1244 2376 κοινός
1266 2303 1428 2364 ἁπάντων

164 2405 308 2491 ,ἀνδρῶν
330 2426 367 2468 τε
388 2406 482 2469 θεῶν
505 2404 565 2482 τέ’,
595 2400 633 2482 ἐξ
661 2403 703 2467 οδ
730 2407 856 2480 πάντες
883 2406 1082 2486 γεγόναμεν,
1113 2394 1152 2466 οὗ
1174 2404 1259 2465 κατά
1282 2407 1428 2489 Λάχητα

117 2520 148 2573 w
170 2512 218 2573 ὢν
246 2499 324 2571 ούδδ
352 2509 448 2570 κατά·
459 2509 615 2589 Σίμωνα,
644 2500 683 2570 ού
714 2504 855 2570 δύναται
882 2511 1061 2587 κατασχεῖν
1091 2495 1168 2568 οὐδὲ
1196 2502 1348 2569 κωλύσαι
1369 2501 1429 2592 τὴν

167 2609 301 2675 ἀδικίαν
323 2617 391 2674 τῶν
420 2611 628 2696 ἀνθρώπων.
735 2611 792 2673 καὶ
819 2605 885 2694 μὴν
914 2612 968 2672 ότι
995 2628 1032 2690 γε
1060 2613 1134 2684 τοῖς
1165 2605 1279 2690 λόγοις
1307 2597 1366 2672 ούκ
1388 2609 1429 2672 όν

166 2717 326 2778 πιστεύοι
348 2734 402 2789 τις
419 2718 495 2788 τοῖς
508 2715 595 2798 ὑπὲρ
610 2721 671 2800 τῆς
687 2709 816 2799 φιλίας,
839 2719 940 2774 τοῦτο
954 2711 1018 2796 γάρ
1035 2707 1158 2774 λοιπόν
1173 2713 1258 2790 ἐστι,
1283 2714 1429 2798 φανερόν

167 2815 287 2904 δήπου.
331 2813 465 2899 γελοῖον
478 2817 542 2902 γάρ
558 2817 717 2901 ἀργύριον
730 2818 792 2896 μὲν
808 2809 1002 2891 δανείζοντα
1018 2819 1092 2890 τοῖς
1107 2811 1214 2890 πέλας
1228 2810 1274 2901 μὴ
1297 2813 1426 2900 ῥᾳδίως
1438 2813 1480 2877 28

168 2924 307 2983 ἅντινα
330 2927 516 2982 πιστεύσαι
538 2915 624 3001 λόγῳ
646 2921 751 3000 μόνῳ,
775 2914 861 2980 ἀλλά
883 2919 1063 3002 μαρτύρων
1087 2914 1229 2980 δεῖσθαι
1249 2920 1306 2982 καί
1327 2938 1431 3000 γραμ-

122 3039 151 3090 15
173 3025 289 3104 μάτων
311 3023 367 3085 καί
389 3018 539 3096 πολλούς
559 3023 617 3083 καὶ
639 3028 744 3082 ταῦτα
768 3019 1003 3104 παραβαίνειν.
1019 3015 1037 3053 *
1052 3015 1100 3054 **

255 3126 291 3187 τί
314 3125 393 3201 οδν,·
420 3125 543 3211 φησίν,
567 3115 626 3186 ούκ
646 3121 710 3208 ἤδη
734 3125 824 3199 τινες
853 3124 1006 3206 έγένοντο
1038 3119 1134 3208 φίλοι
1156 3129 1224 3185 τῶν
1247 3124 1414 3206 πρότερον
1422 3145 1434 3199 ,·

172 3226 246 3290 οῖον
268 3233 338 3303 πᾶς
360 3226 401 3289 όν
425 3223 517 3308 λέγοι
530 3227 610 3301 τούς
626 3219 818 3311 [ἡμιθέους]
835 3222 1089 3310 θρυλουμένους
1104 3227 1255 3303 τούτους,
1274 3216 1433 3311 Ὀρέστην

171 3331 228 3393 καί
248 3325 411 3413 Πυλάδην
438 3330 495 3392 καί
519 3325 635 3413 Θησέα
663 3329 721 3390 καί
741 3329 934 3412 Πειρίθουν
961 3329 1019 3390 καί
1037 3318 1191 3407 Ἀχιλλέα
1219 3328 1276 3390 καὶ
1296 3330 1433 3413 Πάτρο-

70 3456 120 3508 ιαισ
132 3451 164 3504 11)
173 3430 252 3496 κλον
259 3455 271 3509 ,·
299 3433 331 3495 εἰ
354 3423 387 3493 δ’
413 3431 471 3494 οδν
493 3452 546 3508 τις
570 3433 813 3517 συγχωρήσειεν
835 3426 949 3518 ἀληθῆ
973 3425 1033 3514 τὴν
1056 3427 1158 3506 δόξαν
1187 3429 1276 3493 εἶναι
1298 3433 1434 3516 ταύτην,

124 3551 154 3602 ου
177 3532 278 3622 δῆλον
301 3535 348 3610 ὡς
370 3537 462 3618 τρεῖς
484 3533 525 3596 όν
541 3531 608 3596 εἷεν
625 3530 741 3619 φιλίαι
755 3537 927 3616 γεγονυῖαι
942 3533 978 3595 έν
992 3534 1143 3614 τοσούτῳ
1164 3535 1286 3616 χρόνῳ,
1308 3534 1344 3596 έν
1365 3535 1433 3614 όσιμ

175 3635 357 3714 πλεονάκις
380 3638 420 3699 όν
443 3635 539 3700 εἴποι
561 3639 620 3699 τόν
642 3634 738 3722 ἥλιον
760 3633 1004 3698 ἐκλελοιπέναι.

260 3809 276 3861 8
294 3809 469 3876 πανδοχεῖον
486 3803 562 3860 UBH
652 3807 669 3859 9
688 3801 912 3875 οἱκοόομημίνος
928 3803 959 3859 Μ
1047 3807 1075 3857 11
1098 3804 1224 3862 αἰδεῖσθε
1242 3800 1291 3859 UB
1310 3799 1437 3858 αίόεσσαι

177 3891 285 3947 codices
302 3891 412 3946 Homeri
480 3889 511 3948 δέ
530 3909 562 3947 τε
578 3888 656 3944 ΜΗΡ
675 3888 709 3946 εἰ.
727 3887 806 3946 Hom.
823 3887 908 3944 11.1x
925 3891 976 3942 610
1046 3893 1078 3942 12
1096 3893 1145 3946 καί
1164 3879 1250 3955 οὗτος
1266 3887 1321 3959 μὲν
1336 3886 1386 3942 UB

176 3971 335 4049 α’ξιιυτέραν
352 3976 476 4042 Geolius,
501 3970 584 4044 α’ξίαν
606 3975 669 4031 libri
775 3979 805 4030 1³
824 3968 929 4040 αύτούς
946 3973 968 4028 Ρ
991 3973 1076 4028 verba
1097 3968 1172 4048 ἤπερ
1189 3965 1294 4041 αύτούς
1310 3977 1438 4042 suspecta

176 4061 384 4119 wilamoviuio
437 4057 580 4133 ξύμπαςΒ
636 4065 666 4116 16
678 4060 842 4133 σμικράνΒ
897 4064 927 4114 Π
941 4055 1021 4126 ἄξιος
1038 4052 1198 4127 δνΒδξιος
1210 4053 1438 4128 &vultarum

175 4149 285 4204 litterae
303 4171 327 4206 ιυ
345 4163 363 4204 κ
381 4153 461 4214 corr.)
480 4146 505 4203 U
577 4151 609 4203 18
626 4140 766 4218 άλλὴλονς
783 4145 806 4200 Ρ
891 4148 945 4203 τοῦ
962 4136 1051 4202 αὐτοῦ
1067 4147 1121 4202 τοῦ
1137 4144 1238 4218 γένους
1254 4144 1280 4200 U
1296 4159 1330 4198 m.
1347 4157 1388 4212 pr.

180 4240 211 4291 19
229 4229 384 4308 γεγόνασιν
401 4237 549 4304 (ευροτεοι.
568 4237 644 4302 μιν)
662 4232 689 4288 Η
760 4235 790 4287 21
811 4239 873 4297 τοῖς
890 4235 910 4296 (ι
928 4245 946 4286 κ
963 4233 1045 4297 corr.)
1062 4228 1086 4285 U
1139 4233 1172 4284 23
1190 4233 1341 4299 όανέζοντα
1358 4227 1390 4283 Μ

178 4321 268 4388 πέλας
284 4319 421 4389 Roianus,
439 4323 558 4385 πολλοῖς
574 4318 638 4373 libri
706 4321 739 4372 24
756 4315 852 4387 μόνον
868 4315 923 4370 ΒΜ
973 4318 1007 4371 ²5
1025 4313 1150 4371 lacunam
1167 4318 1232 4384 pont
1248 4315 1442 4390 παραβαίνειν

178 4406 450 4464 indicavltReiskiun
546 4409 578 4459 2⁷
598 4408 655 4470 πᾶς
672 4403 776 4474 scripsi,
794 4407 857 4469 παῖς
872 4402 936 4458 libri
1019 4401 1129 4475 λέγοιμι
1146 4400 1223 4458 UBH
1307 4395 1443 4475 ἡμιθέους

179 4491 277 4549 seclusi
370 4489 601 4566 θρυλλουμένυυς
617 4489 693 4544 ΒΜΗ
764 4493 796 4543 18
815 4488 957 4560 περίθουν
975 4485 1004 4540 Μ
1022 4486 1219 4560 πειρίθοονΗ
1287 4483 1444 4560 31είτιηΡ

180 4574 257 4637 είιιοι
274 4577 357 4634 ceteri

710 4664 913 4674 .—
