3452 5264
291 409 301 422 ,
358 339 378 400 υ
757 337 881 396 morus
897 336 1220 394 εοιικετιιεκιτισι

319 515 340 578 4
362 511 541 597 βασιλέως.
628 518 648 599 η
673 511 709 578 δί
732 510 835 590 πόλις
855 519 875 600 ι)
892 520 959 579 τῶν
974 514 1236 599 Βορυσθενιτῶν
1251 515 1289 578 τδ
1303 516 1452 598 μέγεθός
1467 517 1560 579 ἐστιν
1574 515 1613 578 ού

359 617 447 702 πρδς
468 620 528 703 την
550 611 702 679 παλαιάν
725 613 827 695 δόξαν
850 615 907 682 διδ
928 619 990 694 τὰς
1006 620 1153 696 συνεχεῖς
1168 613 1314 694 ἁλώσεις
1327 619 1385 681 καί
1407 619 1486 693 τούς
1508 615 1609 681 πολέ-
1622 629 1706 680 (ἰῶτα

357 737 452 798 μους.
503 719 563 781 δτι
591 717 653 802 γάρ
681 719 718 780 ίν
738 723 859 800 μέσοις
881 721 1020 782 οἰκοῦσα
1042 722 1117 793 τοῖς
1143 717 1331 802 βαρβάροις
1358 727 1522 782 τοσούτον
1547 717 1610 806 ἤδη

354 821 487 904 χρόνον,
508 819 566 883 καί
586 822 722 895 τούτοις
746 818 863 901 σχεδόν
884 843 920 884 τι
940 825 1014 897 τοῖς
1037 815 1339 899 πολεμικωτάτοις,
1361 821 1416 884 ἀεὶ
1429 823 1491 902 μέν
1509 818 1610 885 πολε-

356 926 489 1002 μεῖται,
512 917 677 997 πολλάκις
704 917 740 984 δί
766 923 823 986 καί
844 919 950 985 έάλω·
979 925 1039 1010 την
1059 917 1134 1004 (δί)
1154 919 1350 986 τελευταίαν
1370 924 1427 986 καί
1447 924 1608 1008 μεγίστην
1629 933 1646 984 ο

358 1019 486 1086 άλωσιν
509 1023 552 1086 ού
571 1024 639 1109 πρό
662 1019 830 1087 πλειόνων
851 1025 870 1111 ἢ
888 1025 1094 1110 πεντήκοντα
1109 1023 1166 1086 καί
1187 1025 1305 1087 έκατδν
1327 1025 1422 1087 ίτῶν.
1460 1021 1552 1088 είλσν
1574 1021 1610 1088 δί

356 1125 413 1188 καλ
434 1125 559 1210 ταύτην
574 1128 676 1189 Γέται
700 1126 758 1189 καί
780 1125 841 1202 τάς
857 1120 963 1201 ἀλλας
977 1126 1039 1202 τὰς
1053 1127 1089 1189 έν
1103 1131 1177 1202 τοῖς
1192 1127 1385 1210 ἀριστεροῖς
1400 1133 1463 1188 τού
1476 1127 1610 1190 Πόντου

316 1229 336 1292 5
359 1223 479 1304 πόλεις
498 1230 598 1312 μέχρι
614 1215 858 1302 Ἀπολλωνίας.
897 1227 980 1291 όθεν
996 1225 1036 1314 δη
1058 1227 1116 1291 καί
1131 1224 1266 1314 σφόδρα
1280 1228 1426 1290 ταπεινά
1445 1228 1488 1290 τά
1504 1230 1709 1312 πράγματι

355 1349 447 1409 ματα
467 1333 612 1414 κατέστη
635 1334 702 1392 τῶν
717 1332 821 1414 ταύτῃ
833 1321 1005 1415 Ἑλλήνων,
1026 1335 1095 1392 τῶν
1114 1330 1177 1411 μδν
1200 1330 1309 1392 ούκέτι
1326 1331 1610 1395 συνοικισθεισῶν

357 1427 506 1508 πόλεων,
528 1436 596 1494 τῶν
619 1427 655 1494 δί
679 1426 834 1517 φαύλως,
856 1431 1001 1494 καὶτῶν
1030 1427 1201 1495 πλείστων
1228 1431 1409 1516 βαρβάρων
1431 1433 1481 1507 εἰς
1503 1431 1609 1508 αύτδς
1629 1443 1659 1496 10

359 1537 577 1618 συρρυέντων.
616 1528 742 1596 πολλαί
763 1533 826 1616 γάρ
850 1529 890 1619 δη
913 1553 1003 1608 τινες
1024 1529 1170 1608 ἁλώσεις
1185 1534 1272 1596 κατὰ
1294 1530 1405 1596 πολλὰ
1419 1537 1503 1618 μέρη
1518 1535 1612 1616 γεγό-

357 1650 436 1696 νασι
457 1641 518 1722 τῆς
535 1623 702 1712 Ἑλλάδος,
725 1636 784 1697 άτε
807 1635 842 1697 έν
858 1631 1001 1710 πολλοῖς
1023 1637 1147 1710 τόποις
1176 1631 1435 1721 διεσπαρμένης.
1473 1632 1612 1712 ἁλόντες

358 1733 393 1798 δί
416 1737 493 1798 τότε
510 1735 544 1798 σί
559 1735 813 1821 Βορυσθενῖται
833 1733 938 1799 πάλιν
961 1733 1166 1822 συνῴκησαν,
1189 1733 1381 1800 ἐθελόντων
1402 1737 1480 1818 ίμοί
1501 1733 1611 1802 δοκεῖν

356 1843 423 1901 τῶν
444 1837 588 1900 Σκυθῶν
610 1834 667 1901 διδ
688 1839 728 1900 τό
752 1835 893 1902 δεῖσθαι
915 1847 975 1924 τῆς
996 1839 1166 1923 έμπορίας
1186 1839 1244 1902 καί
1264 1846 1327 1902 τοῦ
1346 1837 1521 1903 κατάπλου
1542 1847 1611 1904 τῶν

352 1930 522 2025 Ἑλλήνων.
560 1941 755 2004 ἐπαύσαντο
771 1941 832 2025 γάρ
848 1937 1065 2016 εἰσπλέοντες
1087 1940 1277 2004 ἀναστάτου
1292 1949 1352 2028 της
1368 1937 1502 2019 πόλεως
1515 1961 1607 2024 γενο-
1630 1956 1658 2008 15

354 2045 474 2127 μένης,
503 2041 562 2105 άτε
586 2042 645 2104 ούκ
665 2041 796 2123 ἰχοντες
818 2044 1020 2131 ὁμοφώνους
1041 2044 1121 2118 τούς
1147 2038 1417 2124 ὑποδεχομένους
1440 2041 1517 2106 ούδδ
1540 2050 1608 2107 τῶν

355 2143 498 2206 Σκυθῶν
520 2140 707 2222 ἀξιούντων
729 2141 806 2208 ούδδ
829 2146 1065 2226 όπισταμένων
1087 2146 1254 2226 ίμπόριον
1274 2146 1383 2209 αἰτῶν
1405 2149 1609 2208 κατασκευά-

314 2247 334 2316 6
357 2246 491 2309 σασθαι
512 2248 571 2310 τόν
589 2237 776 2333 Ἑλληνικόν
798 2249 936 2332 τρόπον.
983 2252 1122 2332 σημεῖον
1145 2243 1181 2310 δί
1203 2256 1263 2334 της
1285 2248 1504 2323 ἀναστάσεως
1529 2249 1550 2333 ἠ
1572 2269 1609 2310 τε

357 2345 529 2435 φαυλότης
556 2356 624 2411 τῶν
647 2345 926 2435 οἰκοδομημάτων
953 2351 1010 2412 καί
1031 2350 1070 2413 τδ
1095 2345 1327 2413 συνεστάλθαι
1353 2352 1413 2436 την
1444 2347 1545 2413 πόλιν
1573 2353 1610 2426 ίς

354 2451 469 2535 βραχύ.
518 2453 616 2535 μέρει
642 2453 704 2534 γάρ
728 2471 797 2514 τινι
819 2449 1127 2537 προσῳκοδόμηται
1148 2457 1210 2513 τοό
1230 2447 1383 2514 παλαιοῦ
1411 2449 1606 2538 περιβόλου,
1629 2466 1660 2518 υ)

353 2543 439 2616 καθ’
465 2551 484 2614 δ
513 2553 637 2636 πύργοι
658 2554 748 2630 τινες
771 2553 809 2615 ού
832 2549 957 2617 πολλοί
978 2550 1195 2634 διαμένουσιν
1225 2553 1263 2614 ού
1286 2555 1373 2638 πρός
1400 2557 1439 2617 τά
1461 2555 1610 2636 μέγεθος

355 2652 432 2718 ούδδ
461 2655 549 2740 πρός
577 2655 637 2742 την
665 2655 760 2735 ἰσχύν
788 2663 848 2743 τῆς
870 2651 1013 2731 πόλεως.
1064 2656 1103 2719 τδ
1127 2652 1162 2718 δί
1191 2651 1317 2735 μεταξύ
1347 2661 1611 2743 συμπέφρακται

353 2745 426 2820 κατ’
451 2757 558 2819 έκεῖνο
580 2761 657 2832 ταῖς
680 2757 804 2834 οἰκίαις
827 2759 886 2820 ούκ
907 2758 1065 2839 ἐχούσαις
1087 2758 1193 2820 ύποῖα
1209 2753 1390 2822 διαλείπει.
1430 2759 1557 2839 τειχίον
1572 2756 1609 2822 δὲ
1626 2773 1712 2826 (πει

354 2854 612 2944 παραβέβληται
641 2861 729 2921 πάνυ
752 2861 915 2923 ταπεινόν
935 2857 994 2921 καί
1015 2858 1169 2934 ἀσθενές.
1222 2865 1290 2922 τῶν
1320 2856 1356 2923 δέ
1380 2863 1517 2946 πύργων
1539 2861 1612 2926 εἰσί

353 2981 443 3036 τινες
465 2956 553 3022 πολύ
576 2961 773 3047 ἀφεστῶτες
794 2967 857 3023 τοο·
875 2967 933 3024 νύν
956 2961 1163 3041 οἰκουμένου,
1186 2963 1273 3025 ὥστε
1287 2949 1369 3048 μηδ’
1395 2963 1532 3026 εἰκάσαι
1553 2965 1608 3026 ότι
1630 2976 1661 3028 15

352 3070 435 3144 μιᾶς
455 3057 542 3146 ἦσαν
564 3059 706 3140 πόλεως.
744 3064 849 3127 ταῦτά
872 3082 909 3125 τε
932 3058 971 3148 δι)
996 3061 1054 3124 ούν
1078 3067 1200 3146 σημεῖα
1222 3064 1342 3151 ἐναργῆ
1365 3071 1425 3150 της
1447 3060 1611 3140 άλιύσεως

351 3165 409 3228 καλ
430 3167 469 3227 τύ
491 3160 596 3250 μηδὲν
617 3170 685 3228 τῶν
707 3161 910 3249 ἀγαλμάτων
933 3161 1104 3246 διαμένειν
1126 3165 1217 3246 ύγιδς
1245 3171 1312 3228 τῶν
1333 3167 1369 3228 έν
1391 3171 1466 3243 τοῖς
1493 3167 1610 3249 ίεροῖς,

353 3261 439 3327 ἀλλδ
463 3261 640 3346 ξύμπαντα
664 3263 879 3353 λελωβημένα
902 3265 1006 3344 εἶναι,
1036 3266 1152 3350 ὥσπερ
1180 3267 1221 3328 τά
1243 3268 1304 3330 έπλ
1325 3274 1393 3330 τῶν
1414 3270 1609 3354 μνημάτων.

313 3372 332 3437 7
440 3370 525 3452 όπερ
539 3368 597 3432 σύν
608 3368 705 3456 ἀφην,
717 3371 833 3451 ίτυχαν
845 3374 1046 3455 περιπατῶν
1059 3370 1126 3451 πρδ
1139 3375 1198 3454 τῆς
1210 3365 1354 3447 πόλεως,
1364 3369 1425 3432 καί
1433 3390 1524 3446 τινες
1534 3367 1611 3456 ἐξῄ-

352 3488 434 3534 εσαν
448 3467 591 3534 ίνδοθεν
604 3477 671 3534 τῶν
683 3472 946 3555 Βορυσθενιτῶν
958 3471 1047 3554 πρός
1061 3471 1131 3550 ἐμέ,
1147 3470 1263 3555 ῶσπερ
1280 3472 1467 3535 εἰώθεσαν·
1485 3473 1609 3536 ίπειτα
1634 3487 1666 3538 σο
1681 3493 1712 3540 (ιε

353 3569 610 3657 Καλλίστρατος
625 3563 685 3660 ἀφ’
704 3575 814 3637 ίππου
830 3575 869 3637 τδ
884 3575 946 3655 μὲν
957 3579 1095 3657 πρῶτον
1107 3572 1369 3657 παρρίππευσεν
1380 3577 1467 3658 ημᾶς
1479 3571 1612 3653 ἔξωθεν

352 3671 603 3760 προσελαύνων,
626 3672 812 3762 παρελθὼν
836 3670 871 3737 δέ
896 3670 1009 3755 ὀλίγον
1030 3673 1165 3757 κατέβη,
1188 3675 1244 3737 καί
1259 3677 1317 3738 τόν
1333 3676 1445 3738 ίππον
1460 3673 1508 3759 τῷ
1531 3677 1611 3738 ἀκο-

440 3845 698 3913 ΙΒωρυσῶενιτῶν
714 3841 786 3898 Um.
798 3857 840 3911 pr.
853 3841 907 3898 Bu
975 3835 1075 3912 ἢεολε
1091 3842 1151 3896 τῶν
1169 3839 1259 3896 ουκΤ
1322 3844 1511 3912 λτιολεμεττε
1528 3842 1558 3898 M

351 3925 462 3988 wau
479 3927 610 3997 cubem,
627 3923 737 3987 ἑάλωκε
754 3926 817 3984 libri
900 3924 987 3998 (καί)
1002 3920 1055 3995 τὴν
1072 3924 1147 3992 wil..
1165 3920 1217 3997 την
1234 3925 1265 3984 δὲ
1281 3924 1383 3984 Βολελε
1463 3924 1614 3986 omnis*

350 4011 427 4070 Um.
444 4028 486 4082 pr.
555 4012 642 4084 ύμλν
659 4002 711 4071 αδν
728 4003 782 4070 αύκ
799 4006 860 4069 ἔστι
877 4010 907 4065 M
982 4005 1503 4086 11συββεύντων11ΒΤσυνρυίντων
1519 4011 1549 4068 λλ

354 4103 385 4154 13
402 4093 472 4156 τότε
488 4113 543 4155 om.
559 4098 609 4155 ΠΒ
676 4095 941 4171 βαρυσθενεῖταιίί
1011 4100 1043 4151 16
1060 4099 1120 4154 τῶν
1132 4095 1207 4165 1111,
1225 4089 1322 4156 αἰτῶν
1337 4095 1400 4152 libri
1473 4103 1502 4154 17
1520 4093 1613 4168 ἐμπο-

352 4191 432 4256 ρεῑον
449 4181 523 4240 UBT
610 4187 641 4239 18
658 4187 718 4241 τῶν
730 4177 901 4256 Ἑλληνικῶν
917 4175 1038 4256 τρόπων
1054 4181 1102 4238 UB
1123 4183 1186 4239 τῶν
1197 4177 1368 4256 Ἑλληνικῶν
1384 4179 1500 4255 τρόπον
1516 4181 1541 4237 Τ

351 4267 496 4342 σημεῖαῐ]
564 4272 596 4323 11
616 4268 778 4338 διαμένουσι
796 4267 867 4323 Bu?
941 4271 975 4323 23
994 4265 1155 4334 σίκείαιςλλ
1207 4261 1261 4325 οὐκ
1276 4263 1412 4340 ἐχούσαις
1431 4265 1521 4326 δτιυῖα
1538 4265 1613 4334 111ιτ1,

350 4349 548 4426 συνεχούσαις·
567 4343 644 4410 δπου
660 4352 691 4411 όδ
702 4351 765 4407 wit
782 4351 846 4418 (del.
864 4351 894 4410 δὲ
910 4355 974 4422 pat
991 4354 1110 4424 τειχίον)
1126 4347 1298 4424 ἀπεχούσαις
1316 4346 1416 4411 δπόσα
1428 4351 1510 4422 Eup.
1527 4370 1611 4410 συντ·

348 4434 469 4510 χούσαις
487 4429 563 4496 ὅπου
580 4459 608 4494 τι
625 4437 743 4496 Οιεειιδ.
846 4439 880 4492 λλ
901 4437 1121 4512 παραβέβληται
1138 4437 1218 4493 UBM
1241 4437 1447 4511 περιβέβληται
1464 4435 1523 4492 Ττ

350 4527 383 4579 28
399 4519 553 4596 κινημάτων
570 4523 594 4578 Τ
670 4527 702 4578 30
720 4525 954 4596 βορυσῶενειτῶν
971 4521 1000 4576 Μ
1017 4526 1242 4597 βωρυσθενιτῶν
1258 4520 1284 4579 U
1302 4537 1337 4577 m.
1354 4537 1396 4592 pr.
