3476 5264
342 365 404 426 298
781 366 903 423 DIONIS
920 369 1160 427 CHARIDEMUS

342 545 472 629 τροφην
495 539 674 628 διδομένην
697 541 782 631 ἀηδῆ
799 563 835 606 τε
853 547 909 607 καί
926 541 1074 631 φαύλην·
1096 550 1182 631 ημᾶς
1205 544 1241 609 δέ
1257 542 1368 621 άλλως
1383 547 1520 626 ἀγαπᾶν
1548 543 1613 608 διὰ

295 647 333 710 13
345 648 405 732 τήν
427 647 572 730 ἀνάγκην
586 666 622 708 τε
637 648 694 708 καί
708 647 867 731 ἀπορίαν.
904 649 961 711 καί
982 649 1044 732 γάρ
1061 653 1134 723 τοῖς
1148 639 1211 733 ὑφ’
1236 652 1330 733 ημῶν
1351 642 1613 727 κολαζομένοις,

343 741 418 812 ἅττ’
450 750 491 812 ἀν
514 751 671 833 παράσχῃ
694 770 763 824 τις,
792 751 860 812 ύπδ
884 747 986 830 λιμοῦ
1005 753 1062 813 καί
1084 751 1269 836 συνηθείας
1291 747 1373 835 ηδέα
1398 751 1612 836 φαίνεσθαι.

342 852 399 915 καί
419 858 525 913 ταῦτα
548 853 590 914 τά
615 853 708 914 σιτία
730 861 772 937 τῇ
795 855 856 932 μέν
879 849 1028 937 ἀληθείᾳ
1048 853 1180 938 πονηρὰ
1196 851 1285 915 εἶναι
1306 854 1363 915 καί
1385 849 1612 937 διεφθορότα

341 951 548 1041 (δηλοῦσθαι
578 951 614 1016 δὲ
643 957 703 1040 την
733 952 931 1040 διαφθοράν
960 957 996 1017 ἐκ
1023 963 1084 1041 τῆς
1111 963 1179 1018 τῶν
1202 955 1369 1034 σωμάτων
1391 953 1650 1030 άσθενείας),5

343 1059 396 1120 ἐτι
418 1055 454 1119 δὲ
477 1053 562 1141 μηδὲ
585 1053 622 1134 ἐξ
643 1058 781 1137 έτοίμου
805 1052 1014 1141 πορίζεσθαι
1027 1055 1113 1142 μηδὲ
1137 1063 1242 1120 πᾶσιν
1264 1058 1407 1142 ἄφθονα
1428 1057 1613 1140 ὑπάρχειν,

344 1157 430 1221 ἀλλά
452 1159 537 1239 μετὰ
560 1161 739 1242 ἀμηχάνων
762 1161 877 1223 πόνων
892 1160 949 1222 καί
962 1167 1081 1223 κακῶν.
1173 1157 1373 1242 ξυγκεῖσθαι
1396 1155 1432 1220 δὲ
1455 1163 1549 1243 ημᾶς
1574 1156 1615 1235 ἐξ

295 1263 334 1324 14
347 1262 457 1324 αὐτῶν
480 1258 519 1346 δη
535 1268 603 1323 τῶν
617 1255 878 1342 βασανιζόντων,
901 1271 1012 1350 ψυχῆς
1034 1284 1070 1326 τε
1091 1265 1149 1326 καί
1170 1265 1336 1342 σώματος.
1374 1263 1434 1347 την
1456 1263 1519 1341 μὲν
1542 1261 1613 1344 γάρ

344 1364 537 1443 ἐπιθυμίας
558 1384 595 1426 τε
617 1365 674 1426 καὶ
697 1360 806 1439 λύπας
827 1367 884 1428 καί
907 1367 1008 1450 δργδς
1029 1368 1086 1428 καί
1110 1366 1239 1452 φόβους
1260 1365 1316 1426 καί
1340 1359 1528 1449 φροντίδας
1550 1364 1614 1425 καὶ

342 1467 447 1546 μυρία
471 1466 570 1552 πάθη
601 1473 742 1528 τοιαῦτα
772 1467 860 1545 ἐχειν
881 1469 917 1530 ἐν
945 1467 1062 1553 ἑαυτῇ,
1092 1470 1149 1531 καί
1177 1459 1225 1530 δι’
1250 1471 1377 1552 ἡμέρας
1405 1467 1462 1528 καί
1484 1469 1612 1541 νυκτός
1639 1477 1669 1528 ιο

343 1569 412 1630 ύπδ
439 1569 568 1628 τούτων
597 1568 651 1630 ἀεί
676 1570 942 1631 κατατείνεσθαι
963 1572 1019 1632 καί
1042 1567 1294 1654 στρεβλοῦσθαι
1321 1570 1389 1644 (καί
1416 1567 1479 1652 γάρ
1509 1569 1613 1642 δστις

343 1671 594 1752 ἐπιεικέστερον
618 1666 794 1743 διάκειται,
815 1663 969 1734 καθόλου
992 1674 1053 1752 μέν
1069 1668 1283 1757 ἀπήλλακται
1304 1673 1433 1733 τούτων
1457 1667 1611 1746 αύδενός,

346 1770 462 1854 ῶσπερ
487 1766 523 1833 δέ
546 1771 656 1855 θηρία
679 1769 775 1834 ένδον
796 1771 1098 1854 κατακεκλεισμένα
1120 1775 1204 1854 έχει,
1226 1773 1312 1853 μετὰ
1333 1773 1413 1854 βίας
1434 1775 1522 1852 δμοῦ
1542 1775 1606 1834 καί

345 1871 495 1947 πειθοῦς
516 1891 609 1947 τινος
631 1878 863 1958 ἠναγκασμένα
886 1880 1037 1960 ηρεμεῖν·
1061 1877 1093 1938 εί
1120 1873 1157 1938 δέ
1178 1878 1236 1938 καί
1266 1878 1405 1959 σμικρὸν
1428 1877 1609 1936 παύσαιτο

298 1972 550 2058 15κατεπᾴδων
569 1977 626 2040 καί
641 1981 827 2060 προσέχων,
852 1979 970 2040 αὐτίκα
993 1976 1032 2065 δη
1048 1974 1140 2058 μάλα
1156 1972 1364 2056 κινούμενα)·
1387 1979 1425 2039 τδ
1449 1973 1485 2038 δέ
1502 1983 1608 2056 σῶμα
1634 1989 1661 2038 1⁵

346 2073 493 2160 ίλίγγους
514 2098 552 2140 τε
574 2079 630 2141 καί
646 2083 826 2160 σπασμούς
848 2083 905 2143 καί
919 2077 1110 2166 ἐπιληψίας
1132 2080 1189 2143 καί
1209 2077 1315 2141 τάλλα
1331 2081 1517 2164 νοσήματα,
1540 2082 1611 2141 δσα

346 2173 406 2263 [δέ]
430 2177 506 2244 οὐδὲ
530 2179 577 2263 τῷ
601 2176 687 2264 λόγῳ
704 2180 846 2246 δυνατδν
862 2180 1024 2260 διελθεῖν,
1047 2184 1094 2258 ὡς
1116 2183 1157 2245 ἂν
1174 2184 1318 2263 αίματος
1338 2183 1396 2245 καί
1410 2183 1611 2260 πνεύματος

344 2279 486 2362 μεστόν,
516 2283 567 2344 έτι
591 2279 626 2345 δέ
650 2285 685 2346 ἐκ
709 2291 841 2369 σαρκῶν
863 2305 899 2348 τε
921 2288 978 2348 καί
1001 2288 1125 2370 νεύρων
1146 2287 1203 2348 καί
1226 2287 1353 2347 ἀστέων
1376 2285 1607 2367 συγκείμενον,
1617 2295 1711 2348 (τοιού

345 2388 381 2447 ἐκ
401 2383 561 2464 μαλακῶν
583 2409 620 2456 τε
642 2390 698 2450 καί
714 2385 865 2473 σκληρῶν
879 2391 936 2451 καί
950 2390 1059 2472 ὑγρῶν
1072 2389 1130 2451 καί
1153 2385 1271 2472 ξηρῶν,
1288 2379 1346 2470 [ἐκ]
1362 2393 1429 2448 τῶν
1444 2387 1609 2448 ἐναντιω-

345 2489 465 2576 τάτων.
510 2491 552 2548 τά
575 2509 611 2550 τε
629 2490 731 2565 σιτία,
755 2493 839 2575 ὅπερ
857 2489 965 2568 εἷπον,
981 2491 1140 2576 μοχθηρά
1156 2492 1235 2553 όντα
1251 2491 1308 2553 καί
1327 2490 1385 2551 τόν
1409 2479 1491 2573 ἇέρα
1515 2480 1606 2551 ἀνώ-
1629 2500 1660 2548 2⁰

346 2585 454 2667 μαλον
477 2591 743 2673 προσπίπτοντα
766 2593 827 2666 τὰς
848 2594 910 2672 μέν
933 2594 1116 2656 ἐπιτείνειν
1138 2599 1206 2655 τῶν
1229 2594 1356 2670 νόσων,
1378 2593 1440 2666 τάς
1463 2587 1499 2654 δέ
1524 2582 1609 2653 ἀνα-

345 2694 465 2766 κινεῖν,
499 2691 537 2752 ού
568 2688 732 2767 δοκούσας
753 2695 815 2772 μὲν
839 2692 928 2756 εἶναι
951 2698 1129 2778 πρότερον,
1151 2697 1293 2769 ἐνούσας
1315 2692 1352 2756 δέ
1374 2695 1411 2756 ἐν
1432 2691 1474 2778 τῇ
1499 2695 1608 2779 φύσει

298 2801 337 2866 16
349 2797 416 2853 τῶν
440 2795 616 2871 σωμάτων.
660 2796 717 2856 καί
746 2803 851 2858 ταῦτα
880 2798 942 2876 μὲν
971 2793 1067 2859 ένδον
1095 2798 1274 2879 ἐγκεῖσθαι
1294 2796 1337 2858 τά
1358 2797 1443 2858 κακά
1466 2797 1502 2858 έν
1523 2799 1610 2880 ημῖν

347 2894 473 2972 αὐτοῖς,
489 2891 721 2982 ἐλαφροτέρας
744 2895 780 2961 δὲ
794 2894 892 2982 (τάς)
907 2895 1037 2976 έξωθεν
1053 2895 1219 2978 κολάσεις,
1242 2897 1278 2961 εί
1296 2919 1350 2974 τις
1372 2897 1476 2974 αύτάς
1492 2917 1606 2981 παροι-

346 2994 469 3078 βάλλοι
489 3003 566 3073 ταῖς
597 3001 633 3061 ἐκ
653 3007 713 3085 της
744 3003 888 3086 φύσεως.
933 3002 1039 3087 ηγάρ
1063 2998 1173 3085 πυρός
1194 3021 1230 3064 τε
1251 3002 1308 3063 καί
1331 2996 1472 3085 σιδήρου
1496 3002 1604 3086 φύσις
1625 3011 1655 3060 25

346 3101 403 3163 καί
424 3097 562 3183 πληγῶν
585 3097 622 3163 δέ
643 3102 783 3166 καὶτῶν
802 3099 914 3166 ἀλλων
937 3101 1031 3181 δξεῐα
1053 3107 1110 3167 καί
1131 3105 1213 3182 ταχύ
1236 3093 1449 3164 ἀπαλλάττει
1469 3109 1529 3187 τῆς
1552 3102 1606 3163 al·

349 3201 517 3286 σθήσεως,
541 3200 648 3278 εἴτις
668 3206 725 3266 καί
749 3207 888 3290 σμικρδν
910 3203 1116 3290 ὑπερβάλοι·
1140 3209 1175 3269 ἐν
1199 3203 1235 3268 δέ
1258 3210 1334 3281 ταῖς
1356 3197 1473 3280 νόσοις
1495 3205 1607 3267 ἐνίοτε

298 3304 596 3386 Ππαρατείνονσι
623 3308 680 3368 καί
708 3309 797 3369 πάνυ
825 3305 934 3370 πολύν
960 3306 1092 3392 χρόνον.
1206 3304 1361 3371 τοιαῖσδε
1387 3309 1449 3387 μὲν
1480 3303 1518 3391 δη
1548 3309 1606 3369 καὶ

348 3403 510 3469 τοσαῖσδε
524 3408 689 3488 βασάνοις
704 3405 943 3490 ξυνεχομένους
958 3413 1038 3484 τούς
1055 3410 1264 3496 ἀνθρώπους
1275 3411 1311 3472 ἐν
1323 3405 1402 3493 τῇδε
1413 3416 1456 3494 τῇ
1468 3406 1604 3493 φρουρᾷ

346 3510 403 3573 καί
424 3506 512 3592 τῷδε
533 3507 583 3593 τῷ
614 3509 833 3597 δεσμωτηρίῳ
855 3517 969 3593 μένειν
996 3515 1054 3575 τδν
1079 3515 1281 3594 τεταγμένον
1310 3514 1451 3574 ἕκαστον
1470 3511 1602 3594 χρόνον,
1626 3523 1656 3574 3ο

346 3611 404 3673 καί
424 3614 469 3698 μη
494 3616 574 3697 πρὶν
598 3615 739 3678 ἀπιέναι
761 3618 840 3690 τούς
856 3613 1005 3692 πολλούς
1026 3616 1108 3699 πρὶν
1122 3616 1164 3677 δν
1186 3611 1223 3692 ἐξ
1246 3617 1351 3677 αύτοῦ
1371 3615 1604 3698 ποιησάμενος
1617 3623 1711 3678 (mu

348 3710 451 3777 ἄλλον
474 3707 557 3777 ἀνθ’
583 3721 707 3780 ἑαυτοῦ
725 3715 896 3803 καταλίπῃ
920 3715 1078 3797 διάδοχον
1100 3725 1159 3802 τῆς
1181 3713 1367 3793 κολάσεως,
1398 3717 1432 3777 σί
1452 3718 1514 3795 μὲν
1535 3717 1605 3792 ένα,

434 3957 449 4007 ³
467 3945 611 4028 παρδαχηι
629 3959 666 4027 (ηι
684 3968 718 4008 ox
736 3974 765 4011 οι
783 3969 852 4010 corr.
871 3968 889 4008 ιι
905 3968 941 4009 m.
959 3959 1012 4025 pr.)
1029 3952 1053 4009 U
1115 3955 1215 4023 λοιμοῦ
1232 3951 1261 4005 Μ
1321 3949 1461 4005 malim:
1478 3939 1607 4021 (οὕτως)

347 4045 396 4100 καὶ
475 4037 511 4101 τὰ
529 4040 626 4095 om.U
714 4044 745 4095 12
763 4034 928 4097 διάκειτεῑί
1017 4043 1048 4092 14
1066 4039 1171 4104 πίθους
1188 4036 1218 4091 Μ
1307 4039 1339 4090 16
1357 4035 1499 4108 είλίγγους
1515 4033 1604 4098 ΠΒΜ,

348 4126 515 4201 ιιιγγουιτ
596 4117 652 4184 ὅσα
670 4127 701 4185 ιι
719 4124 807 4193 σου,
825 4115 882 4182 ὅσα
900 4128 962 4189 (om.
980 4123 1061 4191 ουτ
1150 4127 1181 4177 ιε
1199 4124 1302 4192 μεσπι
1319 4119 1345 4177 u
1363 4137 1397 4176 m.
1415 4134 1457 4190 pr.
1475 4117 1538 4186 υιι,
1554 4138 1605 4188 μι-

347 4211 461 4274 στὸνΤ
568 4218 598 4269 12
615 4211 650 4270 ἐκ
667 4211 752 4268 delevi
856 4214 889 4266 20
907 4200 1050 4282 ὧόπερΰ
1159 4212 1190 4264 21
1209 4205 1395 4281 έπιτείνηνῦ
1492 4207 1526 4259 24
1541 4201 1605 4260 ἐλα-

347 4299 494 4374 φροτέρας
515 4299 546 4358 δέ
561 4297 643 4369 (τὰς)
660 4294 765 4367 scripsi,
783 4293 884 4371 ἑτέρας
901 4295 932 4354 δὲ
948 4295 1010 4351 libri
1099 4285 1171 4352 αύτά
1189 4293 1268 4348 UBM
1288 4309 1323 4348 m.
1341 4308 1393 4363 pr..
1409 4283 1497 4357 αὑτὰς
1514 4287 1538 4343 Τ

348 4391 381 4442 26
399 4382 450 4452 δξὺ
467 4385 515 4442 UB
601 4382 718 4455 παχύΒ
805 4386 836 4436 27
856 4378 887 4438 εἴ
898 4379 967 4438 τιῐ]
1053 4373 1273 4452 δπιρβάλλοιῦ
1360 4382 1393 4433 28
1411 4379 1538 4434 τοιαῖσδε
1553 4389 1604 4444 pro

348 4475 483 4530 τοσαῖσδε
501 4468 556 4525 ΠΜ
573 4467 612 4534 (in
629 4468 682 4524 Ιιοσ
699 4481 835 4538 superscr.
854 4469 998 4533 τοσαῖσδε)
1079 4468 1112 4519 30
1129 4460 1252 4530 ἕκαστος
1270 4464 1293 4519 U
1380 4466 1410 4517 ³1
1431 4457 1469 4518 ἀν
1484 4457 1558 4526 (τις)
1575 4457 1607 4526 ἐξ

347 4555 426 4625 Emp.
444 4555 483 4621 (in
499 4552 616 4620 schedis)
686 4556 719 4606 32
735 4555 886 4610 καταλίποι
903 4551 928 4608 U
