3526 5264
371 373 435 434 222
789 369 914 428 DIONIS
932 369 983 427 DE
1000 368 1215 426 ΙιΙΒΕΒΤΛΤΕ

370 551 554 627 τοιούτων,
583 549 669 632 ύπέρ
693 546 739 610 ὧν
761 548 877 627 ἔχουσι
905 548 965 632 τήν
989 552 1101 608 πᾶσαν
1125 542 1277 632 σπουδὴν
1305 545 1363 608 καλ
1384 535 1443 630 ἐφ’
1470 543 1523 620 οἷς
1545 545 1636 607 θαυ-

369 647 535 734 μάζουσιν
558 652 593 713 οἱ
615 647 739 713 πολλοὶ
760 652 839 725 τούς
866 653 1102 734 κεκτημένους,
1132 645 1228 710 οὐδέν
1257 649 1351 710 ἐστιν
1380 642 1522 732 όφελος,
1552 635 1630 707 ἀλλ’

372 751 531 835 οὐδεμιᾶς
553 750 633 831 ἄξια
657 751 805 839 δραχμῆς
827 753 869 815 τά
894 755 1092 834 σύμπαντα·
1116 740 1190 814 οὐδ’
1216 751 1258 812 ἂν
1272 753 1422 832 γένοιντο
1445 749 1635 830 ἄνθρωποί

370 877 458 920 ποτε
485 854 683 938 εύδαόμονες
711 857 851 941 ἀνόητοι
877 855 935 918 καὶ
963 856 1130 941 άφρονες,
1159 842 1232 916 οὐδ’
1264 854 1306 915 ἂν
1335 854 1393 914 τόν
1422 852 1457 913 έν
1485 852 1633 926 Σούσοις

369 956 582 1045 παράδεισον
605 961 799 1044 οἰκήσωσιν,
822 958 860 1034 δς
881 954 932 1043 ἦν,
956 958 1002 1033 ὥς
1025 973 1123 1044 φασι,
1144 959 1316 1040 μετέωρος
1339 956 1440 1029 ἅπας.
1651 962 1667 1013 ⁶

410 1499 485 1580 (63)
514 1495 629 1578 ΤΩΝ
656 1496 733 1579 ΕΝ
762 1495 1022 1579 ΚΙΛΙΚΙΑΙ
1049 1495 1187 1579 ΠΕΡΙ
1214 1492 1581 1578 ΕΛΕΥΘΕΡΙΑΣ
1645 1513 1743 1565 <mm

962 1671 1058 1682 1——

327 1801 342 1862 1
451 1781 560 1871 Ὑμεῖς
581 1792 643 1872 μέν
666 1789 750 1867 ἴσως
772 1787 965 1872 θαυμάζετε
986 1791 1043 1854 καὶ
1065 1787 1262 1875 παράδοξον
1283 1790 1424 1874 ἡγεῖσθε
1445 1791 1504 1852 καὶ
1529 1787 1629 1853 ούδα-

364 1888 439 1972 μαἰς
463 1900 723 1978 σωφρονοῦντος
751 1890 891 1978 ἀνδρός,
921 1896 1016 1968 ὅστις
1044 1894 1206 1956 ἁπάντων
1235 1893 1411 1969 ἀποστάς,
1439 1893 1520 1978 περὶ
1549 1894 1630 1955 dol

364 1991 490 2058 πολλοὶ
513 1991 761 2074 σπουδάζουσι,
787 1998 845 2059 καὶ
866 1998 995 2081 τρόπον
1017 1996 1093 2058 τινά
1116 1997 1221 2071 ἐάσας
1242 1995 1327 2057 κατὰ
1349 1995 1431 2078 ῥοῦν
1455 1993 1629 2080 φέρεσθαι

361 2098 518 2183 χρήματά
533 2119 570 2162 τε
591 2101 648 2162 καὶ
664 2095 766 2176 δόξας
779 2099 836 2162 καλ
850 2095 983 2182 ηδονάς,
1007 2099 1084 2162 ούτε
1098 2099 1245 2184 γεωργδς
1257 2097 1333 2160 οδτε
1347 2093 1533 2182 ναύκληρος
1549 2095 1627 2159 αδτα

363 2203 574 2286 στρατιώτης
586 2201 662 2265 σύτο
681 2202 867 2287 στρατηγός
888 2202 1067 2286 περίεισιν,
1084 2193 1123 2264 ού
1138 2202 1343 2281 σκυτοτόμος
1359 2201 1397 2262 ού
1412 2203 1547 2278 τέκτων,
1564 2201 1622 2262 ούκ
1646 2208 1677 2260 10

362 2302 490 2386 ἰατρός,
515 2304 554 2365 ού
575 2305 699 2390 ῥητωρ,
723 2303 782 2366 ούκ
803 2299 886 2364 ἄλλο
909 2323 945 2366 τι
967 2303 1114 2388 σύνηθες
1140 2307 1279 2387 πράγμα
1302 2299 1422 2380 ποιιῖν,
1447 2303 1573 2366 ούτωσλ
1588 2299 1625 2366 δὲ
1640 2315 1733 2366 (m)

361 2405 502 2480 ἀτόπως
514 2408 575 2468 έών
586 2406 690 2468 τεκαὶ
700 2405 815 2468 ἀπιὼν
825 2405 882 2468 καὶ
894 2407 1157 2490 παριστάμενος,
1169 2402 1370 2490 όνθαμηδὲν
1382 2404 1474 2488 αύτῷ
1485 2407 1624 2488 πρᾶγμά

319 2515 341 2577 2
363 2507 468 2584 έστιν,
491 2499 568 2569 ἀλλ’
593 2508 640 2582 ὡς
654 2507 696 2568 άν
711 2509 791 2590 τύχη
806 2526 844 2568 τε
857 2507 916 2569 καλ
930 2507 1077 2592 όρμηση·
1098 2503 1320 2592 βουλευτήρια
1343 2507 1404 2587 μὲν
1418 2507 1475 2570 καλ
1489 2506 1624 2590 θέατρα

359 2608 419 2671 καὶ
442 2605 624 2691 συλλόγους
646 2609 827 2688 ἀτιμάσας,
851 2604 1077 2693 ἐκκλησιάζων
1100 2606 1136 2672 δέ
1151 2612 1256 2690 μόνος
1272 2610 1388 2685 αύτός·
1410 2609 1468 2672 καλ
1481 2607 1626 2693 θεωριῖν

360 2711 419 2772 ούκ
441 2712 664 2796 ὀρχουμένους
686 2706 763 2772 ούδέ
786 2701 933 2794 ᾄδοντας
956 2707 1032 2773 ούδέ
1056 2713 1282 2788 πυκτεύοντας
1305 2708 1382 2775 ούδέ
1398 2709 1620 2791 παλαόοντας,
1642 2719 1676 2770 15

360 2804 440 2875 ἀλλ’
465 2814 676 2894 ὠνουμένους
701 2815 758 2876 καὶ
786 2808 988 2896 βαδίζοντας
1013 2815 1071 2878 καλ
1099 2811 1283 2891 λαλοῦντας
1310 2818 1368 2878 καὶ
1394 2819 1622 2896 μαχομένους·

360 2917 447 2979 ποτέ
469 2917 531 2997 μὲν
553 2919 690 2992 τούτοις
712 2918 825 2980 ἅπασι
847 2921 1024 3000 προσέχων
1047 2917 1086 2980 εό
1104 2914 1195 2998 μάλα
1216 2920 1275 2981 καλ
1302 2920 1511 3004 τερπόμενος
1533 2914 1622 2980 πολύ

361 3017 535 3104 μάλλονῆ
568 3016 692 3094 παῖδες
720 3020 756 3081 έν
785 3019 895 3100 ἀγῶσι
921 3022 979 3082 καὶ
1005 3021 1187 3104 θεάτροις,
1216 3011 1254 3083 οὐ
1285 3017 1623 3105 προκαταλαμβάνων

361 3114 440 3187 ούδέ
463 3120 641 3205 ἀγρυπνῶν
665 3113 742 3184 οὐδὲ
764 3119 989 3202 θλιβόμενος·
1013 3124 1098 3185 ποτέ
1115 3120 1151 3186 δέ
1167 3122 1213 3186 αδ
1224 3113 1306 3203 μήτ’
1332 3123 1463 3186 ἀκούων
1477 3118 1622 3207 μηδενός

356 3217 448 3310 μήθ’
474 3223 576 3309 όριῖιν,
606 3220 692 3286 ἀλλά
719 3216 803 3309 μηδ’
827 3221 916 3287 εἶναι
938 3220 1082 3306 νομίζων
1111 3217 1244 3304 αύτούς,
1265 3227 1390 3288 ἐννοῶν
1418 3225 1437 3286 δ
1458 3220 1618 3305 βούλεται
1641 3229 1673 3281 m

316 3331 335 3396 3
357 3329 414 3392 καλ
435 3329 596 3413 πράττων
618 3323 737 3402 ἀδεῶς.
781 3326 845 3407 έγώ
870 3322 907 3389 δέ
929 3334 1028 3390 τούτο
1050 3329 1113 3410 μέν
1136 3323 1291 3411 λαμπρὸν
1312 3331 1457 3411 ἠγοῦμαι
1478 3327 1535 3389 καὶ
1554 3346 1619 3405 μα·

354 3432 485 3515 κάριον,
509 3428 616 3505 εἴτις
637 3431 673 3493 έν
696 3431 844 3505 οἰκέταις
867 3427 1049 3515 ἐλεύθερος
1071 3428 1161 3495 εἶναι
1176 3427 1318 3494 δύναται
1331 3431 1389 3494 καλ
1402 3431 1439 3492 ἐν
1454 3430 1620 3514 ὑπηκόοις

355 3524 564 3615 αὐτόνομος·
592 3535 679 3618 ύπέρ
711 3531 754 3596 ού
779 3530 891 3596 πολλὰ
913 3536 975 3615 μέν
996 3531 1112 3598 Λυδοὶ
1135 3530 1257 3618 Φρυξί,
1286 3529 1398 3596 πολλά
1428 3530 1464 3596 δέ
1489 3528 1620 3616 Φρύγες

444 3787 605 3858 ύόραγμῆς
622 3784 653 3839 Μ
721 3781 757 3844 τὰ
776 3801 826 3840 om.
845 3785 876 3841 Μ
894 3802 930 3842 m.
947 3800 989 3855 pr.
1072 3777 1154 3843 αὐτοὶ
1171 3801 1222 3857 pro
1239 3782 1435 3859 ἄνθρωπαιΒ
1505 3783 1619 3842 boben-

354 3865 532 3941 δομήσουσιν
549 3869 574 3926 U
592 3886 627 3926 m.
645 3886 688 3940 pr.
707 3870 776 3937 Bu,
799 3861 1028 3942 οἰκοδομήσωσιν
1046 3885 1116 3928 corr.
1134 3870 1160 3927 11
1177 3867 1365 3944 ἐνοικήσουσιν
1381 3869 1522 3932 ΒολοΙιίιιο.
1540 3864 1620 3942 olm}-

356 3973 449 4012 τυσιν
465 3955 548 4012 Dind.
630 3956 755 4012 Titulus:
773 3961 833 4014 τάν
849 3957 882 4014 ἐν
901 3958 1013 4033 Κιλικίᾳ
1030 3972 1084 4013 om.
1101 3956 1139 4023 Βς
1157 3956 1194 4012 εἰ.
1211 3956 1247 4011 τά
1263 3956 1371 4011 titulum
1388 3955 1521 4011 orationis
1537 3967 1619 4024 μειο-

356 4039 481 4096 cedentis
549 4035 664 4113 σὴμεις
680 4042 710 4096 Μ
786 4038 857 4109 ἴσως
872 4061 909 4112 με
927 4042 958 4098 Μ
975 4039 1045 4109 ἴσως
1061 4041 1116 4110 μὲν
1132 4041 1156 4098 U
1173 4041 1232 4107 (sed
1249 4041 1303 4111 μὲν
1320 4041 1452 4111 expunxit
1469 4041 1550 4107 corr.)

355 4118 490 4198 ἡγεῖσθαι
506 4126 537 4182 ΙΙ
607 4132 637 4182 11
658 4131 751 4184 ποιῶν
767 4127 858 4198 Emp„
874 4121 977 4184 κοινὸν
992 4125 1056 4182 libri
1137 4130 1168 4181 14
1185 4127 1360 4200 συλλέγουσα
1378 4121 1501 4197 τιμάσας
1517 4123 1548 4179 ΙΙ

357 4215 388 4267 18
407 4207 430 4285 ἤ
449 4215 548 4278 παῖδος
570 4215 743 4282 suspectum
764 4215 882 4270 fortasse
898 4207 917 4285 ἢ
934 4207 1026 4282 ὖμεῐς,
1050 4211 1123 4281 quod
1144 4227 1194 4283 per
1211 4207 1230 4284 ἢ
1245 4206 1326 4285 ἡμεῖς
1342 4213 1371 4269 in
1387 4209 1407 4286 ἢ
1423 4214 1522 4275 παῖδες
1540 4207 1619 4265 thim

353 4297 448 4366 potuit
518 4301 549 4352 19
566 4297 759 4372 θλειβόμενος
775 4299 800 4351 Μ
870 4287 906 4356 αδ
924 4298 1051 4364 Οιιευο,
1068 4292 1106 4355 ἂν
1122 4295 1186 4352 libri
1252 4293 1421 4369 μηθενὸςΜ
1490 4301 1523 4351 20
1541 4286 1616 4354 ἀλλὰ

349 4375 422 4452 μηδ’
443 4378 516 4439 εἶναι
532 4381 613 4453 Emp.
632 4375 705 4440 άλλά
723 4377 790 4455 μηδ’
809 4381 912 4440 εἰδέναι
929 4381 978 4440 ῐΙΒ
996 4377 1024 4440 δ’
1042 4381 1145 4442 εἰδέναι
1162 4382 1192 4438 Μ
1209 4386 1273 4448 (om.
1291 4381 1374 4450 άλλᾶ)
1441 4385 1475 4435 22
1492 4379 1525 4439 ἐν
1543 4378 1618 4438 οἰκέ-

349 4483 418 4532 ταις
438 4465 564 4535 casaub„
582 4465 614 4524 έν
633 4467 753 4535 οἰκείαις
770 4466 794 4523 Β
810 4465 843 4526 ἐν
861 4468 965 4534 οἰκίαις
981 4468 1036 4526 UM
1140 4471 1172 4523 23
1190 4467 1220 4526 δὲ
1237 4467 1299 4524 εδδ,
1316 4467 1395 4537 Εωρ.
1411 4472 1475 4536 pont
1492 4455 1543 4536 οὗ,Ι
1560 4481 1617 4522 non

349 4550 454 4618 probo,
472 4563 536 4606 nm
552 4551 591 4606 ini
608 4551 662 4622 μὲν
677 4552 695 4608 l.
708 4555 735 4619 (6
752 4555 790 4620 ά)
808 4557 836 4608 21
858 4553 1004 4624 respondet
1021 4549 1094 4612 πολὺ
1111 4553 1269 4624 δὲμᾶλλον
1285 4569 1313 4623 p.
1327 4556 1408 4623 mo
