3452 5264
302 265 340 320 VI
821 271 1041 329 Panaenum.

303 458 499 524 euperarem.
544 441 606 522 Qui
629 445 733 512 voluit
753 443 863 512 dicere
886 451 919 512 et
939 452 1013 512 ante
1037 451 1164 532 etpost
1186 447 1357 518 Zalmoxin
1378 451 1561 534 sapientiae

302 540 452 612 doctores
479 545 568 628 apud
589 544 688 614 Getas
716 545 826 615 fuisse.
871 548 1041 615 Dieineum
1064 548 1176 616 Sullae
1204 555 1312 618 aetate
1339 553 1439 620 fuisse
1462 573 1490 619 c.
1512 552 1562 618 XI

304 649 458 712 narratur.
496 647 646 714 Potuitne
669 649 834 718 Zalmoxis
857 651 970 717 tertius
992 657 1066 734 post
1079 651 1171 717 illum
1187 653 1372 720 nominari?
1408 652 1504 732 Quod
1518 654 1561 720 ad

303 745 446 816 Pileatos
479 749 610 831 attinet,
644 750 860 819 hlommsenus
892 752 958 818 iam
990 752 1098 818 attulit
1129 753 1235 821 locum
1268 773 1311 820 ex
1340 754 1563 840 chrysostomi

305 868 350 913 or.
373 847 499 914 LXXII
520 853 538 927 ξ
561 853 580 916 3
610 855 697 916 ἔνθα
723 855 785 938 γὰρ
813 856 921 920 ἐνίοτε
951 853 1137 936 βλέπουσιν
1166 858 1375 941 ἀνθρώπους
1398 861 1477 934 τοὺς
1502 863 1564 936 μέν

305 971 400 1027 τινας
423 950 545 1030 πίλους
566 957 626 1020 ἐπὶ
648 961 724 1032 ταῖς
745 955 912 1042 κεφαλαῖς
930 959 1077 1038 ἔχοντας,
1098 959 1145 1033 ὡς
1160 966 1217 1021 νῦν
1232 966 1299 1022 τῶν
1317 959 1459 1044 Θρᾳκῶν
1474 980 1564 1034 τινες

305 1061 372 1121 τῶν
394 1059 506 1120 Γετῶν
530 1053 724 1139 λεγομένων.
769 1059 876 1142 Atque
897 1059 1100 1142 aptissimum
1123 1078 1196 1128 esse
1218 1059 1316 1126 Dioni
1340 1059 1401 1128 hoc
1424 1059 1565 1128 studium

307 1154 534 1321 philosophiae
555 1157 643 1242 apud
667 1160 820 1226 barbaras
843 1168 955 1244 gentes
970 1161 1110 1244 vigentis
1129 1161 1234 1229 sciunt
1248 1162 1304 1246 qui
1319 1163 1480 1229 orationes
1496 1161 1566 1228 eius

320 1266 463 1340 egerunt.

393 1360 512 1428 Iterum
534 1362 650 1430 Dionis
672 1364 793 1430 mentio
815 1364 953 1432 occurrit
974 1365 1008 1429 in
1031 1383 1058 1432 e.
1081 1363 1140 1448 IX,
1165 1365 1223 1429 58:

392 1460 547 1544 rragm.
563 1462 604 1529 ll.
641 1465 729 1548 „Dio
744 1467 879 1534 ataricus
896 1471 929 1533 et
942 1467 1169 1550 antiquitatum
1185 1467 1449 1550 diligentissimus
1462 1467 1568 1550 inqui·

309 1562 397 1647 eitor,
421 1564 476 1647 qui
499 1565 589 1650 operi
611 1587 670 1635 suo
685 1566 801 1635 Getica
822 1567 949 1635 titulum
972 1566 1063 1635 dedit
1085 1603 1125 1614 -
1148 1601 1191 1614 -
1213 1567 1267 1636 hic
1285 1569 1348 1636 Dio
1371 1587 1481 1652 regem
1502 1567 1568 1633 illis

309 1669 383 1748 post
405 1673 551 1749 tempora
571 1669 673 1736 mults
694 1677 923 1738 commemorat
944 1671 1073 1737 nomine
1096 1668 1310 1756 'l'elephumf‘

395 1764 486 1844 Quae
507 1768 629 1838 deinde
651 1779 798 1840 narratur
818 1793 840 1839 a
862 1772 999 1839 Iordane
1015 1771 1155 1858 Telephi
1176 1771 1312 1840 historin
1326 1791 1389 1838 non
1405 1791 1447 1838 ex
1463 1772 1569 1840 Dione

311 1874 439 1954 sumpta
466 1876 530 1954 est,
558 1873 617 1940 sed
639 1893 681 1942 ex
703 1875 831 1959 Dictye.
875 1873 960 1942 Vide
985 1875 1074 1942 locos
1096 1896 1118 1941 a
1138 1874 1337 1942 lllommseno
1359 1875 1492 1958 chates,
1515 1873 1572 1956 qui

310 1971 427 2051 parlim
458 1972 554 2042 etiam
581 1976 689 2044 verbis
719 1976 914 2062 conspirant.
957 1975 1025 2043 Sed
1051 1977 1189 2044 Dionem
1216 1995 1344 2060 quoque
1373 1982 1495 2043 certum
1523 1981 1573 2042 est
1666 1997 1672 2014 ·

312 2071 456 2142 Moesiae
477 2095 586 2159 regem
609 2079 791 2164 Telephum
815 2079 949 2163 dixisse,
971 2080 1080 2164 llysos
1103 2078 1235 2147 eosdem
1259 2084 1448 2160 essentque
1471 2077 1572 2144 Getas

313 2174 509 2246 arbitratum.

398 2277 510 2344 Tertia
532 2279 648 2347 Dionis
671 2284 791 2351 mentio
814 2285 952 2350 occurrit
973 2284 1006 2350 in
1029 2303 1056 2348 o.
1079 2283 1121 2364 X,
1138 2286 1194 2348 65:

396 2379 550 2464 Fragm.
573 2383 622 2450 111
644 2379 849 2470 „[Philippus
871 2403 1015 2468 quoque,
1038 2391 1131 2468 pater
1152 2383 1332 2451 Alexandri
1354 2382 1474 2466 Magni,
1499 2400 1571 2448 oum

314 2478 428 2547 Gothis
457 2483 617 2551 amicitias
646 2484 801 2569 copulans
831 2486 1003 2570 hledopam
1034 2484 1174 2551 Gudilae
1203 2486 1290 2568 regis
1318 2483 1418 2550 liliam
1446 2484 1575 2566 accepit

315 2602 458 2658 uxorem,
480 2590 516 2651 ut
537 2585 594 2652 tall
609 2584 764 2654 affinitate
784 2588 952 2654 roboratus
967 2586 1178 2652 Macedonum
1195 2605 1296 2668 regna
1310 2579 1473 2669 firmaret]
1510 2602 1575 2667 qua

314 2689 506 2768 tempestate
528 2685 592 2752 Dio
620 2688 737 2754 slorino
765 2688 893 2754 dicente
921 2687 1092 2771 Philippus
1124 2687 1235 2771 inopia
1262 2687 1420 2770 pecuniae
1448 2705 1573 2770 passus,

315 2783 543 2869 Odyssitanam
565 2788 708 2858 Moesiae
735 2790 899 2858 civitatem
929 2789 1091 2856 instructis
1120 2789 1223 2872 copiis
1251 2793 1380 2855 vastare
1403 2787 1573 2869 deliberat,

315 2904 399 2969 quae
428 2894 503 2956 tune
525 2897 656 2974 propter
678 2893 819 2959 vicinam
842 2891 985 2959 Thomas
1007 2888 1123 2958 Gothis
1146 2896 1215 2957 erat
1237 2889 1390 2956 subiecta.
1433 2888 1576 2955 undeet
1693 2932 1701 2948 ι

317 2989 503 3059 sacerdotes
526 2991 704 3060 Gothorum
726 2995 775 3060 illi
798 2996 855 3079 qui
877 2994 924 3080 pli
946 2994 1146 3063 vocabantur
1168 2992 1273 3060 subito
1288 2989 1459 3077 patefactis
1473 2992 1574 3074 portis

317 3109 389 3158 cum
420 3092 552 3162 citharis
581 3097 614 3157 et
641 3092 787 3160 vestibus
809 3092 956 3160 candidis
984 3093 1105 3174 egressi
1127 3091 1240 3175 patriis
1263 3090 1336 3173 diis,
1359 3096 1394 3157 ut
1416 3088 1479 3156 sibi
1501 3107 1573 3173 pro·

316 3193 389 3278 pilii
406 3193 600 3264 Macedonas
622 3195 826 3278 repellerent,
849 3213 931 3261 voce
953 3193 1093 3278 supplici
1115 3193 1327 3261 modulantes.
1364 3211 1445 3277 qnos
1467 3190 1573 3258 hlace·

316 3293 417 3366 dones
439 3296 487 3364 sio
508 3295 701 3366 fiducialiter
723 3297 785 3364 sibi
807 3316 976 3366 occurrere
998 3303 1185 3364 contuentes
1207 3298 1384 3382 stupiseent
1406 3300 1448 3378 et,
1464 3294 1492 3360 si
1508 3293 1574 3360 dici

316 3394 365 3465 fas
389 3403 447 3482 est,
470 3399 512 3465 ab
535 3399 710 3468 inermibus
732 3405 889 3468 terrentur
910 3401 1035 3468 armati.
1073 3419 1134 3468 neo
1156 3418 1246 3467 mora
1267 3399 1372 3466 soluta
1390 3397 1461 3464 acie
1476 3414 1574 3478 quam

316 3497 360 3566 ad
382 3498 568 3568 bellandum
591 3507 846 3586 construxerant,
868 3522 933 3570 non
954 3509 1076 3572 tantum
1092 3502 1134 3569 ab
1150 3501 1239 3570 urhis
1254 3499 1382 3568 excidio
1396 3496 1574 3580 <abstinue-

316 3607 389 3666 runt
410 3601 486 3668 add.
509 3599 752 3689 hlommscnus>,
774 3623 887 3672 verum
910 3605 1007 3671 etiam
1030 3610 1063 3671 et
1081 3624 1161 3688 quos
1176 3604 1254 3670 loris
1268 3602 1397 3669 fuerant
1412 3602 1481 3667 iure
1495 3599 1575 3668 belli

316 3702 442 3788 adepti,
474 3705 699 3792 reddiderunt,
730 3707 909 3792 foedusque
937 3708 1016 3774 inito
1050 3705 1095 3772 ad
1123 3725 1181 3772 sna
1209 3705 1331 3772 reversi
1361 3709 1443 3770 sunt
1488 3700 1576 3786 quod

318 3803 427 3872 dolum
455 3814 530 3892 post
559 3810 690 3892 longum
713 3817 839 3896 tempus
861 3809 1069 3877 reminiscens
1091 3806 1240 3890 egregius
1263 3803 1442 3872 Gothorum
1463 3803 1577 3870 ductor

317 3905 497 3993 Sithalcus,
530 3909 583 3978 GL
617 3912 758 3980 virorum
794 3912 924 3980 milibus
957 3909 1160 3993 congregatis
1188 3905 1438 3976 Atheniensibus
1469 3904 1578 3972 intulit

317 4009 437 4077 bellum
450 4011 807 4082 adversusPerdiccam
819 4009 1162 4095 Macedoniaeregem,
1175 4029 1271 4094 quom
1283 4008 1521 4076 Alexander-
1534 4041 1578 4054 -

316 4109 561 4184 Atheniensium
591 4115 787 4199 principatui
817 4111 1013 4180 hereditario
1047 4113 1116 4180 iure
1146 4114 1323 4196 reliquerat
1350 4127 1578 4179 successorem.

318 4213 436 4296 ddagno
458 4216 584 4298 proelio
607 4237 678 4286 oum
707 4216 769 4284 hoe
791 4215 870 4282 inito
892 4212 992 4281 Gothi
1015 4215 1198 4299 superiores
1220 4214 1343 4282 inventi
1365 4219 1454 4294 eunt,
1477 4217 1510 4280 et
1531 4211 1580 4278 sic

318 4334 377 4399 pro
403 4317 531 4401 iniuria,
554 4338 620 4403 qua
640 4318 690 4387 illi
713 4320 745 4387 in
768 4317 892 4386 Moesia
918 4317 1038 4386 dadum
1061 4315 1221 4402 fecissent,
1244 4317 1298 4386 isti
1320 4317 1353 4383 in
1375 4314 1492 4383 Gracia
1514 4311 1580 4380 dis·

315 4425 479 4488 currentes
502 4427 647 4491 cunctam
669 4421 893 4490 Macedoniam
915 4419 1155 4490 vastaverunt.“
