3476 5264
312 351 376 411 266
681 349 806 408 nloms
823 345 875 408 DE
892 345 1195 409 Puhounnunmss

314 529 392 604 σίας
413 547 449 590 τε
470 528 528 590 καί
548 522 673 606 μίξεως
695 527 849 612 ἀρρενος,
873 528 894 587 ά
915 524 1077 589 καλοῦσιν
1098 528 1279 614 ὑπηνέμια,
1302 531 1349 606 ὡς
1370 523 1432 592 ὑπ’
1457 530 1571 612 ἀνέμῳ

314 632 551 716 προσπεσόντι
572 631 759 711 γιγνόμενα.
817 626 963 715 όθενόη
992 631 1049 691 καί
1061 621 1224 716 Ὅμηρος,
1252 633 1330 711 έμοί
1357 628 1484 710 όοκεῖν,
1515 633 1574 694 οόκ

281 741 285 750 “
316 731 482 795 ἀόόνατον
514 733 725 817 ἡγησάμενος
759 728 836 793 οόόί
870 731 1048 794 ἀπίθανον
1079 737 1153 808 τοῖς
1186 733 1390 819 ἀνθρώποις
1425 741 1575 820 φανῆναι
1585 751 1711 802 (ωοαω

317 836 437 897 ίππων
452 835 640 919 ὑπηνέμιον
654 837 760 916 γένος,
782 836 842 896 τόν
856 835 989 918 Βορρᾶν
1005 836 1071 920 ἔφη
1087 835 1279 920 ἐρασθέντα
1298 839 1459 921 Τρωικῶν
1473 854 1576 899 τινων

317 939 437 1000 ίππων
458 933 634 1023 ἐμπλῆσαί
654 957 691 1000 τε
714 937 818 1012 αότάς
839 945 939 1022 γονης
960 939 1016 1000 καί
1037 943 1133 1020 γένος
1157 939 1276 1002 ίππων
1297 935 1335 1016 έξ
1356 939 1467 1002 αὐτῶν
1488 943 1578 1021 γενέ·
1599 952 1726 1008 um)

320 1042 417 1103 σθαι.
480 1033 658 1124 [πολλάκις
686 1042 722 1102 ίκ
749 1057 843 1115 τινος
870 1041 1111 1126 ἐνθυμήματος
1139 1039 1289 1124 ψευδοῦς
1316 1043 1373 1104 καί
1408 1034 1577 1105 ἀδυνάτου

267 1146 308 1210 26
320 1144 494 1230 ἀποβῆναι
517 1150 653 1228 πρᾶγμα
676 1136 828 1228 ἀληθές]
865 1142 998 1229 εἴρηται
1013 1141 1052 1206 δέ
1071 1161 1133 1224 μοι
1155 1142 1269 1208 πάντα
1284 1152 1390 1207 ταῦτα
1405 1135 1470 1205 ἀπ’
1496 1143 1580 1206 έκεί-

318 1267 378 1332 νης
392 1255 452 1333 της
467 1247 570 1333 ἀρχῆς
584 1248 641 1310 καί
656 1248 831 1333 ἐκτροπῆς,
855 1249 909 1309 ότι
932 1243 988 1310 ἀεῖ
998 1249 1058 1333 τήν
1073 1250 1185 1334 ψυχήν
1200 1243 1386 1324 ἐθίζεσθαι
1400 1245 1443 1308 τά
1459 1242 1580 1308 δέοντα

320 1347 562 1434 πράττεινκαὶ
585 1347 805 1413 ἀιανσεῖσθαι
828 1357 1003 1430 πανταχοῦ
1016 1370 1053 1412 τε
1079 1351 1138 1413 καί
1151 1351 1187 1414 ίν
1210 1352 1338 1414 ἅπαντι
1360 1349 1500 1434 θορύβῳ
1523 1348 1581 1410 καί

320 1455 356 1516 όν
377 1446 496 1537 ἁπάσῃ
512 1453 642 1536 ήσυχίᾳ.
682 1453 713 1514 εί
735 1449 772 1514 ἀί
794 1453 850 1538 μή,
874 1454 913 1514 τό
935 1460 996 1538 τῆς
1017 1453 1160 1537 ἐρημίας
1181 1472 1218 1515 τε
1238 1453 1295 1516 καί
1316 1453 1456 1538 ήσυχίας
1479 1447 1576 1514 οὐδὲν
1599 1463 1630 1516 10

319 1550 435 1632 μεῖζον
455 1556 512 1616 καί
534 1550 790 1639 ἀσφαλέστερον
818 1559 892 1629 τοῖς
914 1555 1073 1640 ἀνοήτοις
1101 1561 1168 1618 τῶν
1197 1555 1395 1640 ἀνθρώπων
1425 1555 1512 1639 πρός
1541 1554 1581 1615 τό

321 1660 366 1744 μή
391 1653 502 1719 πολλὰ
524 1655 581 1718 καί
603 1657 718 1717 ἀτοπα
742 1652 964 1718 διανοεῖσθαί
985 1675 1021 1718 τε
1043 1657 1100 1720 καί
1121 1652 1337 1741 ἁμαρτάνειν.

853 1877 1052 1887 —-—-—..

649 2081 722 2160 (71)
752 2075 905 2162 ΠΕΡΙ
935 2075 1261 2159 ΚΑΛΛΟΥΣ

289 2385 304 2446 1
414 2371 455 2434 A.
475 2362 531 2446 Ὡς
552 2368 685 2456 ὑψηλός
708 2372 727 2432 ό
749 2373 923 2447 νεανίσκος
943 2373 1000 2434 καί
1018 2373 1161 2457 ὡραῖος·
1184 2373 1237 2436 ἔτι
1259 2370 1296 2437 ἀί
1319 2375 1459 2459 ἀρχαῖον
1482 2373 1589 2436 αὐτοῦ

327 2476 366 2537 τό
389 2471 496 2551 εῑάος,
521 2474 594 2536 οίον
616 2475 681 2556 ἐγὼ
706 2475 764 2554 οὐχ
786 2477 917 2560 ἑώρακα
940 2482 1007 2537 τῶν
1030 2483 1096 2552 νῦν,
1124 2466 1201 2536 ἀλλ’
1226 2476 1245 2560 ή
1269 2481 1337 2538 τῶν
1357 2466 1585 2557 Ὀλυμπίασιν

328 2579 555 2656 ἀνακειμένων
577 2583 644 2638 τῶν
673 2573 762 2638 πάνυ
791 2574 964 2641 παλαιῶν·
993 2579 1030 2640 αί
1056 2576 1092 2640 ἀὲ
1120 2584 1187 2640 τῶν
1216 2577 1357 2661 ὕστερον
1385 2580 1511 2654 είκόνες
1533 2579 1588 2641 ἀεί
1609 2591 1639 2644 15

287 2679 295 2738 .’
325 2680 460 2764 χείρους
481 2679 538 2742 καί
560 2681 804 2764 ἀγεννεστέρων
827 2681 1019 2765 φαίνονται,
1046 2683 1084 2743 τό
1107 2685 1169 2760 μέν
1191 2701 1226 2743 τι
1246 2682 1315 2744 ὑπὸ
1338 2687 1407 2743 τῶν
1429 2678 1590 2768 δημιουρ·

328 2789 407 2865 γῶν,
429 2783 468 2844 τό
492 2778 528 2843 ἀί
552 2778 657 2844 πλέον
678 2784 735 2844 καί
758 2782 854 2846 αὐτοί
876 2783 1028 2845 τοιοῦτοί
1048 2785 1146 2846 εἰσιν.
1162 2815 1205 2826 -
1220 2762 1266 2846 'H
1285 2780 1396 2846 όεινόν
1419 2779 1536 2866 λέγεις,
1561 2784 1593 2846 εί

330 2886 447 2969 ὥσπερ
471 2888 578 2971 φυτόν
599 2905 634 2948 τι
655 2886 674 2970 ή
699 2880 784 2968 ζῷον
807 2882 1028 2949 ἐκλελοίπασι
1048 2883 1096 2968 τῷ
1116 2887 1226 2968 χρόνῳ
1250 2887 1286 2947 σί
1305 2881 1420 2962 καλοί,
1450 2883 1525 2946 οίον
1548 2877 1731 2970 (Montani

332 3005 421 3075 φασι
442 2991 521 3063 τοός
545 2985 683 3064 λέοντας
705 2990 836 3051 παθεῖν
858 2991 937 3064 τούς
960 2991 996 3052 έν
1017 2997 1060 3074 τῇ
1077 2989 1240 3074 Εὐρώπη·
1265 2989 1303 3049 οὐ
1325 2987 1388 3072 γάρ
1411 2987 1464 3050 ότι
1480 2987 1593 3050 αότῶν

331 3091 421 3155 είναι
448 3093 487 3154 τό
517 3095 629 3173 γένος·
657 3095 824 3177 πρότερον
853 3089 890 3154 ἀί
918 3087 1005 3178 ήσαν
1032 3093 1089 3155 καί
1117 3093 1198 3176 περί
1219 3086 1438 3152 Μακεδονίαν
1463 3091 1521 3153 καί
1553 3092 1589 3153 έν
1613 3101 1645 3153 20

295 3198 316 3260 2
338 3191 456 3269 ἀλλοις
477 3197 617 3269 τόποις·
639 3194 671 3256 εί
694 3195 801 3269 οότως
817 3193 947 3274 οἴχεται
962 3192 1001 3281 ἀή
1013 3191 1136 3270 κάλλος
1152 3191 1189 3271 άξ
1203 3194 1410 3275 ἀνθρώπων.
1427 3221 1471 3237 -·
1483 3195 1526 3256 Δ.
1546 3195 1595 3255 Τό

333 3317 370 3380 γε
400 3295 571 3381 ἀνδρεῖον,
601 3295 627 3359 ὦ
657 3294 829 3379 βέλτιστε·
858 3301 897 3360 τό
927 3303 1046 3378 μέντοι
1074 3301 1263 3379 γυναικεῖον
1292 3295 1377 3370 ίσως
1405 3289 1594 3372 πλεονάζει.

334 3401 417 3486 ἀνήρ
441 3397 477 3464 ἀὲ
499 3397 601 3474 καλός
625 3403 772 3464 σπάνιον
793 3401 854 3482 μὲν
875 3397 943 3485 (el)
964 3402 1113 3484 γίγνεται
1135 3407 1209 3477 νῦν,
1237 3400 1295 3461 καί
1315 3401 1494 3480 γενόμενος
1516 3399 1597 3472 τούς

335 3499 518 3578 πλείστους
541 3499 721 3582 λανθάνει,
751 3501 869 3586 πολλῷ
891 3500 1020 3584 μάλλον
1041 3505 1061 3589 ἢ
1085 3503 1120 3565 οί
1140 3499 1238 3565 καλοί
1260 3501 1368 3564 ίπποι
1389 3501 1469 3574 τοός
1492 3501 1596 3584 όρεω-

333 3609 467 3686 κόμους.
513 3607 544 3668 εί
568 3597 601 3667 δ’
626 3607 692 3690 ἀρα
713 3607 770 3668 καί
799 3608 949 3690 ἅψαιντο
977 3613 1046 3669 τῶν
1067 3607 1248 3683 τοιοότων,
1276 3593 1362 3684 μεθ’
1386 3602 1516 3686 ὕβρεως
1536 3601 1594 3663 καί
1616 3613 1647 3666 ²⁶

337 3712 424 3795 πρός
447 3707 544 3772 οόόὲν
567 3709 718 3792 ἀγαθόν·
742 3711 829 3772 ὥστε
847 3729 909 3790 μοι
925 3706 1062 3773 όοκοόσι
1077 3709 1134 3771 καί
1149 3709 1184 3770 σί
1196 3709 1371 3791 γενόμενοι
1386 3706 1468 3784 ταχό
1484 3700 1596 3788 λήγειν

336 3817 392 3878 καί
415 3807 658 3899 ἀφανίζεσθαι.
704 3811 827 3894 οὐγὰρ
856 3815 960 3892 μόνον
987 3817 1007 3896 ή
1037 3812 1137 3897 ἀρετή
1166 3809 1297 3891 έπαίνῳ
1328 3805 1483 3885 αὔξεται,
1511 3801 1600 3866 ἀλλὰ

423 4029 685 4106 λαεριπεσάντιΒ
755 4028 905 4106 λβορράν
923 4028 953 4083 Μ
1033 4022 1206 4093 ἀπολλάκις
1225 4055 1257 4066 -
1276 4031 1291 4079 ’ί
1309 4016 1416 4098 άληθὲς
1433 4023 1487 4080 dot
1504 4021 1600 4092 Eum

338 4123 388 4174 aut
405 4126 536 4190 corrupta
553 4121 618 4176 nunt
635 4124 684 4175 καί
700 4117 832 4174 lacunosa
850 4115 937 4184 (Wss.)
1006 4117 1131 4171 τταῦτα
1149 4108 1287 4170 πάνταίί
1347 4114 1380 4167 13
1398 4106 1502 4183 όρατος
1517 4107 1549 4163 Μ

340 4211 373 4262 1⁴
391 4204 502 4283 ἑόρακα
520 4205 550 4260 Μ
636 4210 668 4260 ¹5
686 4204 947 4262 παλαιῶνπαίόων
965 4200 1013 4257 UB
1100 4193 1237 4270 Πῆριυ
1256 4193 1329 4256 alu
1446 4189 1602 4249 fflmtlimt

338 4293 487 4354 ἐκλέλοιπε
503 4297 546 4371 τῷ
561 4291 668 4366 χρόνῳ,
685 4289 779 4346 deleti·
798 4287 826 4347 οί
842 4289 929 4346 καλοί
1005 4289 1038 4340 2³
1057 4281 1180 4342 σπάνιον
1197 4283 1251 4353 μὲν
1268 4281 1396 4355 γίγνεται
1413 4278 1444 4378 h}
1460 4279 1511 4336 καί
1527 4273 1604 4334 σπά-

339 4401 403 4440 νιον
418 4382 472 4452 μὲν
488 4384 538 4438 καί
555 4383 681 4454 γίγνεται
700 4377 757 4444 UB,
776 4371 899 4434 σπάνιον
915 4373 969 4444 μὲν
986 4371 1014 4430 εί
1028 4373 1156 4445 γίγνεται
1175 4367 1254 4439 Εωρ.
1357 4379 1530 4461 γιγνόμενος
1545 4357 1606 4418 ΠΜ

339 4462 492 4538 γινόμενος
507 4466 546 4536 Β,
570 4479 638 4520 corr.
657 4463 737 4533 amp.
859 4463 893 4514 24
911 4452 1134 4529 ἀρεσκόμοαςΒ
1256 4455 1290 4507 εί
1307 4441 1418 4524 ἅψαιτο
1435 4447 1513 4514 libn,
1531 4459 1605 4501 ααεε.

341 4550 468 4606 Βοίείιίαι
