<?xml version="1.0" encoding="UTF-8"?>
<!DOCTYPE html PUBLIC "-//W3C//DTD XHTML 1.0 Transitional//EN"
    "http://www.w3.org/TR/xhtml1/DTD/xhtml1-transitional.dtd">
<html xmlns="http://www.w3.org/1999/xhtml" xml:lang="en" lang="en">
 <head>
  <title>
</title>
<meta http-equiv="Content-Type" content="text/html;charset=utf-8" />
  <meta name='ocr-system' content='tesseract 3.04.00' />
  <meta name='ocr-capabilities' content='ocr_page ocr_carea ocr_par ocr_line ocrx_word'/>
</head>
<body>
  <div class='ocr_page' id='page_1' title='image "./quaeexstantomni01diogoog_0055.png"; bbox 0 0 3452 5264; ppageno 0'>
   <div class='ocr_carea' id='block_1_1' title="bbox 332 349 1042 442">
    <p class='ocr_par' dir='ltr' id='par_1_1' title="bbox 332 349 1042 442">
     <span class='ocr_line' id='line_1_1' title="bbox 332 349 1042 442; baseline -0.008 -29"><span class='ocrx_word' id='word_1_1' title='bbox 332 353 373 414; x_wconf 82' lang='grc' dir='ltr'><strong><em>ευ</em></strong></span> <span class='ocrx_word' id='word_1_2' title='bbox 465 437 467 442; x_wconf 16' lang='lat'><strong>¹</strong></span> <span class='ocrx_word' id='word_1_3' title='bbox 871 349 1042 408; x_wconf 76' lang='grc' dir='ltr'><strong><em>ιυοειῑιιι</em></strong></span> 
     </span>
    </p>
   </div>
   <div class='ocr_carea' id='block_1_2' title="bbox 281 526 1707 1841">
    <p class='ocr_par' dir='ltr' id='par_1_2' title="bbox 281 526 1707 1841">
     <span class='ocr_line' id='line_1_2' title="bbox 330 526 1592 620; baseline 0.001 -30"><span class='ocrx_word' id='word_1_4' title='bbox 330 529 350 614; x_wconf 78' lang='grc' dir='ltr'><em>ἢ</em></span> <span class='ocrx_word' id='word_1_5' title='bbox 374 529 528 613; x_wconf 76' lang='grc' dir='ltr'><strong><em>πρηστὴρ</em></strong></span> <span class='ocrx_word' id='word_1_6' title='bbox 550 527 570 612; x_wconf 81' lang='grc' dir='ltr'><strong><em>ἢ</em></strong></span> <span class='ocrx_word' id='word_1_7' title='bbox 595 527 745 612; x_wconf 78' lang='grc' dir='ltr'><strong><em>σκηπτὸς</em></strong></span> <span class='ocrx_word' id='word_1_8' title='bbox 766 526 925 605; x_wconf 84' lang='grc' dir='ltr'><strong><em>ἐμπεσών</em></strong></span> <span class='ocrx_word' id='word_1_9' title='bbox 950 545 1040 584; x_wconf 69' lang='grc' dir='ltr'><strong><em>τοι</em></strong></span> <span class='ocrx_word' id='word_1_10' title='bbox 1063 527 1164 590; x_wconf 92' lang='grc' dir='ltr'><strong><em>σείων</em></strong></span> <span class='ocrx_word' id='word_1_11' title='bbox 1185 528 1242 620; x_wconf 71' lang='grc' dir='ltr'><strong><em>καί</em></strong></span> <span class='ocrx_word' id='word_1_12' title='bbox 1264 530 1424 610; x_wconf 85' lang='grc' dir='ltr'><strong><em>κεραυνόν</em></strong></span> <span class='ocrx_word' id='word_1_13' title='bbox 1447 528 1592 592; x_wconf 74' lang='grc' dir='ltr'><strong><em>ίδύνων.</em></strong></span> 
     </span>
     <span class='ocr_line' id='line_1_3' title="bbox 331 621 1593 715; baseline 0 -21"><span class='ocrx_word' id='word_1_14' title='bbox 331 632 363 694; x_wconf 91' lang='grc' dir='ltr'><strong><em>εί</em></strong></span> <span class='ocrx_word' id='word_1_15' title='bbox 386 621 419 692; x_wconf 87' lang='grc' dir='ltr'><strong><em>δ’</em></strong></span> <span class='ocrx_word' id='word_1_16' title='bbox 444 631 519 692; x_wconf 82' lang='grc' dir='ltr'><strong><em>ἐστι</em></strong></span> <span class='ocrx_word' id='word_1_17' title='bbox 539 649 593 706; x_wconf 86' lang='grc' dir='ltr'><strong><em>τις</em></strong></span> <span class='ocrx_word' id='word_1_18' title='bbox 606 629 718 712; x_wconf 86' lang='grc' dir='ltr'><strong><em>κρίσις</em></strong></span> <span class='ocrx_word' id='word_1_19' title='bbox 733 625 943 712; x_wconf 76' lang='grc' dir='ltr'><strong><em>ἀνδριάντος,</em></strong></span> <span class='ocrx_word' id='word_1_20' title='bbox 967 629 1042 691; x_wconf 86' lang='grc' dir='ltr'><strong><em>υίαν</em></strong></span> <span class='ocrx_word' id='word_1_21' title='bbox 1066 629 1172 715; x_wconf 88' lang='grc' dir='ltr'><strong><em>φασίν</em></strong></span> <span class='ocrx_word' id='word_1_22' title='bbox 1193 629 1229 692; x_wconf 87' lang='grc' dir='ltr'><strong><em>ἐν</em></strong></span> <span class='ocrx_word' id='word_1_23' title='bbox 1245 630 1478 713; x_wconf 79' lang='grc' dir='ltr'><strong><em>Συρακούσαις</em></strong></span> <span class='ocrx_word' id='word_1_24' title='bbox 1500 636 1593 712; x_wconf 84' lang='grc' dir='ltr'><strong><em>γενό-</em></strong></span> 
     </span>
     <span class='ocr_line' id='line_1_4' title="bbox 334 727 1592 818; baseline 0.002 -24"><span class='ocrx_word' id='word_1_25' title='bbox 334 733 422 795; x_wconf 75' lang='grc' dir='ltr'><strong><em>σθαι</em></strong></span> <span class='ocrx_word' id='word_1_26' title='bbox 443 765 485 777; x_wconf 93' lang='lat'><em>-</em></span> <span class='ocrx_word' id='word_1_27' title='bbox 508 731 546 794; x_wconf 86' lang='grc' dir='ltr'><strong><em>δν</em></strong></span> <span class='ocrx_word' id='word_1_28' title='bbox 571 728 607 794; x_wconf 86' lang='grc' dir='ltr'><strong><em>δέ</em></strong></span> <span class='ocrx_word' id='word_1_29' title='bbox 630 734 759 815; x_wconf 89' lang='grc' dir='ltr'><strong><em>τρόπον</em></strong></span> <span class='ocrx_word' id='word_1_30' title='bbox 783 730 841 794; x_wconf 87' lang='grc' dir='ltr'><strong><em>οάκ</em></strong></span> <span class='ocrx_word' id='word_1_31' title='bbox 870 732 1000 816; x_wconf 85' lang='grc' dir='ltr'><strong><em>ύκνησω</em></strong></span> <span class='ocrx_word' id='word_1_32' title='bbox 1030 727 1306 813; x_wconf 75' lang='grc' dir='ltr'><strong><em>ἐπεμβαλόμενος</em></strong></span> <span class='ocrx_word' id='word_1_33' title='bbox 1335 729 1592 818; x_wconf 71' lang='grc' dir='ltr'><strong><em>διηγήσασθαι·</em></strong></span> 
     </span>
     <span class='ocr_line' id='line_1_5' title="bbox 331 831 1630 918; baseline -0.001 -21"><span class='ocrx_word' id='word_1_34' title='bbox 331 836 559 918; x_wconf 81' lang='grc' dir='ltr'><strong><em>Συρακοσίους</em></strong></span> <span class='ocrx_word' id='word_1_35' title='bbox 580 835 659 908; x_wconf 86' lang='grc' dir='ltr'><strong><em>τούς</em></strong></span> <span class='ocrx_word' id='word_1_36' title='bbox 681 833 848 908; x_wconf 81' lang='grc' dir='ltr'><strong><em>ἀποίκους</em></strong></span> <span class='ocrx_word' id='word_1_37' title='bbox 875 835 955 908; x_wconf 87' lang='grc' dir='ltr'><strong><em>τούς</em></strong></span> <span class='ocrx_word' id='word_1_38' title='bbox 980 835 1162 917; x_wconf 78' lang='grc' dir='ltr'><strong><em>ὑμετέρους</em></strong></span> <span class='ocrx_word' id='word_1_39' title='bbox 1189 836 1226 896; x_wconf 83' lang='grc' dir='ltr'><strong><em>ἐν</em></strong></span> <span class='ocrx_word' id='word_1_40' title='bbox 1255 831 1398 909; x_wconf 78' lang='grc' dir='ltr'><strong><em>πολλοῖς</em></strong></span> <span class='ocrx_word' id='word_1_41' title='bbox 1420 831 1591 915; x_wconf 88' lang='grc' dir='ltr'><strong><em>πολέμοις</em></strong></span> <span class='ocrx_word' id='word_1_42' title='bbox 1613 847 1630 896; x_wconf 80' lang='grc' dir='ltr'><strong><em>ε</em></strong></span> 
     </span>
     <span class='ocr_line' id='line_1_6' title="bbox 333 931 1707 1024; baseline 0 -26"><span class='ocrx_word' id='word_1_43' title='bbox 333 939 420 1023; x_wconf 88' lang='grc' dir='ltr'><strong><em>πρός</em></strong></span> <span class='ocrx_word' id='word_1_44' title='bbox 442 933 696 1022; x_wconf 76' lang='grc' dir='ltr'><strong><em>Καρχηδονίους</em></strong></span> <span class='ocrx_word' id='word_1_45' title='bbox 716 937 773 998; x_wconf 86' lang='grc' dir='ltr'><strong><em>καί</em></strong></span> <span class='ocrx_word' id='word_1_46' title='bbox 794 937 874 1011; x_wconf 85' lang='grc' dir='ltr'><strong><em>τούς</em></strong></span> <span class='ocrx_word' id='word_1_47' title='bbox 896 931 1019 1011; x_wconf 84' lang='grc' dir='ltr'><strong><em>ἀλλους</em></strong></span> <span class='ocrx_word' id='word_1_48' title='bbox 1039 935 1232 1020; x_wconf 81' lang='grc' dir='ltr'><strong><em>βαρβάρους</em></strong></span> <span class='ocrx_word' id='word_1_49' title='bbox 1255 938 1334 1012; x_wconf 88' lang='grc' dir='ltr'><strong><em>τούς</em></strong></span> <span class='ocrx_word' id='word_1_50' title='bbox 1356 939 1416 1024; x_wconf 79' lang='grc' dir='ltr'><strong><em>την</em></strong></span> <span class='ocrx_word' id='word_1_51' title='bbox 1430 933 1590 1000; x_wconf 79' lang='grc' dir='ltr'><strong><em>Σικελίαν</em></strong></span> <span class='ocrx_word' id='word_1_52' title='bbox 1607 953 1656 996; x_wconf 83' lang='grc' dir='ltr'><strong><em>ιιιι</em></strong></span> <span class='ocrx_word' id='word_1_53' title='bbox 1669 951 1707 998; x_wconf 74' lang='grc' dir='ltr'><strong><em>ιιι</em></strong></span> 
     </span>
     <span class='ocr_line' id='line_1_7' title="bbox 331 1029 1591 1126; baseline -0.002 -24"><span class='ocrx_word' id='word_1_54' title='bbox 331 1040 388 1102; x_wconf 84' lang='grc' dir='ltr'><strong><em>καί</em></strong></span> <span class='ocrx_word' id='word_1_55' title='bbox 408 1041 469 1126; x_wconf 84' lang='grc' dir='ltr'><strong><em>την</em></strong></span> <span class='ocrx_word' id='word_1_56' title='bbox 487 1029 631 1101; x_wconf 83' lang='grc' dir='ltr'><strong><em>Ἰταλίαν</em></strong></span> <span class='ocrx_word' id='word_1_57' title='bbox 644 1045 885 1113; x_wconf 82' lang='grc' dir='ltr'><strong><em>κατοικοῦντας</em></strong></span> <span class='ocrx_word' id='word_1_58' title='bbox 900 1039 919 1100; x_wconf 87' lang='grc' dir='ltr'><strong><em>δ</em></strong></span> <span class='ocrx_word' id='word_1_59' title='bbox 931 1035 1055 1118; x_wconf 85' lang='grc' dir='ltr'><strong><em>χαλκός</em></strong></span> <span class='ocrx_word' id='word_1_60' title='bbox 1070 1035 1286 1102; x_wconf 72' lang='grc' dir='ltr'><strong><em>ἐπιλελοίπει</em></strong></span> <span class='ocrx_word' id='word_1_61' title='bbox 1301 1040 1358 1102; x_wconf 84' lang='grc' dir='ltr'><strong><em>καί</em></strong></span> <span class='ocrx_word' id='word_1_62' title='bbox 1372 1039 1411 1101; x_wconf 90' lang='grc' dir='ltr'><strong><em>τύ</em></strong></span> <span class='ocrx_word' id='word_1_63' title='bbox 1427 1041 1591 1118; x_wconf 85' lang='grc' dir='ltr'><strong><em>νόμισμα·</em></strong></span> 
     </span>
     <span class='ocr_line' id='line_1_8' title="bbox 281 1137 1592 1227; baseline -0.001 -23"><span class='ocrx_word' id='word_1_64' title='bbox 281 1142 319 1204; x_wconf 80' lang='grc'><strong><em>21</em></strong></span> <span class='ocrx_word' id='word_1_65' title='bbox 334 1142 553 1227; x_wconf 75' lang='grc' dir='ltr'><strong><em>ἐψηφίσαντο</em></strong></span> <span class='ocrx_word' id='word_1_66' title='bbox 577 1139 635 1204; x_wconf 86' lang='grc' dir='ltr'><strong><em>οδν</em></strong></span> <span class='ocrx_word' id='word_1_67' title='bbox 649 1143 728 1216; x_wconf 88' lang='grc' dir='ltr'><strong><em>τούς</em></strong></span> <span class='ocrx_word' id='word_1_68' title='bbox 743 1147 811 1203; x_wconf 79' lang='grc' dir='ltr'><strong><em>τῶν</em></strong></span> <span class='ocrx_word' id='word_1_69' title='bbox 825 1143 996 1225; x_wconf 89' lang='grc' dir='ltr'><strong><em>τυράννων</em></strong></span> <span class='ocrx_word' id='word_1_70' title='bbox 1011 1137 1274 1225; x_wconf 86' lang='grc' dir='ltr'><strong><em>ἀνδριάντας(οί</em></strong></span> <span class='ocrx_word' id='word_1_71' title='bbox 1298 1138 1334 1205; x_wconf 80' lang='grc' dir='ltr'><strong><em>δὲ</em></strong></span> <span class='ocrx_word' id='word_1_72' title='bbox 1358 1137 1481 1204; x_wconf 80' lang='grc' dir='ltr'><strong><em>πολλοὶ</em></strong></span> <span class='ocrx_word' id='word_1_73' title='bbox 1502 1137 1592 1226; x_wconf 70' lang='grc' dir='ltr'><strong><em>ἦσαν</em></strong></span> 
     </span>
     <span class='ocr_line' id='line_1_9' title="bbox 332 1236 1592 1329; baseline 0.002 -24"><span class='ocrx_word' id='word_1_74' title='bbox 332 1236 417 1327; x_wconf 83' lang='grc' dir='ltr'><strong><em>παρ’</em></strong></span> <span class='ocrx_word' id='word_1_75' title='bbox 444 1244 560 1319; x_wconf 79' lang='grc' dir='ltr'><strong><em>αὐτοῖς</em></strong></span> <span class='ocrx_word' id='word_1_76' title='bbox 577 1240 705 1324; x_wconf 83' lang='grc' dir='ltr'><strong><em>χαλκοῦ</em></strong></span> <span class='ocrx_word' id='word_1_77' title='bbox 725 1241 965 1328; x_wconf 83' lang='grc' dir='ltr'><strong><em>πεποιημένοι)</em></strong></span> <span class='ocrx_word' id='word_1_78' title='bbox 988 1245 1159 1325; x_wconf 76' lang='grc' dir='ltr'><strong><em>συγκόψαι</em></strong></span> <span class='ocrx_word' id='word_1_79' title='bbox 1186 1244 1298 1329; x_wconf 90' lang='grc' dir='ltr'><strong><em>κρίσιν</em></strong></span> <span class='ocrx_word' id='word_1_80' title='bbox 1326 1263 1363 1326; x_wconf 96' lang='grc' dir='ltr'><strong><em>γε</em></strong></span> <span class='ocrx_word' id='word_1_81' title='bbox 1391 1237 1449 1329; x_wconf 85' lang='grc' dir='ltr'><strong><em>[ἐν]</em></strong></span> <span class='ocrx_word' id='word_1_82' title='bbox 1473 1245 1592 1319; x_wconf 76' lang='grc' dir='ltr'><strong><em>αὐτοῖς</em></strong></span> 
     </span>
     <span class='ocr_line' id='line_1_10' title="bbox 333 1341 1592 1432; baseline 0.002 -26"><span class='ocrx_word' id='word_1_83' title='bbox 333 1346 549 1430; x_wconf 81' lang='grc' dir='ltr'><strong><em>ποιήσαντες,</em></strong></span> <span class='ocrx_word' id='word_1_84' title='bbox 571 1347 666 1420; x_wconf 90' lang='grc' dir='ltr'><strong><em>δστις</em></strong></span> <span class='ocrx_word' id='word_1_85' title='bbox 687 1341 784 1423; x_wconf 86' lang='grc' dir='ltr'><strong><em>ἀξιας</em></strong></span> <span class='ocrx_word' id='word_1_86' title='bbox 807 1347 917 1408; x_wconf 80' lang='grc' dir='ltr'><strong><em>αὐτῶν</em></strong></span> <span class='ocrx_word' id='word_1_87' title='bbox 938 1346 1238 1432; x_wconf 74' lang='grc' dir='ltr'><strong><em>καταχωνευθῆναι</em></strong></span> <span class='ocrx_word' id='word_1_88' title='bbox 1259 1347 1317 1408; x_wconf 84' lang='grc' dir='ltr'><strong><em>καλ</em></strong></span> <span class='ocrx_word' id='word_1_89' title='bbox 1337 1349 1434 1422; x_wconf 87' lang='grc' dir='ltr'><strong><em>όστις</em></strong></span> <span class='ocrx_word' id='word_1_90' title='bbox 1456 1345 1511 1408; x_wconf 88' lang='grc' dir='ltr'><strong><em>ού’</em></strong></span> <span class='ocrx_word' id='word_1_91' title='bbox 1533 1348 1592 1410; x_wconf 82' lang='grc' dir='ltr'><strong><em>καί</em></strong></span> 
     </span>
     <span class='ocr_line' id='line_1_11' title="bbox 333 1445 1643 1533; baseline 0.003 -25"><span class='ocrx_word' id='word_1_92' title='bbox 333 1447 562 1529; x_wconf 74' lang='grc' dir='ltr'><strong><em>περιγίγνεται</em></strong></span> <span class='ocrx_word' id='word_1_93' title='bbox 583 1455 625 1533; x_wconf 77' lang='grc' dir='ltr'><strong><em>τῇ</em></strong></span> <span class='ocrx_word' id='word_1_94' title='bbox 648 1445 739 1532; x_wconf 83' lang='grc' dir='ltr'><strong><em>δίκῃ,</em></strong></span> <span class='ocrx_word' id='word_1_95' title='bbox 763 1449 818 1510; x_wconf 88' lang='grc' dir='ltr'><strong><em>ίνα</em></strong></span> <span class='ocrx_word' id='word_1_96' title='bbox 840 1450 896 1510; x_wconf 87' lang='grc' dir='ltr'><strong><em>καί</em></strong></span> <span class='ocrx_word' id='word_1_97' title='bbox 917 1454 1018 1510; x_wconf 76' lang='grc' dir='ltr'><strong><em>τοῦτο</em></strong></span> <span class='ocrx_word' id='word_1_98' title='bbox 1040 1448 1222 1533; x_wconf 87' lang='grc' dir='ltr'><strong><em>ἀκούσητε,</em></strong></span> <span class='ocrx_word' id='word_1_99' title='bbox 1249 1445 1362 1511; x_wconf 82' lang='grc' dir='ltr'><strong><em>Γέλων</em></strong></span> <span class='ocrx_word' id='word_1_100' title='bbox 1385 1448 1589 1530; x_wconf 86' lang='grc' dir='ltr'><strong><em>δΔεινομέ-</em></strong></span> <span class='ocrx_word' id='word_1_101' title='bbox 1613 1462 1643 1512; x_wconf 81' lang='lat'><strong><em>10</em></strong></span> 
     </span>
     <span class='ocr_line' id='line_1_12' title="bbox 333 1539 1595 1636; baseline 0.002 -25"><span class='ocrx_word' id='word_1_102' title='bbox 333 1562 426 1622; x_wconf 91' lang='grc' dir='ltr'><strong><em>νους·</em></strong></span> <span class='ocrx_word' id='word_1_103' title='bbox 450 1550 485 1611; x_wconf 88' lang='grc' dir='ltr'><strong><em>σί</em></strong></span> <span class='ocrx_word' id='word_1_104' title='bbox 506 1539 540 1611; x_wconf 83' lang='grc' dir='ltr'><strong><em>δ’</em></strong></span> <span class='ocrx_word' id='word_1_105' title='bbox 566 1545 666 1611; x_wconf 90' lang='grc' dir='ltr'><strong><em>ἀλλοι</em></strong></span> <span class='ocrx_word' id='word_1_106' title='bbox 688 1552 813 1625; x_wconf 87' lang='grc' dir='ltr'><strong><em>πάντες</em></strong></span> <span class='ocrx_word' id='word_1_107' title='bbox 835 1552 1087 1636; x_wconf 81' lang='grc' dir='ltr'><strong><em>κατεκόπησαν,</em></strong></span> <span class='ocrx_word' id='word_1_108' title='bbox 1117 1547 1206 1636; x_wconf 84' lang='grc' dir='ltr'><strong><em>πλην</em></strong></span> <span class='ocrx_word' id='word_1_109' title='bbox 1233 1552 1299 1635; x_wconf 88' lang='grc' dir='ltr'><strong><em>ἀρα</em></strong></span> <span class='ocrx_word' id='word_1_110' title='bbox 1321 1552 1507 1614; x_wconf 88' lang='grc' dir='ltr'><strong><em>Διονυσίου</em></strong></span> <span class='ocrx_word' id='word_1_111' title='bbox 1529 1559 1595 1614; x_wconf 87' lang='grc' dir='ltr'><strong><em>του·</em></strong></span> 
     </span>
     <span class='ocr_line' id='line_1_13' title="bbox 281 1650 1592 1738; baseline 0.002 -24"><span class='ocrx_word' id='word_1_112' title='bbox 281 1651 323 1714; x_wconf 82' lang='grc'><strong><em>22</em></strong></span> <span class='ocrx_word' id='word_1_113' title='bbox 336 1650 565 1734; x_wconf 91' lang='grc' dir='ltr'><strong><em>πρεσβυτέρου</em></strong></span> <span class='ocrx_word' id='word_1_114' title='bbox 587 1658 655 1714; x_wconf 82' lang='grc' dir='ltr'><strong><em>τῶν</em></strong></span> <span class='ocrx_word' id='word_1_115' title='bbox 676 1655 715 1714; x_wconf 92' lang='grc' dir='ltr'><strong><em>τό</em></strong></span> <span class='ocrx_word' id='word_1_116' title='bbox 745 1660 854 1738; x_wconf 78' lang='grc' dir='ltr'><strong><em>σχῆμα</em></strong></span> <span class='ocrx_word' id='word_1_117' title='bbox 883 1659 945 1714; x_wconf 86' lang='grc' dir='ltr'><strong><em>τού</em></strong></span> <span class='ocrx_word' id='word_1_118' title='bbox 970 1653 1141 1715; x_wconf 79' lang='grc' dir='ltr'><strong><em>Διονύσου</em></strong></span> <span class='ocrx_word' id='word_1_119' title='bbox 1170 1656 1474 1737; x_wconf 88' lang='grc' dir='ltr'><strong><em>περικειμένων-</em></strong></span> <span class='ocrx_word' id='word_1_120' title='bbox 1499 1655 1530 1717; x_wconf 86' lang='grc' dir='ltr'><strong><em>εί</em></strong></span> <span class='ocrx_word' id='word_1_121' title='bbox 1554 1651 1592 1716; x_wconf 83' lang='grc' dir='ltr'><strong><em>δὲ</em></strong></span> 
     </span>
     <span class='ocr_line' id='line_1_14' title="bbox 334 1745 1593 1841; baseline 0.003 -27"><span class='ocrx_word' id='word_1_122' title='bbox 334 1756 466 1835; x_wconf 83' lang='grc' dir='ltr'><strong><em>γίνοιτο</em></strong></span> <span class='ocrx_word' id='word_1_123' title='bbox 483 1754 540 1816; x_wconf 84' lang='grc' dir='ltr'><strong><em>καί</em></strong></span> <span class='ocrx_word' id='word_1_124' title='bbox 562 1745 648 1838; x_wconf 76' lang='grc' dir='ltr'><strong><em>παρ’</em></strong></span> <span class='ocrx_word' id='word_1_125' title='bbox 674 1755 752 1835; x_wconf 85' lang='grc' dir='ltr'><strong><em>ύμῖν</em></strong></span> <span class='ocrx_word' id='word_1_126' title='bbox 773 1755 941 1841; x_wconf 71' lang='grc' dir='ltr'><strong><em>ψήφισμά</em></strong></span> <span class='ocrx_word' id='word_1_127' title='bbox 964 1775 999 1817; x_wconf 91' lang='grc' dir='ltr'><strong><em>τι</em></strong></span> <span class='ocrx_word' id='word_1_128' title='bbox 1020 1762 1186 1832; x_wconf 77' lang='grc' dir='ltr'><strong><em>τοιοῦτον,</em></strong></span> <span class='ocrx_word' id='word_1_129' title='bbox 1210 1750 1420 1839; x_wconf 84' lang='grc' dir='ltr'><strong><em>ἀνδριάντων</em></strong></span> <span class='ocrx_word' id='word_1_130' title='bbox 1442 1755 1593 1831; x_wconf 74' lang='grc' dir='ltr'><strong><em>εὐθύνας</em></strong></span> 
     </span>
    </p>
   </div>
   <div class='ocr_carea' id='block_1_3' title="bbox 333 1847 1707 1988">
    <p class='ocr_par' dir='ltr' id='par_1_3' title="bbox 333 1847 1707 1988">
     <span class='ocr_line' id='line_1_15' title="bbox 333 1847 1707 1988; baseline 0.006 -72"><span class='ocrx_word' id='word_1_131' title='bbox 333 1852 422 1916; x_wconf 78' lang='grc' dir='ltr'><strong><em>εἶναι</em></strong></span> <span class='ocrx_word' id='word_1_132' title='bbox 443 1851 633 1935; x_wconf 83' lang='grc' dir='ltr'><strong><em>-μάλλον</em></strong></span> <span class='ocrx_word' id='word_1_133' title='bbox 656 1847 690 1918; x_wconf 86' lang='grc' dir='ltr'><strong><em>δ’</em></strong></span> <span class='ocrx_word' id='word_1_134' title='bbox 715 1857 746 1919; x_wconf 87' lang='grc' dir='ltr'><strong><em>εί</em></strong></span> <span class='ocrx_word' id='word_1_135' title='bbox 768 1853 888 1919; x_wconf 75' lang='grc' dir='ltr'><strong><em>θέλετε</em></strong></span> <span class='ocrx_word' id='word_1_136' title='bbox 910 1857 1071 1941; x_wconf 76' lang='grc' dir='ltr'><strong><em>καθάπερ</em></strong></span> <span class='ocrx_word' id='word_1_137' title='bbox 1095 1857 1333 1942; x_wconf 83' lang='grc' dir='ltr'><strong><em>ἐψηφισμένον</em></strong></span> <span class='ocrx_word' id='word_1_138' title='bbox 1355 1876 1393 1938; x_wconf 89' lang='grc' dir='ltr'><strong><em>γε</em></strong></span> <span class='ocrx_word' id='word_1_139' title='bbox 1412 1865 1513 1920; x_wconf 77' lang='grc' dir='ltr'><strong><em>τοῦτο</em></strong></span> <span class='ocrx_word' id='word_1_140' title='bbox 1533 1861 1593 1921; x_wconf 84' lang='grc' dir='ltr'><strong><em>καί</em></strong></span> <span class='ocrx_word' id='word_1_141' title='bbox 1654 1937 1707 1988; x_wconf 50' lang='grc' dir='ltr'><strong><em>(Μ</em></strong></span> 
     </span>
    </p>
   </div>
   <div class='ocr_carea' id='block_1_4' title="bbox 281 1955 1704 2454">
    <p class='ocr_par' dir='ltr' id='par_1_4' title="bbox 281 1955 1704 2454">
     <span class='ocr_line' id='line_1_16' title="bbox 333 1955 1704 2044; baseline 0.003 -26"><span class='ocrx_word' id='word_1_142' title='bbox 333 1957 463 2040; x_wconf 86' lang='grc' dir='ltr'><strong><em>ἀγῶνος</em></strong></span> <span class='ocrx_word' id='word_1_143' title='bbox 485 1959 712 2044; x_wconf 89' lang='grc' dir='ltr'><strong><em>ἐνεστηκότος,</em></strong></span> <span class='ocrx_word' id='word_1_144' title='bbox 736 1957 812 2022; x_wconf 86' lang='grc' dir='ltr'><strong><em>δότε</em></strong></span> <span class='ocrx_word' id='word_1_145' title='bbox 834 1979 905 2039; x_wconf 87' lang='grc' dir='ltr'><strong><em>μοι,</em></strong></span> <span class='ocrx_word' id='word_1_146' title='bbox 929 1957 1006 2023; x_wconf 90' lang='grc' dir='ltr'><strong><em>δότε</em></strong></span> <span class='ocrx_word' id='word_1_147' title='bbox 1027 1961 1107 2034; x_wconf 88' lang='grc' dir='ltr'><strong><em>τούς</em></strong></span> <span class='ocrx_word' id='word_1_148' title='bbox 1131 1955 1249 2042; x_wconf 88' lang='grc' dir='ltr'><strong><em>λόγους</em></strong></span> <span class='ocrx_word' id='word_1_149' title='bbox 1263 1961 1349 2043; x_wconf 77' lang='grc' dir='ltr'><strong><em>ὑπὲρ</em></strong></span> <span class='ocrx_word' id='word_1_150' title='bbox 1373 1959 1477 2022; x_wconf 79' lang='grc' dir='ltr'><strong><em>αὑτοῦ</em></strong></span> <span class='ocrx_word' id='word_1_151' title='bbox 1499 1963 1587 2044; x_wconf 88' lang='grc' dir='ltr'><strong><em>πρός</em></strong></span> <span class='ocrx_word' id='word_1_152' title='bbox 1613 1971 1641 2022; x_wconf 75' lang='lat'><strong><em>1⁵</em></strong></span> <span class='ocrx_word' id='word_1_153' title='bbox 1678 1993 1704 2040; x_wconf 68' lang='grc' dir='ltr'><strong><em>Π,</em></strong></span> 
     </span>
     <span class='ocr_line' id='line_1_17' title="bbox 334 2058 1058 2148; baseline 0.006 -27"><span class='ocrx_word' id='word_1_154' title='bbox 334 2059 420 2140; x_wconf 84' lang='grc' dir='ltr'><strong><em>ύμάς</em></strong></span> <span class='ocrx_word' id='word_1_155' title='bbox 442 2060 516 2124; x_wconf 89' lang='grc' dir='ltr'><strong><em>οίσν</em></strong></span> <span class='ocrx_word' id='word_1_156' title='bbox 538 2062 573 2123; x_wconf 84' lang='grc' dir='ltr'><strong><em>ἐν</em></strong></span> <span class='ocrx_word' id='word_1_157' title='bbox 597 2058 801 2147; x_wconf 85' lang='grc' dir='ltr'><strong><em>δικαστηρίῳ</em></strong></span> <span class='ocrx_word' id='word_1_158' title='bbox 826 2062 1058 2148; x_wconf 76' lang='grc' dir='ltr'><strong><em>ποιήσασθαι.</em></strong></span> 
     </span>
     <span class='ocr_line' id='line_1_18' title="bbox 419 2159 1592 2250; baseline 0.002 -26"><span class='ocrx_word' id='word_1_159' title='bbox 419 2160 538 2248; x_wconf 83' lang='grc' dir='ltr'><strong><em>ἄνδρες</em></strong></span> <span class='ocrx_word' id='word_1_160' title='bbox 561 2159 734 2242; x_wconf 88' lang='grc' dir='ltr'><strong><em>δικασταί,</em></strong></span> <span class='ocrx_word' id='word_1_161' title='bbox 764 2166 899 2227; x_wconf 89' lang='grc' dir='ltr'><strong><em>άπαντά</em></strong></span> <span class='ocrx_word' id='word_1_162' title='bbox 926 2179 1014 2250; x_wconf 89' lang='grc' dir='ltr'><strong><em>φασι</em></strong></span> <span class='ocrx_word' id='word_1_163' title='bbox 1036 2161 1107 2226; x_wconf 88' lang='grc' dir='ltr'><strong><em>δεῖν</em></strong></span> <span class='ocrx_word' id='word_1_164' title='bbox 1129 2160 1323 2248; x_wconf 82' lang='grc' dir='ltr'><strong><em>προσδοκᾶν</em></strong></span> <span class='ocrx_word' id='word_1_165' title='bbox 1344 2165 1380 2226; x_wconf 86' lang='grc' dir='ltr'><strong><em>ἐν</em></strong></span> <span class='ocrx_word' id='word_1_166' title='bbox 1401 2161 1449 2246; x_wconf 76' lang='grc' dir='ltr'><strong><em>τῷ</em></strong></span> <span class='ocrx_word' id='word_1_167' title='bbox 1471 2162 1592 2248; x_wconf 78' lang='grc' dir='ltr'><strong><em>μακρῷ</em></strong></span> 
     </span>
     <span class='ocr_line' id='line_1_19' title="bbox 331 2258 1591 2352; baseline 0.002 -26"><span class='ocrx_word' id='word_1_168' title='bbox 331 2266 458 2348; x_wconf 85' lang='grc' dir='ltr'><strong><em>χρόνῳ·</em></strong></span> <span class='ocrx_word' id='word_1_169' title='bbox 483 2263 581 2342; x_wconf 87' lang='grc' dir='ltr'><strong><em>οδτος</em></strong></span> <span class='ocrx_word' id='word_1_170' title='bbox 604 2258 637 2329; x_wconf 86' lang='grc' dir='ltr'><strong><em>δ’</em></strong></span> <span class='ocrx_word' id='word_1_171' title='bbox 661 2270 698 2330; x_wconf 83' lang='grc' dir='ltr'><strong><em>ἐν</em></strong></span> <span class='ocrx_word' id='word_1_172' title='bbox 720 2265 768 2350; x_wconf 75' lang='grc' dir='ltr'><strong><em>τῷ</em></strong></span> <span class='ocrx_word' id='word_1_173' title='bbox 791 2267 914 2351; x_wconf 85' lang='grc' dir='ltr'><strong><em>βραχεῖ</em></strong></span> <span class='ocrx_word' id='word_1_174' title='bbox 930 2262 1115 2329; x_wconf 87' lang='grc' dir='ltr'><strong><em>κινδυνεύει</em></strong></span> <span class='ocrx_word' id='word_1_175' title='bbox 1137 2267 1282 2352; x_wconf 74' lang='grc' dir='ltr'><strong><em>τεθῆναι</em></strong></span> <span class='ocrx_word' id='word_1_176' title='bbox 1295 2267 1359 2346; x_wconf 81' lang='grc' dir='ltr'><strong><em>μέν</em></strong></span> <span class='ocrx_word' id='word_1_177' title='bbox 1380 2267 1427 2342; x_wconf 84' lang='grc' dir='ltr'><strong><em>ὡς</em></strong></span> <span class='ocrx_word' id='word_1_178' title='bbox 1449 2267 1591 2349; x_wconf 89' lang='grc' dir='ltr'><strong><em>ἀριστος</em></strong></span> 
     </span>
     <span class='ocr_line' id='line_1_20' title="bbox 281 2353 1593 2454; baseline -0.002 -20"><span class='ocrx_word' id='word_1_179' title='bbox 281 2353 508 2452; x_wconf 80' lang='grc' dir='ltr'><strong><em>23Ἑλληνων,</em></strong></span> <span class='ocrx_word' id='word_1_180' title='bbox 538 2371 694 2432; x_wconf 72' lang='grc' dir='ltr'><strong><em>ἐκπεσεῖν</em></strong></span> <span class='ocrx_word' id='word_1_181' title='bbox 723 2360 757 2432; x_wconf 73' lang='grc' dir='ltr'><strong><em>δ’</em></strong></span> <span class='ocrx_word' id='word_1_182' title='bbox 789 2371 836 2444; x_wconf 84' lang='grc' dir='ltr'><strong><em>ὡς</em></strong></span> <span class='ocrx_word' id='word_1_183' title='bbox 864 2372 1106 2454; x_wconf 84' lang='grc' dir='ltr'><strong><em>πονηρότατος.</em></strong></span> <span class='ocrx_word' id='word_1_184' title='bbox 1157 2371 1211 2432; x_wconf 91' lang='grc' dir='ltr'><strong><em>δτι</em></strong></span> <span class='ocrx_word' id='word_1_185' title='bbox 1231 2369 1293 2449; x_wconf 86' lang='grc' dir='ltr'><strong><em>μέν</em></strong></span> <span class='ocrx_word' id='word_1_186' title='bbox 1322 2367 1380 2431; x_wconf 89' lang='grc' dir='ltr'><strong><em>οδν</em></strong></span> <span class='ocrx_word' id='word_1_187' title='bbox 1402 2364 1512 2443; x_wconf 70' lang='grc' dir='ltr'><strong><em>καλῶς</em></strong></span> <span class='ocrx_word' id='word_1_188' title='bbox 1533 2370 1593 2432; x_wconf 84' lang='grc' dir='ltr'><strong><em>καὶ</em></strong></span> 
     </span>
    </p>
   </div>
   <div class='ocr_carea' id='block_1_5' title="bbox 282 2463 1707 3582">
    <p class='ocr_par' dir='ltr' id='par_1_5' title="bbox 324 2463 1639 2966">
     <span class='ocr_line' id='line_1_21' title="bbox 334 2463 1639 2557; baseline 0.004 -28"><span class='ocrx_word' id='word_1_189' title='bbox 334 2463 473 2544; x_wconf 91' lang='grc' dir='ltr'><strong><em>δικαίως</em></strong></span> <span class='ocrx_word' id='word_1_190' title='bbox 500 2471 557 2532; x_wconf 89' lang='grc' dir='ltr'><strong><em>καί</em></strong></span> <span class='ocrx_word' id='word_1_191' title='bbox 587 2472 828 2556; x_wconf 84' lang='grc' dir='ltr'><strong><em>συμφερόντως</em></strong></span> <span class='ocrx_word' id='word_1_192' title='bbox 855 2479 898 2557; x_wconf 77' lang='grc' dir='ltr'><strong><em>τῇ</em></strong></span> <span class='ocrx_word' id='word_1_193' title='bbox 927 2468 1027 2533; x_wconf 81' lang='grc' dir='ltr'><strong><em>πόλει</em></strong></span> <span class='ocrx_word' id='word_1_194' title='bbox 1063 2478 1105 2556; x_wconf 75' lang='grc' dir='ltr'><strong><em>τῇ</em></strong></span> <span class='ocrx_word' id='word_1_195' title='bbox 1134 2471 1278 2555; x_wconf 79' lang='grc' dir='ltr'><strong><em>ὑμετέρᾳ</em></strong></span> <span class='ocrx_word' id='word_1_196' title='bbox 1306 2471 1363 2533; x_wconf 84' lang='grc' dir='ltr'><strong><em>καί</em></strong></span> <span class='ocrx_word' id='word_1_197' title='bbox 1396 2477 1485 2532; x_wconf 86' lang='grc' dir='ltr'><strong><em>πᾶσι</em></strong></span> <span class='ocrx_word' id='word_1_198' title='bbox 1513 2475 1588 2545; x_wconf 87' lang='grc' dir='ltr'><strong><em>τοῖς</em></strong></span> <span class='ocrx_word' id='word_1_199' title='bbox 1610 2481 1639 2534; x_wconf 71' lang='lat' dir='ltr'>n</span> 
     </span>
     <span class='ocr_line' id='line_1_22' title="bbox 324 2561 1589 2658; baseline 0.002 -26"><span class='ocrx_word' id='word_1_200' title='bbox 324 2561 478 2656; x_wconf 84' lang='grc' dir='ltr'><strong><em>Ἕλλησιν</em></strong></span> <span class='ocrx_word' id='word_1_201' title='bbox 500 2571 644 2656; x_wconf 78' lang='grc' dir='ltr'><strong><em>ἐστάθη,</em></strong></span> <span class='ocrx_word' id='word_1_202' title='bbox 667 2569 779 2634; x_wconf 89' lang='grc' dir='ltr'><strong><em>πολλά</em></strong></span> <span class='ocrx_word' id='word_1_203' title='bbox 801 2574 886 2652; x_wconf 84' lang='grc' dir='ltr'><strong><em>έχων</em></strong></span> <span class='ocrx_word' id='word_1_204' title='bbox 901 2573 1013 2635; x_wconf 75' lang='grc' dir='ltr'><strong><em>εἰπεῖν</em></strong></span> <span class='ocrx_word' id='word_1_205' title='bbox 1028 2573 1064 2635; x_wconf 82' lang='grc' dir='ltr'><strong><em>ἐν</em></strong></span> <span class='ocrx_word' id='word_1_206' title='bbox 1077 2573 1156 2652; x_wconf 85' lang='grc' dir='ltr'><strong><em>ὑμῖν</em></strong></span> <span class='ocrx_word' id='word_1_207' title='bbox 1171 2569 1339 2654; x_wconf 89' lang='grc' dir='ltr'><strong><em>βούλομαι</em></strong></span> <span class='ocrx_word' id='word_1_208' title='bbox 1354 2569 1589 2658; x_wconf 74' lang='grc' dir='ltr'><strong><em>διηγήσασθαι</em></strong></span> 
     </span>
     <span class='ocr_line' id='line_1_23' title="bbox 331 2674 1588 2759; baseline 0.001 -25"><span class='ocrx_word' id='word_1_209' title='bbox 331 2674 509 2755; x_wconf 89' lang='grc' dir='ltr'><strong><em>γενόμενον</em></strong></span> <span class='ocrx_word' id='word_1_210' title='bbox 530 2674 566 2735; x_wconf 90' lang='grc' dir='ltr'><strong><em>ἐν</em></strong></span> <span class='ocrx_word' id='word_1_211' title='bbox 587 2679 664 2750; x_wconf 90' lang='grc' dir='ltr'><strong><em>ταῖς</em></strong></span> <span class='ocrx_word' id='word_1_212' title='bbox 686 2677 805 2751; x_wconf 88' lang='grc' dir='ltr'><strong><em>αύταῖς</em></strong></span> <span class='ocrx_word' id='word_1_213' title='bbox 826 2676 1067 2757; x_wconf 87' lang='grc' dir='ltr'><strong><em>Συρακούσαις.</em></strong></span> <span class='ocrx_word' id='word_1_214' title='bbox 1104 2677 1163 2738; x_wconf 91' lang='grc' dir='ltr'><strong><em>καί</em></strong></span> <span class='ocrx_word' id='word_1_215' title='bbox 1181 2675 1244 2759; x_wconf 89' lang='grc' dir='ltr'><strong><em>γάρ</em></strong></span> <span class='ocrx_word' id='word_1_216' title='bbox 1269 2676 1393 2739; x_wconf 80' lang='grc' dir='ltr'><strong><em>οἰκεῖον</em></strong></span> <span class='ocrx_word' id='word_1_217' title='bbox 1415 2676 1454 2737; x_wconf 93' lang='grc' dir='ltr'><strong><em>τό</em></strong></span> <span class='ocrx_word' id='word_1_218' title='bbox 1478 2677 1588 2758; x_wconf 90' lang='grc' dir='ltr'><strong><em>παρά·</em></strong></span> 
     </span>
     <span class='ocr_line' id='line_1_24' title="bbox 333 2771 1588 2864; baseline 0.002 -27"><span class='ocrx_word' id='word_1_219' title='bbox 333 2771 469 2856; x_wconf 89' lang='grc' dir='ltr'><strong><em>δειγμα·</em></strong></span> <span class='ocrx_word' id='word_1_220' title='bbox 490 2778 548 2839; x_wconf 87' lang='grc' dir='ltr'><strong><em>καί</em></strong></span> <span class='ocrx_word' id='word_1_221' title='bbox 563 2773 694 2842; x_wconf 87' lang='grc' dir='ltr'><strong><em>δίκαιον</em></strong></span> <span class='ocrx_word' id='word_1_222' title='bbox 717 2776 801 2853; x_wconf 83' lang='grc' dir='ltr'><strong><em>ἴσως</em></strong></span> <span class='ocrx_word' id='word_1_223' title='bbox 823 2779 926 2855; x_wconf 83' lang='grc' dir='ltr'><strong><em>ἐστίν,</em></strong></span> <span class='ocrx_word' id='word_1_224' title='bbox 950 2779 1067 2863; x_wconf 82' lang='grc' dir='ltr'><strong><em>ὥσπερ</em></strong></span> <span class='ocrx_word' id='word_1_225' title='bbox 1090 2779 1214 2840; x_wconf 85' lang='grc' dir='ltr'><strong><em>ἐκεῖνοι</em></strong></span> <span class='ocrx_word' id='word_1_226' title='bbox 1234 2783 1362 2856; x_wconf 85' lang='grc' dir='ltr'><strong><em>τιμῶσι</em></strong></span> <span class='ocrx_word' id='word_1_227' title='bbox 1383 2779 1443 2864; x_wconf 78' lang='grc' dir='ltr'><strong><em>την</em></strong></span> <span class='ocrx_word' id='word_1_228' title='bbox 1464 2778 1588 2862; x_wconf 90' lang='grc' dir='ltr'><strong><em>μητρό-</em></strong></span> 
     </span>
     <span class='ocr_line' id='line_1_25' title="bbox 331 2873 1589 2966; baseline 0.002 -28"><span class='ocrx_word' id='word_1_229' title='bbox 331 2873 444 2954; x_wconf 87' lang='grc' dir='ltr'><strong><em>πολιν,</em></strong></span> <span class='ocrx_word' id='word_1_230' title='bbox 466 2879 554 2940; x_wconf 85' lang='grc' dir='ltr'><strong><em>σύτω</em></strong></span> <span class='ocrx_word' id='word_1_231' title='bbox 575 2882 632 2942; x_wconf 84' lang='grc' dir='ltr'><strong><em>καί</em></strong></span> <span class='ocrx_word' id='word_1_232' title='bbox 653 2882 738 2961; x_wconf 77' lang='grc' dir='ltr'><strong><em>ὑμᾶς</em></strong></span> <span class='ocrx_word' id='word_1_233' title='bbox 759 2881 801 2943; x_wconf 90' lang='grc' dir='ltr'><strong><em>τά</em></strong></span> <span class='ocrx_word' id='word_1_234' title='bbox 823 2889 884 2966; x_wconf 80' lang='grc' dir='ltr'><strong><em>τῆς</em></strong></span> <span class='ocrx_word' id='word_1_235' title='bbox 905 2881 1069 2956; x_wconf 87' lang='grc' dir='ltr'><strong><em>ἀποικίας</em></strong></span> <span class='ocrx_word' id='word_1_236' title='bbox 1091 2888 1151 2965; x_wconf 81' lang='grc' dir='ltr'><strong><em>της</em></strong></span> <span class='ocrx_word' id='word_1_237' title='bbox 1171 2882 1336 2964; x_wconf 78' lang='grc' dir='ltr'><strong><em>ὑμετέρας</em></strong></span> <span class='ocrx_word' id='word_1_238' title='bbox 1359 2881 1450 2966; x_wconf 87' lang='grc' dir='ltr'><strong><em>ἐργα,</em></strong></span> <span class='ocrx_word' id='word_1_239' title='bbox 1472 2873 1512 2961; x_wconf 87' lang='grc' dir='ltr'><strong><em>(ά</em></strong></span> <span class='ocrx_word' id='word_1_240' title='bbox 1529 2874 1589 2962; x_wconf 76' lang='grc' dir='ltr'><strong><em>ἀν)</em></strong></span> 
     </span>
    </p>

    <p class='ocr_par' dir='ltr' id='par_1_6' title="bbox 282 2975 1707 3582">
     <span class='ocr_line' id='line_1_26' title="bbox 282 2975 1707 3068; baseline -0.001 -20"><span class='ocrx_word' id='word_1_241' title='bbox 282 2986 324 3048; x_wconf 81' lang='lat'><strong><em>24</em></strong></span> <span class='ocrx_word' id='word_1_242' title='bbox 337 2975 449 3054; x_wconf 75' lang='grc' dir='ltr'><strong><em>καλῶς</em></strong></span> <span class='ocrx_word' id='word_1_243' title='bbox 470 2981 537 3064; x_wconf 79' lang='grc' dir='ltr'><strong><em>ἐχη,</em></strong></span> <span class='ocrx_word' id='word_1_244' title='bbox 559 2983 756 3064; x_wconf 71' lang='grc' dir='ltr'><strong><em>μιμεῖσθαι.</em></strong></span> <span class='ocrx_word' id='word_1_245' title='bbox 794 2984 917 3046; x_wconf 88' lang='grc' dir='ltr'><strong><em>ἐκεῖνοι</em></strong></span> <span class='ocrx_word' id='word_1_246' title='bbox 938 2984 1051 3046; x_wconf 88' lang='grc' dir='ltr'><strong><em>τοίνυν</em></strong></span> <span class='ocrx_word' id='word_1_247' title='bbox 1071 2983 1156 3045; x_wconf 88' lang='grc' dir='ltr'><strong><em>κατά</em></strong></span> <span class='ocrx_word' id='word_1_248' title='bbox 1172 2984 1252 3058; x_wconf 88' lang='grc' dir='ltr'><strong><em>τούς</em></strong></span> <span class='ocrx_word' id='word_1_249' title='bbox 1267 2983 1427 3068; x_wconf 85' lang='grc' dir='ltr'><strong><em>ἀρχαίους</em></strong></span> <span class='ocrx_word' id='word_1_250' title='bbox 1442 2983 1589 3057; x_wconf 75' lang='grc' dir='ltr'><strong><em>ἐιείνους</em></strong></span> <span class='ocrx_word' id='word_1_251' title='bbox 1611 2991 1641 3043; x_wconf 75' lang='grc' dir='ltr'><strong><em>2ό</em></strong></span> <span class='ocrx_word' id='word_1_252' title='bbox 1653 2991 1707 3046; x_wconf 71' lang='lat'><strong>(1611</strong></span> 
     </span>
     <span class='ocr_line' id='line_1_27' title="bbox 326 3084 1587 3170; baseline 0.003 -28"><span class='ocrx_word' id='word_1_253' title='bbox 326 3084 468 3160; x_wconf 83' lang='grc' dir='ltr'><strong><em>χρόνους</em></strong></span> <span class='ocrx_word' id='word_1_254' title='bbox 496 3086 673 3148; x_wconf 89' lang='grc' dir='ltr'><strong><em>Λευκανόν</em></strong></span> <span class='ocrx_word' id='word_1_255' title='bbox 701 3106 777 3148; x_wconf 90' lang='grc' dir='ltr'><strong><em>τινα</em></strong></span> <span class='ocrx_word' id='word_1_256' title='bbox 808 3085 1014 3170; x_wconf 71' lang='grc' dir='ltr'><strong><em>ἄνθρωπον,</em></strong></span> <span class='ocrx_word' id='word_1_257' title='bbox 1049 3088 1103 3149; x_wconf 86' lang='grc' dir='ltr'><strong><em>δτι</em></strong></span> <span class='ocrx_word' id='word_1_258' title='bbox 1133 3085 1317 3170; x_wconf 85' lang='grc' dir='ltr'><strong><em>πρεσβείαν</em></strong></span> <span class='ocrx_word' id='word_1_259' title='bbox 1345 3085 1421 3148; x_wconf 88' lang='grc' dir='ltr'><strong><em>τινά</em></strong></span> <span class='ocrx_word' id='word_1_260' title='bbox 1450 3085 1501 3160; x_wconf 89' lang='grc' dir='ltr'><strong><em>είς</em></strong></span> <span class='ocrx_word' id='word_1_261' title='bbox 1528 3086 1587 3146; x_wconf 86' lang='grc' dir='ltr'><strong><em>τόν</em></strong></span> 
     </span>
     <span class='ocr_line' id='line_1_28' title="bbox 331 3179 1587 3273; baseline 0.004 -29"><span class='ocrx_word' id='word_1_262' title='bbox 331 3179 437 3268; x_wconf 79' lang='grc' dir='ltr'><strong><em>δῆμον</em></strong></span> <span class='ocrx_word' id='word_1_263' title='bbox 460 3184 642 3271; x_wconf 72' lang='grc' dir='ltr'><strong><em>ἀπήγγειλε</em></strong></span> <span class='ocrx_word' id='word_1_264' title='bbox 665 3185 824 3273; x_wconf 89' lang='grc' dir='ltr'><strong><em>δωριστί,</em></strong></span> <span class='ocrx_word' id='word_1_265' title='bbox 852 3187 1020 3270; x_wconf 76' lang='grc' dir='ltr'><strong><em>ησάέντες</em></strong></span> <span class='ocrx_word' id='word_1_266' title='bbox 1049 3188 1153 3250; x_wconf 85' lang='grc' dir='ltr'><strong><em>αύτοό</em></strong></span> <span class='ocrx_word' id='word_1_267' title='bbox 1179 3195 1222 3273; x_wconf 77' lang='grc' dir='ltr'><strong><em>τῇ</em></strong></span> <span class='ocrx_word' id='word_1_268' title='bbox 1251 3196 1350 3273; x_wconf 78' lang='grc' dir='ltr'><strong><em>φωνῇ</em></strong></span> <span class='ocrx_word' id='word_1_269' title='bbox 1377 3191 1420 3250; x_wconf 93' lang='grc' dir='ltr'><strong><em>τά</em></strong></span> <span class='ocrx_word' id='word_1_270' title='bbox 1442 3207 1478 3250; x_wconf 90' lang='grc' dir='ltr'><strong><em>τε</em></strong></span> <span class='ocrx_word' id='word_1_271' title='bbox 1501 3183 1587 3249; x_wconf 83' lang='grc' dir='ltr'><strong><em>ἄλλα</em></strong></span> 
     </span>
     <span class='ocr_line' id='line_1_29' title="bbox 329 3284 1586 3375; baseline 0.005 -30"><span class='ocrx_word' id='word_1_272' title='bbox 329 3285 415 3368; x_wconf 84' lang='grc' dir='ltr'><strong><em>ύπέρ</em></strong></span> <span class='ocrx_word' id='word_1_273' title='bbox 440 3284 487 3348; x_wconf 84' lang='grc' dir='ltr'><strong><em>ὥν</em></strong></span> <span class='ocrx_word' id='word_1_274' title='bbox 507 3286 583 3373; x_wconf 77' lang='grc' dir='ltr'><strong><em>ἤιεν</em></strong></span> <span class='ocrx_word' id='word_1_275' title='bbox 600 3290 658 3352; x_wconf 85' lang='grc' dir='ltr'><strong><em>ούκ</em></strong></span> <span class='ocrx_word' id='word_1_276' title='bbox 672 3291 846 3374; x_wconf 83' lang='grc' dir='ltr'><strong><em>ἄπρακτον</em></strong></span> <span class='ocrx_word' id='word_1_277' title='bbox 861 3294 1116 3372; x_wconf 83' lang='grc' dir='ltr'><strong><em>ἀπεπέμψαντο</em></strong></span> <span class='ocrx_word' id='word_1_278' title='bbox 1131 3291 1188 3353; x_wconf 87' lang='grc' dir='ltr'><strong><em>καί</em></strong></span> <span class='ocrx_word' id='word_1_279' title='bbox 1202 3287 1355 3374; x_wconf 82' lang='grc' dir='ltr'><strong><em>ταλάντῳ</em></strong></span> <span class='ocrx_word' id='word_1_280' title='bbox 1372 3287 1586 3375; x_wconf 81' lang='grc' dir='ltr'><strong><em>ἐδωρήσαντο</em></strong></span> 
     </span>
     <span class='ocr_line' id='line_1_30' title="bbox 329 3389 1707 3479; baseline 0.001 -29"><span class='ocrx_word' id='word_1_281' title='bbox 329 3389 386 3451; x_wconf 88' lang='grc' dir='ltr'><strong><em>καί</em></strong></span> <span class='ocrx_word' id='word_1_282' title='bbox 408 3391 468 3475; x_wconf 79' lang='grc' dir='ltr'><strong><em>τήν</em></strong></span> <span class='ocrx_word' id='word_1_283' title='bbox 490 3393 602 3454; x_wconf 88' lang='grc' dir='ltr'><strong><em>είκόνα</em></strong></span> <span class='ocrx_word' id='word_1_284' title='bbox 625 3399 687 3454; x_wconf 82' lang='grc' dir='ltr'><strong><em>τοῦ</em></strong></span> <span class='ocrx_word' id='word_1_285' title='bbox 709 3395 866 3474; x_wconf 83' lang='grc' dir='ltr'><strong><em>σώματος</em></strong></span> <span class='ocrx_word' id='word_1_286' title='bbox 894 3395 1081 3479; x_wconf 74' lang='grc' dir='ltr'><strong><em>ἐστήσαντο</em></strong></span> <span class='ocrx_word' id='word_1_287' title='bbox 1106 3411 1194 3451; x_wconf 72' lang='grc' dir='ltr'><strong><em>τε*</em></strong></span> <span class='ocrx_word' id='word_1_288' title='bbox 1220 3393 1313 3478; x_wconf 82' lang='grc' dir='ltr'><strong><em>παρά</em></strong></span> <span class='ocrx_word' id='word_1_289' title='bbox 1343 3399 1411 3455; x_wconf 82' lang='grc' dir='ltr'><strong><em>τῶν</em></strong></span> <span class='ocrx_word' id='word_1_290' title='bbox 1434 3393 1585 3473; x_wconf 88' lang='grc' dir='ltr'><strong><em>ἀστυγει-</em></strong></span> <span class='ocrx_word' id='word_1_291' title='bbox 1601 3402 1707 3453; x_wconf 72' lang='lat' dir='ltr'><strong>manin</strong></span> 
     </span>
     <span class='ocr_line' id='line_1_31' title="bbox 330 3485 1636 3582; baseline 0.002 -29"><span class='ocrx_word' id='word_1_292' title='bbox 330 3493 438 3555; x_wconf 92' lang='grc' dir='ltr'><strong><em>τόνων</em></strong></span> <span class='ocrx_word' id='word_1_293' title='bbox 458 3495 514 3556; x_wconf 85' lang='grc' dir='ltr'><strong><em>καί</em></strong></span> <span class='ocrx_word' id='word_1_294' title='bbox 536 3501 604 3557; x_wconf 81' lang='grc' dir='ltr'><strong><em>τῶν</em></strong></span> <span class='ocrx_word' id='word_1_295' title='bbox 625 3495 732 3581; x_wconf 85' lang='grc' dir='ltr'><strong><em>ἐκείνῃ</em></strong></span> <span class='ocrx_word' id='word_1_296' title='bbox 754 3498 928 3582; x_wconf 86' lang='grc' dir='ltr'><strong><em>Δωριέων,</em></strong></span> <span class='ocrx_word' id='word_1_297' title='bbox 951 3503 1018 3560; x_wconf 81' lang='grc' dir='ltr'><strong><em>τῶν</em></strong></span> <span class='ocrx_word' id='word_1_298' title='bbox 1033 3516 1070 3560; x_wconf 85' lang='grc' dir='ltr'><strong><em>τε</em></strong></span> <span class='ocrx_word' id='word_1_299' title='bbox 1086 3492 1196 3559; x_wconf 83' lang='grc' dir='ltr'><strong><em>ἀλλων</em></strong></span> <span class='ocrx_word' id='word_1_300' title='bbox 1215 3497 1272 3558; x_wconf 87' lang='grc' dir='ltr'><strong><em>καλ</em></strong></span> <span class='ocrx_word' id='word_1_301' title='bbox 1287 3502 1354 3559; x_wconf 84' lang='grc' dir='ltr'><strong><em>τῶν</em></strong></span> <span class='ocrx_word' id='word_1_302' title='bbox 1369 3497 1429 3581; x_wconf 78' lang='grc' dir='ltr'><strong><em>την</em></strong></span> <span class='ocrx_word' id='word_1_303' title='bbox 1440 3485 1585 3558; x_wconf 75' lang='grc' dir='ltr'><strong><em>Ἰταλίαν</em></strong></span> <span class='ocrx_word' id='word_1_304' title='bbox 1607 3505 1636 3556; x_wconf 72' lang='grc' dir='ltr'><strong><em>τύ</em></strong></span> 
     </span>
    </p>
   </div>
   <div class='ocr_carea' id='block_1_6' title="bbox 330 3757 1593 4604">
    <p class='ocr_par' dir='ltr' id='par_1_7' title="bbox 330 3757 1593 4604">
     <span class='ocr_line' id='line_1_32' title="bbox 419 3757 1591 3836; baseline -0.002 -16"><span class='ocrx_word' id='word_1_305' title='bbox 419 3771 430 3820; x_wconf 84' lang='lat'>1</span> <span class='ocrx_word' id='word_1_306' title='bbox 454 3767 519 3836; x_wconf 75' lang='lat' dir='ltr'><strong>post</strong></span> <span class='ocrx_word' id='word_1_307' title='bbox 540 3762 677 3836; x_wconf 78' lang='grc' dir='ltr'><strong><em>ἐμπεσόν</em></strong></span> <span class='ocrx_word' id='word_1_308' title='bbox 699 3765 824 3822; x_wconf 71' lang='lat' dir='ltr'><strong>lacunam</strong></span> <span class='ocrx_word' id='word_1_309' title='bbox 847 3769 939 3822; x_wconf 71' lang='lat' dir='ltr'><strong>statuo</strong></span> <span class='ocrx_word' id='word_1_310' title='bbox 961 3765 1001 3821; x_wconf 80' lang='grc' dir='ltr'><strong><em>εία</em></strong></span> <span class='ocrx_word' id='word_1_311' title='bbox 1022 3763 1081 3821; x_wconf 76' lang='lat' dir='ltr'><strong><em>foro</em></strong></span> <span class='ocrx_word' id='word_1_312' title='bbox 1107 3763 1280 3834; x_wconf 68' lang='lat' dir='ltr'><strong>explendam:</strong></span> <span class='ocrx_word' id='word_1_313' title='bbox 1308 3758 1361 3836; x_wconf 85' lang='grc' dir='ltr'><strong><em>(οδ</em></strong></span> <span class='ocrx_word' id='word_1_314' title='bbox 1383 3757 1455 3830; x_wconf 79' lang='grc' dir='ltr'><strong><em>Ζεὺς</em></strong></span> <span class='ocrx_word' id='word_1_315' title='bbox 1477 3760 1591 3835; x_wconf 77' lang='grc' dir='ltr'><strong><em>αἰγίδα)</em></strong></span> 
     </span>
     <span class='ocr_line' id='line_1_33' title="bbox 332 3844 1539 3924; baseline -0.004 -17"><span class='ocrx_word' id='word_1_316' title='bbox 332 3851 419 3910; x_wconf 82' lang='grc' dir='ltr'><strong><em>σείων</em></strong></span> <span class='ocrx_word' id='word_1_317' title='bbox 471 3847 593 3910; x_wconf 74' lang='grc' dir='ltr'><strong><em>εέύύνων</em></strong></span> <span class='ocrx_word' id='word_1_318' title='bbox 609 3850 640 3906; x_wconf 79' lang='grc' dir='ltr'>Μ</span> <span class='ocrx_word' id='word_1_319' title='bbox 692 3849 792 3910; x_wconf 79' lang='grc' dir='ltr'><strong><em>2όλίί</em></strong></span> <span class='ocrx_word' id='word_1_320' title='bbox 845 3845 1058 3924; x_wconf 81' lang='grc' dir='ltr'><strong><em>συρακούσσαις</em></strong></span> <span class='ocrx_word' id='word_1_321' title='bbox 1073 3847 1130 3907; x_wconf 75' lang='grc' dir='ltr'><strong><em>ΠΜ</em></strong></span> <span class='ocrx_word' id='word_1_322' title='bbox 1182 3844 1473 3923; x_wconf 74' lang='grc' dir='ltr'><strong><em>δύπεμβαλλόμενος</em></strong></span> <span class='ocrx_word' id='word_1_323' title='bbox 1489 3845 1539 3904; x_wconf 87' lang='lat' dir='ltr'><strong><em>UB</em></strong></span> 
     </span>
     <span class='ocr_line' id='line_1_34' title="bbox 330 3929 1590 4008; baseline -0.002 -16"><span class='ocrx_word' id='word_1_324' title='bbox 330 3941 347 3992; x_wconf 75' lang='grc' dir='ltr'><strong><em>ό</em></strong></span> <span class='ocrx_word' id='word_1_325' title='bbox 365 3938 592 4006; x_wconf 82' lang='grc' dir='ltr'><strong><em>συρακαυσσίους</em></strong></span> <span class='ocrx_word' id='word_1_326' title='bbox 608 3933 633 3991; x_wconf 86' lang='lat' dir='ltr'>U</span> <span class='ocrx_word' id='word_1_327' title='bbox 698 3936 837 4008; x_wconf 81' lang='grc' dir='ltr'><strong><em>πολέμοις</em></strong></span> <span class='ocrx_word' id='word_1_328' title='bbox 847 3935 1041 4003; x_wconf 73' lang='grc' dir='ltr'><strong><em>πολλοῖςψυα</em></strong></span> <span class='ocrx_word' id='word_1_329' title='bbox 1058 3934 1129 4002; x_wconf 76' lang='grc' dir='ltr'><strong><em>σεδ.)</em></strong></span> <span class='ocrx_word' id='word_1_330' title='bbox 1140 3935 1178 4005; x_wconf 82' lang='grc' dir='ltr'><strong><em>Β;</em></strong></span> <span class='ocrx_word' id='word_1_331' title='bbox 1194 3933 1285 3990; x_wconf 71' lang='lat' dir='ltr'><strong>malim</strong></span> <span class='ocrx_word' id='word_1_332' title='bbox 1302 3929 1336 3991; x_wconf 86' lang='grc' dir='ltr'><strong><em>ἐν</em></strong></span> <span class='ocrx_word' id='word_1_333' title='bbox 1351 3933 1489 4005; x_wconf 77' lang='grc' dir='ltr'><strong><em>πολέμοις</em></strong></span> <span class='ocrx_word' id='word_1_334' title='bbox 1506 3937 1590 3990; x_wconf 83' lang='grc' dir='ltr'><strong><em>πυλε-</em></strong></span> 
     </span>
     <span class='ocr_line' id='line_1_35' title="bbox 330 4016 1538 4097; baseline -0.006 -17"><span class='ocrx_word' id='word_1_335' title='bbox 330 4027 445 4095; x_wconf 75' lang='grc' dir='ltr'><strong><em>μηάετσι</em></strong></span> <span class='ocrx_word' id='word_1_336' title='bbox 463 4017 538 4097; x_wconf 81' lang='grc' dir='ltr'><strong><em>πρὸς</em></strong></span> <span class='ocrx_word' id='word_1_337' title='bbox 555 4029 608 4078; x_wconf 75' lang='lat' dir='ltr'><strong><em>oto.</em></strong></span> <span class='ocrx_word' id='word_1_338' title='bbox 679 4019 742 4079; x_wconf 73' lang='grc' dir='ltr'><strong><em>’ίοῖ</em></strong></span> <span class='ocrx_word' id='word_1_339' title='bbox 759 4016 834 4094; x_wconf 72' lang='grc' dir='ltr'><strong><em>όὴῖί</em></strong></span> <span class='ocrx_word' id='word_1_340' title='bbox 888 4017 954 4078; x_wconf 76' lang='grc' dir='ltr'><strong><em>θέν</em></strong></span> <span class='ocrx_word' id='word_1_341' title='bbox 971 4019 1068 4076; x_wconf 71' lang='lat' dir='ltr'>delevit</span> <span class='ocrx_word' id='word_1_342' title='bbox 1085 4017 1205 4077; x_wconf 79' lang='lat' dir='ltr'><strong>Oobetus</strong></span> <span class='ocrx_word' id='word_1_343' title='bbox 1264 4024 1296 4076; x_wconf 79' lang='lat'><strong><em>¹0</em></strong></span> <span class='ocrx_word' id='word_1_344' title='bbox 1314 4021 1490 4096; x_wconf 85' lang='grc' dir='ltr'><strong><em>περιγίνεται</em></strong></span> <span class='ocrx_word' id='word_1_345' title='bbox 1507 4017 1538 4073; x_wconf 80' lang='grc' dir='ltr'><strong>Μ</strong></span> 
     </span>
     <span class='ocr_line' id='line_1_36' title="bbox 333 4099 1592 4178; baseline 0 -16"><span class='ocrx_word' id='word_1_346' title='bbox 333 4111 363 4162; x_wconf 87' lang='grc'><strong><em>12</em></strong></span> <span class='ocrx_word' id='word_1_347' title='bbox 383 4104 524 4166; x_wconf 87' lang='grc' dir='ltr'><strong><em>Διονύσου</em></strong></span> <span class='ocrx_word' id='word_1_348' title='bbox 541 4108 670 4178; x_wconf 62' lang='grc' dir='ltr'><strong><em>(λάεσσί),</em></strong></span> <span class='ocrx_word' id='word_1_349' title='bbox 687 4108 831 4164; x_wconf 88' lang='grc' dir='ltr'><strong><em>όιονυσίαυ</em></strong></span> <span class='ocrx_word' id='word_1_350' title='bbox 845 4105 909 4162; x_wconf 74' lang='lat' dir='ltr'>libri</span> <span class='ocrx_word' id='word_1_351' title='bbox 998 4108 1030 4161; x_wconf 79' lang='lat'><strong><em>1³</em></strong></span> <span class='ocrx_word' id='word_1_352' title='bbox 1047 4099 1115 4177; x_wconf 69' lang='grc' dir='ltr'><strong><em>ἡμῖν</em></strong></span> <span class='ocrx_word' id='word_1_353' title='bbox 1131 4103 1220 4173; x_wconf 84' lang='lat' dir='ltr'>UBM,</span> <span class='ocrx_word' id='word_1_354' title='bbox 1238 4119 1309 4162; x_wconf 81' lang='lat' dir='ltr'>corr.</span> <span class='ocrx_word' id='word_1_355' title='bbox 1327 4105 1393 4162; x_wconf 75' lang='lat' dir='ltr'><strong>editi</strong></span> <span class='ocrx_word' id='word_1_356' title='bbox 1475 4110 1506 4160; x_wconf 74' lang='lat'><strong><em>14</em></strong></span> <span class='ocrx_word' id='word_1_357' title='bbox 1523 4099 1592 4175; x_wconf 75' lang='grc' dir='ltr'><strong><em>ἔψη·</em></strong></span> 
     </span>
     <span class='ocr_line' id='line_1_37' title="bbox 331 4185 1590 4262; baseline -0.002 -17"><span class='ocrx_word' id='word_1_358' title='bbox 331 4188 472 4260; x_wconf 83' lang='grc' dir='ltr'><strong><em>φισμίνον</em></strong></span> <span class='ocrx_word' id='word_1_359' title='bbox 488 4209 523 4262; x_wconf 84' lang='grc' dir='ltr'><strong><em>γε</em></strong></span> <span class='ocrx_word' id='word_1_360' title='bbox 539 4193 627 4248; x_wconf 81' lang='grc' dir='ltr'><strong><em>ταῦτα</em></strong></span> <span class='ocrx_word' id='word_1_361' title='bbox 646 4187 753 4258; x_wconf 69' lang='lat' dir='ltr'><strong><em>scripsi,</em></strong></span> <span class='ocrx_word' id='word_1_362' title='bbox 772 4185 972 4262; x_wconf 76' lang='grc' dir='ltr'><strong><em>ἐψηφισμένον</em></strong></span> <span class='ocrx_word' id='word_1_363' title='bbox 988 4191 1038 4248; x_wconf 87' lang='grc' dir='ltr'><strong><em>καί</em></strong></span> <span class='ocrx_word' id='word_1_364' title='bbox 1055 4191 1143 4246; x_wconf 79' lang='grc' dir='ltr'><strong><em>τοῦτο</em></strong></span> <span class='ocrx_word' id='word_1_365' title='bbox 1162 4185 1242 4244; x_wconf 79' lang='grc' dir='ltr'><strong><em>ΠΒδί</em></strong></span> <span class='ocrx_word' id='word_1_366' title='bbox 1311 4189 1364 4246; x_wconf 85' lang='grc' dir='ltr'><strong><em>τοῦ</em></strong></span> <span class='ocrx_word' id='word_1_367' title='bbox 1381 4195 1443 4262; x_wconf 68' lang='lat' dir='ltr'><strong><em>post</em></strong></span> <span class='ocrx_word' id='word_1_368' title='bbox 1459 4191 1509 4248; x_wconf 78' lang='grc' dir='ltr'><strong><em>καὶ</em></strong></span> <span class='ocrx_word' id='word_1_369' title='bbox 1526 4187 1590 4244; x_wconf 83' lang='grc' dir='ltr'><strong><em>εδδ.</em></strong></span> 
     </span>
     <span class='ocr_line' id='line_1_38' title="bbox 333 4268 1593 4347; baseline 0.003 -19"><span class='ocrx_word' id='word_1_370' title='bbox 333 4273 411 4344; x_wconf 79' lang='grc' dir='ltr'><strong><em>Ειαρ.</em></strong></span> <span class='ocrx_word' id='word_1_371' title='bbox 489 4279 520 4330; x_wconf 89' lang='grc'><strong><em>21</em></strong></span> <span class='ocrx_word' id='word_1_372' title='bbox 540 4271 650 4347; x_wconf 70' lang='grc' dir='ltr'><strong><em>ἐστάθη</em></strong></span> <span class='ocrx_word' id='word_1_373' title='bbox 667 4273 758 4343; x_wconf 64' lang='lat' dir='ltr'><strong><em>Eup„</em></strong></span> <span class='ocrx_word' id='word_1_374' title='bbox 775 4271 901 4347; x_wconf 71' lang='grc' dir='ltr'><strong><em>ἐστάθην</em></strong></span> <span class='ocrx_word' id='word_1_375' title='bbox 917 4273 980 4330; x_wconf 77' lang='lat' dir='ltr'><strong>libri</strong></span> <span class='ocrx_word' id='word_1_376' title='bbox 1065 4278 1099 4330; x_wconf 88' lang='grc'><strong><em>22</em></strong></span> <span class='ocrx_word' id='word_1_377' title='bbox 1117 4268 1328 4344; x_wconf 85' lang='grc' dir='ltr'><strong><em>αυρακυύσσαις</em></strong></span> <span class='ocrx_word' id='word_1_378' title='bbox 1344 4271 1434 4344; x_wconf 76' lang='grc' dir='ltr'><strong><em>ΗΒΜ,</em></strong></span> <span class='ocrx_word' id='word_1_379' title='bbox 1451 4269 1593 4345; x_wconf 84' lang='grc' dir='ltr'><strong><em>συρακού·</em></strong></span> 
     </span>
     <span class='ocr_line' id='line_1_39' title="bbox 331 4349 1591 4432; baseline -0.002 -16"><span class='ocrx_word' id='word_1_380' title='bbox 331 4358 436 4426; x_wconf 83' lang='grc' dir='ltr'><strong><em>σαιςΤ</em></strong></span> <span class='ocrx_word' id='word_1_381' title='bbox 494 4363 528 4415; x_wconf 75' lang='grc'><strong><em>24</em></strong></span> <span class='ocrx_word' id='word_1_382' title='bbox 546 4349 679 4426; x_wconf 71' lang='grc' dir='ltr'><strong><em>αδκωςῐ]</em></strong></span> <span class='ocrx_word' id='word_1_383' title='bbox 732 4352 809 4418; x_wconf 76' lang='grc' dir='ltr'><strong><em>δάν</em></strong></span> <span class='ocrx_word' id='word_1_384' title='bbox 824 4359 887 4416; x_wconf 77' lang='grc' dir='ltr'><strong><em>εδδ.</em></strong></span> <span class='ocrx_word' id='word_1_385' title='bbox 905 4359 969 4417; x_wconf 85' lang='lat' dir='ltr'><strong>wil.</strong></span> <span class='ocrx_word' id='word_1_386' title='bbox 1046 4365 1078 4416; x_wconf 75' lang='grc'><strong><em>25</em></strong></span> <span class='ocrx_word' id='word_1_387' title='bbox 1097 4354 1147 4432; x_wconf 75' lang='grc' dir='ltr'><strong><em>ἔχη</em></strong></span> <span class='ocrx_word' id='word_1_388' title='bbox 1165 4359 1240 4426; x_wconf 71' lang='lat' dir='ltr'><strong><em>wil„</em></strong></span> <span class='ocrx_word' id='word_1_389' title='bbox 1257 4353 1315 4431; x_wconf 76' lang='grc' dir='ltr'><strong><em>ἔχει</em></strong></span> <span class='ocrx_word' id='word_1_390' title='bbox 1332 4359 1396 4416; x_wconf 80' lang='lat' dir='ltr'>libri</span> <span class='ocrx_word' id='word_1_391' title='bbox 1464 4363 1497 4414; x_wconf 80' lang='grc'><strong><em>29</em></strong></span> <span class='ocrx_word' id='word_1_392' title='bbox 1515 4359 1591 4415; x_wconf 71' lang='lat' dir='ltr'>laeu-</span> 
     </span>
     <span class='ocr_line' id='line_1_40' title="bbox 332 4442 1591 4516; baseline 0.002 -18"><span class='ocrx_word' id='word_1_393' title='bbox 332 4459 394 4498; x_wconf 75' lang='lat' dir='ltr'><strong><em>nam</em></strong></span> <span class='ocrx_word' id='word_1_394' title='bbox 412 4442 573 4513; x_wconf 67' lang='lat' dir='ltr'><strong><em>significavit</em></strong></span> <span class='ocrx_word' id='word_1_395' title='bbox 593 4443 788 4502; x_wconf 70' lang='lat' dir='ltr'><strong><em>casaubonus:</em></strong></span> <span class='ocrx_word' id='word_1_396' title='bbox 813 4444 885 4500; x_wconf 75' lang='lat' dir='ltr'><strong>hane</strong></span> <span class='ocrx_word' id='word_1_397' title='bbox 902 4445 938 4502; x_wconf 84' lang='lat' dir='ltr'><strong><em>ob</em></strong></span> <span class='ocrx_word' id='word_1_398' title='bbox 955 4461 1013 4504; x_wconf 75' lang='lat' dir='ltr'><strong><em>rem</em></strong></span> <span class='ocrx_word' id='word_1_399' title='bbox 1029 4447 1132 4516; x_wconf 74' lang='grc' dir='ltr'><strong><em>ρηάιι</em></strong></span> <span class='ocrx_word' id='word_1_400' title='bbox 1149 4445 1183 4502; x_wconf 75' lang='lat' dir='ltr'><strong><em>ii·</em></strong></span> <span class='ocrx_word' id='word_1_401' title='bbox 1200 4451 1314 4514; x_wconf 77' lang='grc' dir='ltr'><strong><em>εςειααε</em></strong></span> <span class='ocrx_word' id='word_1_402' title='bbox 1331 4445 1415 4502; x_wconf 77' lang='grc' dir='ltr'><strong><em>σείει-ί</em></strong></span> <span class='ocrx_word' id='word_1_403' title='bbox 1434 4443 1591 4501; x_wconf 68' lang='lat' dir='ltr'>Dodonaea.</span> 
     </span>
     <span class='ocr_line' id='line_1_41' title="bbox 330 4525 1517 4604; baseline -0.002 -17"><span class='ocrx_word' id='word_1_404' title='bbox 330 4533 380 4587; x_wconf 84' lang='grc' dir='ltr'><strong><em>καί</em></strong></span> <span class='ocrx_word' id='word_1_405' title='bbox 397 4526 442 4589; x_wconf 79' lang='grc' dir='ltr'><strong><em>διὰ</em></strong></span> <span class='ocrx_word' id='word_1_406' title='bbox 461 4533 549 4588; x_wconf 82' lang='grc' dir='ltr'><strong><em>τοῦτο</em></strong></span> <span class='ocrx_word' id='word_1_407' title='bbox 566 4525 658 4589; x_wconf 75' lang='grc' dir='ltr'><strong><em>πολύν</em></strong></span> <span class='ocrx_word' id='word_1_408' title='bbox 675 4526 796 4589; x_wconf 74' lang='grc' dir='ltr'><strong><em>ἔπαινον</em></strong></span> <span class='ocrx_word' id='word_1_409' title='bbox 812 4527 971 4604; x_wconf 74' lang='grc' dir='ltr'><strong><em>ἐκτήσαντο</em></strong></span> <span class='ocrx_word' id='word_1_410' title='bbox 990 4531 1111 4588; x_wconf 72' lang='lat' dir='ltr'><strong>cebetas</strong></span> <span class='ocrx_word' id='word_1_411' title='bbox 1189 4532 1222 4584; x_wconf 77' lang='lat'><strong><em>³0</em></strong></span> <span class='ocrx_word' id='word_1_412' title='bbox 1239 4533 1289 4587; x_wconf 85' lang='grc' dir='ltr'><strong><em>καί</em></strong></span> <span class='ocrx_word' id='word_1_413' title='bbox 1305 4529 1380 4600; x_wconf 75' lang='grc' dir='ltr'><strong><em>μήτε</em></strong></span> <span class='ocrx_word' id='word_1_414' title='bbox 1398 4545 1450 4586; x_wconf 86' lang='lat' dir='ltr'><strong><em>om.</em></strong></span> <span class='ocrx_word' id='word_1_415' title='bbox 1469 4529 1517 4586; x_wconf 85' lang='lat' dir='ltr'><strong><em>UB</em></strong></span> 
     </span>
    </p>
   </div>
   <div class='ocr_carea' id='block_1_7' title="bbox 0 0 1730 5264">
    <p class='ocr_par' dir='ltr' id='par_1_8' title="bbox 0 0 1730 5264">
     <span class='ocr_line' id='line_1_42' title="bbox 0 0 1730 5264; baseline 0 0"><span class='ocrx_word' id='word_1_416' title='bbox 0 0 1730 5264; x_wconf 95' lang='lat' dir='ltr'><strong><em> </em></strong></span> 
     </span>
    </p>
   </div>
  </div>
 </body>
</html>
