3526 5264
686 383 824 442 offilo
842 383 916 442 xvi.
1369 387 1431 448 241

175 556 214 632 ὃς
235 557 276 618 ἀν
303 536 326 641 ᾖ
349 556 437 638 πρός
464 556 586 642 ἀρετὴν
613 553 724 633 καλῶς
749 561 910 639 γεγονώς,
940 565 1059 622 τοῦτον
1088 562 1253 646 προσήκει
1279 568 1434 644 γενναῖον

174 654 347 740 λέγεσθαι,
369 659 430 720 κάν
444 659 572 744 μηθείς
588 652 772 746 ἐπίστηται
793 663 873 736 τοός
887 665 1006 744 γονέας
1022 662 1126 724 αότοό·
1144 659 1230 747 μηδὲ
1252 667 1331 740 τους
1347 685 1432 751 προ·

172 761 300 841 γόνους.
345 756 430 822 ἀλλά
452 762 518 846 μὴν
542 761 599 840 οόχ
623 761 695 825 σίόν
717 783 754 826 τε
775 768 928 847 γενναῖον
950 765 1012 843 μὲν
1034 763 1124 827 εἷναί
1144 785 1231 842 τινα,
1253 768 1298 852 μὴ
1318 768 1431 855 εὐγενῆ

174 857 210 924 δέ
240 869 374 938 τοῦτον,
404 855 478 926 οὐδ’
509 863 622 950 εὐγενῆ
653 866 733 928 όντα
761 869 806 952 με)
836 863 1020 949 ἐλεύθερον
1048 865 1154 930 εἶναι·
1178 867 1265 930 ὥστε
1291 869 1349 932 καί
1373 873 1432 932 τόν

139 973 154 1026 ί
176 965 293 1050 ἀγεννῆ
316 972 412 1027 πάσα
436 966 560 1052 ἀνάγκη
585 963 704 1030 δοῦλον
726 966 824 1032 εἶναι.
868 969 925 1032 καί
950 968 1012 1051 γάρ
1037 965 1075 1053 δὴ
1100 970 1132 1031 εί
1152 971 1191 1031 τό
1214 975 1274 1054 τῆς
1296 966 1432 1034 ἐλευθε-

171 1067 249 1150 ρίας
275 1067 332 1130 καί
360 1069 398 1129 τὸ
427 1075 487 1154 τῆς
516 1064 671 1144 δουλείας
697 1069 783 1145 ἔθος
811 1066 852 1156 ἦν
879 1071 942 1132 έπί
973 1091 1010 1132 τε
1039 1071 1158 1133 ίππων
1188 1067 1351 1153 λέγεσθαι
1375 1075 1433 1137 καί

62 1165 400 1252 (οωῶόλεκτρυόνων
428 1171 483 1232 καὶ
512 1177 635 1248 κυνῶν,
664 1171 723 1233 οὐκ
751 1173 793 1234 ἀν
816 1169 939 1247 ἄλλους
966 1173 1028 1252 μὲν
1056 1173 1230 1253 γενναίους
1251 1172 1340 1237 εἶναι
1362 1172 1432 1238 ἀλέ-

171 1291 283 1353 γομεν,
306 1268 429 1348 ἄλλους
452 1268 488 1335 δὲ
510 1269 722 1357 ἐλευθέρους,
746 1271 822 1336 οὐδὲ
846 1271 970 1348 ἄλλους
992 1275 1053 1356 μὲν
1076 1270 1226 1352 δσόλους,
1249 1271 1372 1352 ἄλλους
1395 1275 1431 1340 δί

172 1374 329 1455 ἀγεννεῖς.
368 1375 494 1454 δμοίως
510 1370 550 1461 δὴ
565 1377 622 1439 καί
644 1368 704 1438 ἀπ’
729 1379 928 1460 ἀνθρώπων
944 1377 1002 1439 οὐκ
1017 1373 1140 1454 ἀλλους
1159 1378 1221 1457 μέν
1243 1379 1332 1454 είνός
1353 1379 1483 1444 ίστιθλ

126 1484 155 1536 1⁰
175 1477 347 1557 γενναίους
373 1479 430 1540 καί
457 1478 600 1558 εὐγενεῖς
630 1474 754 1560 λέγειν,
783 1475 906 1554 ἀλλους
935 1476 971 1541 δέ
998 1475 1216 1563 ἐλευθέρως,
1245 1476 1330 1542 ἀλλά
1352 1484 1432 1558 τοῖς

174 1579 311 1657 αότοός,
343 1575 419 1642 οόδδ
446 1576 569 1655 ἀλλους
597 1581 659 1660 μέν
681 1581 831 1662 ἀγεννεῖς
856 1581 913 1644 καί
934 1583 1128 1658 ταπεινούς,
1150 1577 1274 1656 ἄλλους
1296 1579 1332 1645 δὲ
1355 1581 1431 1646 δοό·

173 1676 260 1755 λους.
304 1683 361 1744 καί
383 1682 470 1744 οὕτω
496 1680 535 1767 δὴ
559 1683 750 1767 ἀποφαίνει
772 1685 791 1745 ό
809 1680 907 1766 λόγος
930 1684 969 1745 οδ
991 1684 1072 1758 τοδς
1094 1679 1309 1770 φιλοσόφους
1330 1706 1431 1764 μετα-

172 1786 340 1868 φέροντας
362 1785 404 1846 τά
426 1785 588 1865 όνόματα,
611 1781 695 1846 ἀλλά
712 1788 791 1860 τοὺς
809 1783 959 1862 πολλοὺς
974 1793 1042 1849 τῶν
1057 1787 1210 1871 ἀνοήτων
1232 1787 1430 1872 ἀνθρώπων

172 1880 228 1946 διά
250 1886 310 1970 τὴν
333 1885 507 1970 ἀπειρίαν.

541 2189 612 2268 (66)
639 2183 794 2266 ΠΕΡΙ
830 2185 1063 2270 ΛΥΠΗΣ.

123 2489 151 2542 1ο
262 2479 309 2539 Τδ
324 2479 386 2557 μὲν
401 2469 463 2562 ὑφ’
488 2474 610 2564 ἡδονῆς
624 2479 830 2563 κρατεῖσθαι
845 2481 924 2556 τοδς
940 2475 1088 2554 πολλοὺς
1104 2478 1217 2541 αἰτίαν
1236 2476 1320 2553 ἴσως
1341 2479 1427 2558 ἔχει·
1452 2489 1466 2552 1

171 2576 372 2664 κηλούμενοι
394 2579 456 2663 γάρ
479 2582 536 2642 καί
557 2584 796 2666 γοητευόμενοι
811 2582 905 2665 παρά
922 2583 1025 2666 ταύτῃ
1040 2586 1194 2662 μένουσι·
1217 2581 1256 2642 τό
1279 2577 1316 2642 δέ
1339 2577 1428 2665 λόπῃ

172 2678 411 2744 δεδουλῶσθαι
441 2679 616 2758 παντελῶς
644 2681 766 2766 ἀλογον
791 2686 849 2746 καί
876 2685 1087 2763 θαυμαστόν.
1133 2679 1339 2763 ὀδυνώμενοι
1365 2684 1428 2768 γάρ

39 2785 226 2854 ammona!
247 2780 509 2867 βασανιζόμενοι
531 2793 572 2871 τῇ
592 2783 817 2870 χαλεπωτάτῃ
841 2793 962 2849 πασῶν
987 2787 1125 2867 βασάνῳ
1148 2789 1291 2866 μένομεν
1313 2787 1348 2848 έν
1371 2787 1429 2848 αό-

173 2895 214 2972 τῇ
236 2889 292 2950 καί
313 2890 372 2950 τόν
395 2885 493 2970 λόγον
511 2882 605 2969 (τόν)
626 2886 871 2971 ἐλευθεροῦντα
893 2892 982 2972 ἡμᾶς
1002 2888 1060 2950 καί
1081 2884 1347 2952 ἀπαλλάσσοντα
1369 2897 1430 2974 τῆς

122 2999 153 3054 20
175 2986 358 3074 ἀλγηδόνος
382 2991 419 3051 οδ
443 2991 671 3073 προσιέμεθα.
707 2992 820 3053 καίτοι
842 2991 877 3053 τί
897 2991 958 3070 μὲν
973 2993 1214 3074 ταπεινότερον
1230 2988 1352 3073 ἀνδρὸς
1375 2987 1429 3052 λυ-

172 3095 361 3170 πουμένους
383 3092 418 3153 τί
440 3088 475 3152 δὲ
500 3092 606 3166 οότως
631 3093 769 3176 αἰσχρόν
791 3093 927 3172 θέαμα,·
954 3093 1170 3156 καθικνεῖται
1193 3085 1272 3176 [καί]
1293 3093 1356 3176 γάρ
1379 3091 1429 3154 υί-

170 3214 233 3272 μαι
254 3194 311 3256 καί
332 3199 395 3254 του·
416 3194 573 3273 σώματος
594 3194 634 3255 τό
658 3194 777 3268 πάθος
798 3196 855 3257 καί
875 3201 976 3256 τοῦτο
1000 3191 1174 3258 συστέλλει
1194 3196 1251 3258 καί
1274 3197 1428 3280 σκυθρω-

172 3296 239 3356 πὸν
252 3296 310 3357 καί
326 3291 478 3369 δυσειδὲς
494 3294 649 3380 ὀφθῆναι
672 3300 821 3377 παρέχει
858 3298 897 3358 τὸ
922 3294 957 3359 δὲ
979 3298 1025 3382 μὴ
1041 3299 1144 3375 μόνον
1160 3295 1262 3361 εἴκειν
1276 3306 1318 3382 τῇ
1335 3297 1427 3384 φορᾷ
1449 3306 1470 3366 2

172 3404 232 3482 τῆς
255 3393 420 3472 διανοίας,
444 3392 529 3457 ἀλλὰ
550 3399 607 3459 καί
630 3399 944 3482 προσμηχανᾶσθαί
962 3419 1037 3460 τινα
1060 3395 1200 3476 ἔξωθεν,
1225 3399 1297 3464 οίον
1311 3398 1428 3481 μέλαι-

122 3515 152 3568 25
175 3519 234 3560 ναν
258 3498 390 3584 ἐσθῆτα
405 3499 462 3561 καί
485 3494 681 3577 συμπλοκάς
700 3507 822 3582 χειρῶν
843 3501 901 3562 καί
914 3501 1079 3574 ταπεινάς
1093 3497 1275 3584 καθέδρας,
1299 3503 1346 3578 ὡς
1360 3505 1428 3566 ὑπὸ

171 3603 299 3664 τούτων
323 3603 460 3665 πάντων
484 3596 738 3684 ἀναγκάζεσθαι
752 3604 881 3684 τρόπον
902 3602 979 3664 τινὰ
1003 3603 1063 3687 τὴν
1087 3599 1241 3666 διάνοιαν
1255 3600 1428 3688 μηδέποτε

170 3704 393 3790 ἀφίστασθαι
407 3712 467 3789 τῆς
491 3701 609 3788 λύπης,
633 3696 710 3765 ἀλλ’
736 3705 790 3766 ἀεί
803 3706 1023 3788 μνημονεύειν
1038 3705 1095 3767 καί
1118 3702 1317 3782 λυπεῖσθαι,
1341 3701 1427 3786 διεγ-

169 3809 319 3881 νωκότας
349 3802 389 3891 δὴ
418 3806 567 3870 ἔσεσθαί
593 3827 669 3869 τινα
698 3802 896 3892 ἀπαλλαγὴν
924 3808 1044 3868 τούτου
1067 3807 1189 3892 καὶμὴ
1214 3808 1352 3882 πάντως
1374 3807 1428 3870 ἀεί

171 3909 363 3994 φαίνεσθαί
390 3929 466 3970 τινα
496 3909 609 3971 αίτίαν
631 3915 694 3969 του·
714 3908 868 3985 πάθους,
899 3909 971 3988 οὐχί
999 3905 1133 3993 σφόδρα
1158 3909 1299 3993 εδηθες,·
1320 3897 1341 3995 ἢ
1363 3910 1424 3994 γάρ
1449 3919 1468 3982 3

257 4125 377 4193 ἱκαλδς
395 4125 445 4183 UB
514 4123 681 4198 λένιίστητε
698 4125 728 4180 Μ
831 4119 960 4183 bucina
977 4123 1049 4190 libri,
1066 4129 1148 4183 πάσα
1164 4124 1294 4180 Beiuh‘un
1391 4118 1426 4184 τὸ

169 4215 218 4283 τῆς
235 4213 364 4278 δουλείας
378 4214 428 4268 καί
444 4215 495 4283 τῆς
511 4208 678 4284 ἐλευθερίας
695 4213 758 4274 (hoc
775 4209 886 4276 ord.)U
975 4215 1004 4264 11
1024 4204 1178 4282 άγενεῖςΒ
1276 4215 1307 4267 17
1327 4205 1427 4268 δόυνδ·

168 4315 251 4366 μενοι
268 4296 292 4351 11
310 4313 345 4351 n.
363 4313 405 4366 pr.
424 4297 478 4352 ΒΜ
548 4300 579 4352 18
597 4298 729 4368 μένωμεν
745 4297 775 4352 Μ
846 4290 1127 4354 19τὸνεόά.1)ἰιά,
1192 4299 1222 4350 21
1243 4297 1271 4352 τί
1288 4295 1376 4353 διίῦ

168 4384 217 4436 καί
234 4381 298 4438 secl.
316 4381 433 4437 casaub.
503 4385 535 4436 22
554 4377 649 4454 πάχος
665 4380 778 4437 αυτοῦ
848 4385 882 4436 24
898 4401 963 4439 τινα
981 4380 1375 4448 V'mdob.109‚maceetul

170 4468 201 4518 27
220 4469 269 4521 καί
287 4471 438 4524 λυπεῖσθαι
454 4467 546 4522 mum
563 4468 659 4522 κοειεε
745 4470 779 4522 ²8
796 4462 828 4538 δὴ
846 4467 953 4536 scripti,
971 4465 1009 4539 μὴ
1028 4465 1083 4528 ΠΒ,
1101 4481 1155 4522 om.
1174 4467 1203 4522 Μ
1277 4466 1305 4525 εί
1318 4465 1358 4540 μὴ
1375 4481 1426 4537 μιν

171 4545 275 4622 καὶμὴ
292 4551 342 4607 UB
428 4555 461 4606 29
478 4555 635 4624 φαίνεσθαι
652 4552 723 4621 libri,
741 4557 898 4624 φανεῖσθαι
915 4551 996 4608 Dind.

220 4641 279 4687 mo.
292 4643 322 4688 n.
1187 4641 1218 4692 16
