3452 5264
626 358 764 415 ORATIO
780 360 908 418 xxxvl.
1376 359 1395 420 9

223 538 261 599 τδ
277 539 338 617 μέν
354 533 392 623 δη
410 545 469 622 τῆς
485 533 622 612 πόλεως
639 537 757 616 οὑτως,
773 539 869 624 έφην,
887 534 943 601 δεῖ
954 538 1089 602 ἀκούειν
1105 539 1152 613 ὡς
1167 529 1227 600 ούκ
1242 539 1397 621 ἄντικρυς

1 653 36 699 ωε
50 651 75 696 R
91 651 124 703 υ)
138 644 205 700 τῶν
227 641 397 724 ημετέρων
411 641 469 701 τδν
484 641 612 718 κόσμον
630 639 919 724 ἀποφαινομένων
935 637 1053 703 πόλιν·
1076 642 1228 704 έναντίον
1242 639 1305 722 γάρ
1320 631 1399 720 (δν)

139 741 267 826 ὑπῆρχε
282 747 382 804 τοῦτο
398 740 446 823 τῷ
463 738 547 824 λόγῳ
564 739 613 822 τῷ
629 742 783 827 περὶτῆς
798 737 941 818 πόλεως,
963 736 1049 827 (ἦν),
1072 743 1189 827 ῶσπερ
1211 740 1269 804 οὑν
1286 738 1397 815 εἷπον,

141 845 294 928 σύστημα
310 844 506 926 ἀνθρώπων
518 845 703 929 ὡρίσαντο·
728 846 797 925 ἅμα
812 863 849 906 τε
865 844 924 906 οὑκ
937 839 978 929 ἦν
994 843 1078 920 ἴσως
1094 849 1228 925 πρέπον
1244 839 1322 905 οὑδδ
1338 861 1396 904 πι-

103 954 119 1005 1
140 946 251 1008 θανόν
261 947 384 1029 κυρίως
396 948 557 1022 είπόντος
569 945 657 1010 εἶναι
669 948 727 1010 τδν
737 948 864 1026 κόσμον
877 940 962 1028 ζῴον
973 947 1093 1010 ἔπειτα
1107 949 1249 1033 φάσκειν
1262 943 1309 1019 ὡς
1320 943 1395 1006 έστι
1406 946 1448 1009 30

139 1044 257 1123 πόλις·
273 1050 311 1111 τύ
326 1048 389 1131 γάρ
406 1049 488 1111 αύτδ
505 1045 606 1111 πόλιν
621 1049 728 1112 τεκαὶ
743 1043 830 1131 ζῷον
844 1049 903 1111 ούκ
918 1049 960 1110 δν
976 1047 1073 1129 οἶμαι
1087 1044 1217 1132 ῥᾳδίως
1231 1047 1399 1126 ὑπομένοι

138 1171 191 1226 τις
206 1148 401 1232 ὑπολαβεῖν.
434 1146 519 1212 ἀλλὰ
537 1152 597 1236 τὴν
615 1157 671 1213 νῦν
685 1146 919 1235 διακόσμησιν,
936 1150 1081 1235 ὑπηνίκα
1097 1145 1257 1235 διῄρηται
1270 1149 1327 1210 καί
1340 1167 1399 1228 με·

138 1256 297 1335 μέρισται
311 1255 350 1316 τδ
369 1259 436 1315 πᾶν
453 1253 502 1328 είς
514 1248 645 1327 πολλάς
656 1272 752 1327 τινας
761 1253 899 1338 μορφάς
912 1259 1027 1338 φυτῶν
1039 1272 1076 1313 τε
1087 1253 1144 1314 καί
1155 1247 1249 1335 ζῴων
1261 1251 1399 1335 θνητῶν

137 1355 195 1417 καί
216 1355 410 1432 ἀθανάτων,
434 1356 486 1418 έτι
509 1351 545 1417 δδ
562 1356 662 1438 ἀέρος
675 1356 733 1418 καί
746 1363 806 1441 γῆς
822 1356 877 1418 καί
892 1352 1016 1430 ὕδατος
1030 1355 1086 1417 καί
1110 1356 1228 1438 πυρός,
1251 1354 1287 1417 έν
1303 1348 1399 1414 οὐδὲν

90 1465 120 1517 1⁰
141 1455 241 1541 ἦττον
261 1459 412 1544 πεφυκός
430 1457 465 1519 έν
484 1457 597 1518 άπασι
613 1458 748 1532 τούτοις
762 1458 820 1520 καί
842 1455 905 1541 μιᾷ
930 1464 1022 1541 ψυχῇ
1040 1457 1097 1518 καί
1119 1453 1258 1535 δυνάμει
1283 1452 1398 1518 διεπό-

139 1578 250 1639 μενον,
272 1560 427 1643 ἁμῃγέπῃ
452 1556 553 1622 πόλει
576 1553 839 1641 προσεικάζουσι
863 1555 921 1621 διδ
943 1559 982 1620 τό
1005 1555 1143 1644 πλῆθος
1165 1564 1233 1620 τῶν
1254 1559 1290 1620 έν
1314 1546 1399 1641 αὑτῇ

139 1664 343 1742 γιγνομένων
354 1682 391 1724 τε
402 1661 459 1724 καί
473 1661 760 1744 ἀπογιγνομένων,
776 1661 827 1723 έτι
841 1657 876 1722 δὲ
887 1661 947 1745 την
959 1657 1055 1738 τάξιν
1070 1661 1126 1722 καί
1140 1660 1200 1744 την
1216 1651 1398 1739 εύκοσμίαν

140 1771 199 1849 τῆς
223 1759 430 1847 διοικήσεως.
476 1765 495 1824 δ
518 1760 554 1825 δέ
572 1758 670 1844 λόγος
686 1760 785 1838 οὑτος
800 1761 948 1846 ἔμβραχυ
971 1757 1162 1823 ἐσπούδακε
1189 1756 1448 1847 ξυναρμόσαιδί

140 1862 187 1946 τῷ
217 1864 304 1946 θείῳ
334 1867 373 1926 τδ
405 1864 625 1947 ἀνθρώπειον
653 1869 749 1946 γένος
774 1866 832 1927 καί
860 1865 910 1927 ένί
939 1860 1024 1945 λόγῳ
1049 1859 1247 1945 περιλαβεῖν
1270 1869 1337 1925 πᾶν
1359 1864 1399 1925 τό

7 1977 122 2028 nimi
146 1962 293 2048 λογικόν,
321 1966 500 2040 κοινωνίας
522 1967 624 2050 ἀρχὴν
653 1968 709 2028 καί
738 1963 953 2050 δικαιοσύνης
981 1967 1086 2050 μόνην
1115 1967 1239 2050 ταύτην
1262 1965 1401 2049 ἰσχυράν

142 2069 200 2130 καὶ
222 2064 344 2130 ἄλυτον
367 2067 539 2149 εὑρίσκων.
585 2063 686 2142 πόλις
707 2069 769 2146 μὲν
790 2069 852 2152 γάρ
877 2064 915 2154 δὴ
938 2066 1023 2128 κατά
1046 2074 1146 2128 τοῦτο
1169 2069 1210 2129 ἂν
1233 2065 1284 2151 εἴη
1310 2062 1400 2147 λεγο-

144 2173 226 2252 μένη
249 2169 297 2248 μά
319 2159 379 2230 Δί’
406 2159 444 2228 ού
470 2163 608 2253 φαύλων
631 2159 708 2230 οὑδὲ
730 2176 858 2252 μικρῶν
879 2175 1024 2250 τυχοῦσα
1039 2171 1209 2252 ἡγεμόνων
1233 2159 1310 2231 οὑδὲ
1332 2169 1400 2229 ὑπὸ

146 2273 316 2353 τυράννων
337 2289 375 2332 τε
396 2271 453 2332 καί
475 2265 590 2353 δήμων
604 2270 660 2331 καί
675 2265 857 2352 δεκαρχιῶν
874 2267 913 2356 δη
929 2269 986 2332 καί
1001 2266 1201 2354 ὀλιγαρχιῶν
1222 2270 1280 2332 καί
1300 2289 1402 2332 τινων

147 2369 259 2434 ἄλλων
286 2373 451 2434 τοιούτων
483 2371 759 2455 ἀρρωστημάτων
794 2367 1044 2458 διαφορουμένη
1081 2375 1138 2436 καί
1174 2367 1402 2448 στασιάζουσα

97 2485 127 2537 21)
148 2476 207 2537 τόν
231 2475 367 2535 ἅπαντα
391 2475 530 2558 χρόνον,
559 2466 645 2532 ἀλλά
667 2479 709 2556 τῇ
739 2475 1000 2559 σωφρονεστάτη
1023 2476 1080 2538 καί
1101 2475 1222 2560 ἀρίστη
1245 2469 1403 2556 βασιλείᾳ

145 2579 385 2660 κεκοσμημένη,
407 2573 457 2658 τῷ
479 2575 551 2637 όντι
567 2569 812 2660 βασιλευομένη
827 2575 912 2638 κατά
928 2578 1032 2656 νόμον
1052 2578 1138 2658 μετά
1153 2578 1268 2661 πάσης
1284 2573 1402 2662 φιλίας

144 2680 202 2741 καί
232 2678 408 2760 δμονοίυς·
442 2679 525 2761 ὅπερ
550 2673 588 2763 δη
618 2677 637 2738 δ
660 2679 862 2762 σοφώτατος
883 2679 940 2740 καί
962 2670 1002 2764 [δ]
1030 2680 1263 2765 πρεσβύτατος
1291 2681 1401 2761 ἀρχων
1414 2681 1455 2748 32

146 2782 204 2843 καί
225 2780 417 2864 νομοθέτης
439 2781 551 2842 ἅπασι
574 2781 781 2863 προστάττει
808 2779 953 2865 θνητοῖς
980 2782 1038 2844 καί
1067 2782 1274 2858 ἀθανάτοις,
1304 2782 1407 2843 δτοδ

146 2879 341 2962 ξύμπαντος
361 2883 493 2968 ηγεμὼν
516 2872 662 2965 ούρανοῦ
681 2881 739 2943 καί
759 2888 819 2965 τῆς
840 2877 920 2966 δλης
943 2878 1113 2969 δεσπότης
1136 2875 1274 2960 οὑσίας,
1304 2871 1406 2958 αὑτδς

0 3020 5 3040 ι
20 3001 83 3052 111)
98 2995 129 3046 25
153 2985 260 3058 οὑτως
282 2979 502 3067 ἐξηγούμενος
523 2983 580 3044 καί
601 2978 818 3065 παράδειγμα
841 2987 998 3067 παρέχων
1018 2987 1079 3071 τὴν
1110 2987 1214 3048 αὑτοῦ
1239 2982 1406 3070 διοίκησιν

150 3093 210 3171 τῆς
239 3073 440 3166 εὐδαίμονος
466 3087 524 3148 καί
545 3085 713 3168 μακαρίας
734 3087 990 3161 καταστάσεως·
1022 3085 1060 3149 δν
1089 3089 1124 3149 οὶ
1144 3088 1242 3150 θεῖοι
1263 3089 1406 3174 ποιηταί

150 3187 322 3268 μαθόντες
344 3189 380 3249 έκ
402 3188 554 3250 Μουσῶν
577 3188 737 3267 ὑμνοῦσιν
761 3189 830 3267 ἅμα
851 3189 909 3250 καί
932 3183 1136 3268 ὀνομάζουσι
1158 3193 1291 3275 πατέρα
1313 3191 1406 3254 θεῶν

713 3334 844 3340 ———-··-
854 3336 880 3340 —-
903 3337 912 3340 -
1082 3337 1402 3348 -—.—-...—--——

240 3424 315 3477 Ῑδεῖ
330 3419 439 3483 Βοίοίεο,
457 3413 490 3491 δὴ
508 3418 537 3472 Μ
555 3424 613 3476 δεῖν
631 3418 704 3475 UBT
780 3413 819 3486 ιδς
837 3414 890 3478 οὑκ
907 3421 937 3475 Μ
953 3427 1002 3478 καί
1020 3413 1074 3480 οὑκ
1090 3421 1164 3477 UBT
1233 3426 1327 3482 2τεὺν
1343 3421 1409 3499 ἦμε-

152 3504 246 3576 τέρων
263 3505 352 3576 Eup..
370 3507 430 3561 τῶν
446 3498 562 3578 ἡμερῶν
579 3503 608 3558 Μ
626 3507 685 3560 τῶν
701 3494 810 3578 ἥμερον
827 3507 915 3574 ζῶων
932 3504 1005 3562 UBT
1111 3501 1130 3577 ἢ
1147 3504 1233 3566 πόλιν
1250 3508 1324 3565 UBT

153 3586 191 3648 ἀν
214 3591 275 3646 αδδ.
292 3589 372 3659 iimp.
460 3593 581 3647 δτοὺτο
600 3589 719 3652 δείδιε..
743 3585 838 3665 τούτῳ
860 3589 921 3645 libri
1023 3583 1140 3662 ἢτεδδ
1164 3593 1245 3664 Μωρ.
1333 3585 1408 3669 ὑπερ

155 3667 207 3735 οὑν
225 3675 273 3732 UT
325 3669 1028 3747 1δρίοαντιδε1δ.;ωῶαῖΕιορ.εεσαίε1.οδ3
1080 3667 1141 3746 ὑμα
1159 3697 1192 3736 τε
1208 3675 1266 3751 γὰρ
1284 3680 1358 3737 UBT

155 3769 170 3818 ⁵
189 3757 262 3820 εἶναι
280 3776 333 3817 om.
351 3759 400 3816 UT
498 3766 511 3814 ῖ
531 3755 732 3832 διακοσμησειν
749 3759 779 3814 Μ
883 3763 898 3814 8
915 3757 1031 3833 μορφάς
1048 3781 1128 3828 τινας
1143 3762 1207 3830 (hoc
1225 3764 1294 3832 ord.)
1310 3766 1340 3821 Μ

155 3853 171 3902 9
189 3842 280 3916 πυρὸς
297 3845 329 3903 ἐν
341 3840 423 3903 οὐδέν
440 3834 527 3918 ἦττον
544 3847 574 3902 Μ
591 3841 683 3919 πυρὸς
700 3843 732 3903 έν
744 3833 936 3916 ούδενίῆττον
948 3845 1029 3912 UBT,
1047 3843 1079 3904 ἓν
1095 3863 1147 3916 pro
1164 3846 1197 3906 ἐν
1214 3849 1320 3919 scripsi,
1337 3851 1409 3906 idem

155 3933 203 3988 alii
220 3933 396 4000 invenerunt3
413 3934 465 3988 νοὺ
482 3931 511 3989 δὲ
528 3921 616 4004 ἦττον
633 3931 712 4001 Emp.
789 3935 821 3986 10
838 3931 972 4000 πεφυκός
988 3930 1012 3985 Τ
1082 3933 1261 4002 διετομένων
1275 3933 1339 3991 libri
1354 3939 1408 3994 διε·

156 4015 288 4087 πόμενον
304 4015 449 4086 Ευρεεῖυε
518 4011 648 4089 ἁμηγέπη
667 4015 762 4086 Εωρς
785 4010 894 4087 ὑμὴτε
910 4018 947 4087 τῇ
962 4015 1025 4071 libri
1101 4021 1132 4072 13
1150 4014 1183 4075 έν
1199 4013 1294 4092 βραχὺ
1312 4019 1341 4074 Μ

159 4100 570 4178 1εδείφῶεε11υε,δεῷ11οεί
639 4105 682 4158 toi
698 4117 749 4172 pro
767 4095 845 4159 τδΤ
917 4106 948 4156 15
966 4093 1038 4174 ἀρχὴ
1056 4105 1115 4166 (ου.
1134 4107 1193 4172 καί)
1209 4103 1239 4157 Μ
1307 4109 1410 4164 δικαιο·

157 4186 241 4261 σύνης
262 4187 376 4254 Βείείιες
400 4183 579 4258 δικαιοσύνην
599 4185 663 4242 libri
752 4190 782 4241 16
800 4175 979 4259 εὑρισκονΤ
1064 4185 1194 4256 μόλιςΒ
1299 4195 1328 4246 17
1348 4209 1409 4260 σμι·

157 4272 279 4343 κρῶνΒ
349 4275 380 4328 18
398 4275 592 4342 δεκαδαρχιῶν
608 4272 639 4326 Μ
741 4275 775 4326 20
793 4261 853 4341 ἅμα
870 4288 921 4342 pro
938 4265 1010 4330 ἀλλὰ
1030 4272 1058 4326 Μ
1145 4279 1177 4330 21
1195 4279 1246 4332 καί
1261 4281 1410 4350 βασιλευο·

158 4357 229 4430 μένη
247 4357 271 4412 Β
339 4360 372 4411 22
391 4347 482 4429 δυκερ
500 4356 613 4423 Βῶεῖιε,
634 4347 736 4431 ὑοιιερ
753 4357 848 4428 Emp.;
871 4357 935 4412 mihi
952 4357 1056 4414 Beiskii
1074 4360 1231 4417 coniectum
1246 4361 1413 4432 praeplacet,

160 4445 274 4514 propter
291 4438 477 4515 ἐξηγούμενος
494 4442 513 4496 i.
531 4445 564 4497 25
635 4435 651 4498 ὁ
671 4443 723 4500 dei.
741 4441 806 4497 wil.
876 4445 909 4496 21)
927 4441 978 4514 τὴν
996 4437 1085 4501 αὑτοῦ
1101 4447 1241 4520 διοίκησιν
1251 4447 1346 4517 Emp.;
1364 4451 1414 4520 τῆς

160 4521 251 4585 αὑτοῦ
267 4523 432 4599 διοικήσεως
447 4527 510 4582 iibri
