3526 5264
653 373 790 431 ORATIO
807 373 959 433 LXXVIII.

332 549 458 633 Τρώων
480 537 564 612 ἀνθ’
590 549 708 611 έκατόν
730 569 767 611 τε
790 546 973 636 διηκοσίων
995 571 1032 614 τε
1054 551 1196 626 ἕκαστος

44 661 167 714 ‹mn›
332 652 540 738 στησεσθαι·

176 755 255 828 τούς
279 750 314 815 δέ
345 755 467 829 αύτούς
497 756 637 829 τούτους
665 755 740 828 ἐνδς
769 753 958 837 ἀνθρώπου
987 759 1249 835 κατατρέχοντος
1277 758 1334 821 καί
1356 755 1436 820 διώ-

69 865 120 915 (658
131 864 163 917 lo
176 874 295 930 κοντος
310 853 555 941 προτροπάδην
572 857 768 940 φεύγοντας,
792 851 989 936 ξύμπαντας
1011 857 1050 918 ού
1067 862 1294 942 φαινομένους
1308 859 1436 922 ἐκείνου

140 953 302 1034 ύάξίσυς.
352 953 437 1019 ἀλλὰ
464 960 530 1043 μὴν
553 948 627 1019 οὐδ’
658 953 783 1043 ηδονάς
809 977 905 1032 τινας
934 958 1038 1020 σίτων
1058 958 1078 1043 ἢ
1102 966 1218 1021 ποτῶν
1247 957 1489 1045 ἢόφροδι·28

176 1060 260 1121 σίων
280 1058 301 1143 ἡ
323 1060 479 1141 χυναικδς
500 1056 622 1136 κάλλος
648 1060 669 1144 ἢ
700 1055 827 1134 παιδός
856 1061 946 1143 ὥραν
975 1060 1200 1140 τεθαυμακὼς
1228 1062 1435 1125 καὶτούτων

174 1161 358 1240 ἐπιθυμῶν
379 1163 436 1224 καί
456 1158 585 1244 μεγάλα
613 1162 812 1246 ἡγούμενος,
843 1157 1074 1242 εὐδαιμονίζοι
1100 1156 1180 1246 <δν>
1208 1165 1287 1238 τούς
1318 1167 1436 1246 τυχχά-

175 1282 295 1338 νοντας
318 1255 438 1341 αὐτῶν,
462 1266 641 1348 σατράπας
662 1266 718 1326 καί
741 1260 908 1339 δυνάστας
925 1266 981 1327 καί
996 1267 1033 1350 νη
1050 1266 1120 1328 Δία
1135 1266 1326 1348 βαναύσους
1341 1265 1438 1336 τινός

175 1365 232 1427 καλ
255 1365 460 1449 οἰκότριβας,
484 1362 764 1450 πεπλουτηκότας
787 1367 866 1441 τούς
887 1367 949 1445 μὲν
972 1367 1042 1428 ἀπό
1066 1375 1126 1452 τῆς
1146 1371 1273 1450 τέχνης,
1296 1369 1376 1442 τούς
1399 1363 1436 1430 δέ

124 1475 152 1527 1⁰
174 1465 215 1528 τό
238 1474 305 1529 τῶν
328 1463 505 1529 δεσποτῶν
526 1470 811 1552 ὑφαιρουμένους·
836 1469 937 1530 αύτδν
960 1465 996 1530 δέ
1022 1468 1183 1552 οἰκτείροι
1205 1477 1265 1554 τῆς
1287 1469 1437 1552 ἀπορίας

176 1588 213 1631 τε
233 1569 291 1631 καί
318 1570 461 1653 ἐρημίας
488 1571 617 1632 τούτων
645 1576 713 1632 τῶν
743 1569 885 1651 άχαθῶν
906 1571 963 1632 καί
983 1573 1100 1655 ηγοῖτο
1124 1562 1160 1632 σι’
1186 1577 1254 1632 τῶν
1276 1561 1436 1650 εὐτυχῶν·

177 1668 234 1733 διά
258 1667 294 1732 δέ
316 1679 417 1733 τοῦτο
438 1673 580 1746 ἐκείνοις
603 1671 739 1757 φθονοῖ
755 1673 812 1734 καί
840 1668 1059 1754 ἐπιβουλεύοι
1088 1675 1201 1734 πάντα
1229 1674 1359 1756 τρόπον
1380 1673 1438 1737 καί

176 1763 301 1852 εὔχοντ’
326 1774 368 1836 άν
390 1769 590 1836 ἀπολέσθαι
613 1765 744 1849 αὐτούς.
788 1775 808 1860 ἢ
832 1776 888 1836 καί
911 1775 1176 1860 συγχωρήσωμεν
1198 1775 1257 1837 τδν
1282 1779 1435 1858 γενναῖον
1446 1780 1489 1845 29

177 1873 282 1959 ἄνδρα
304 1877 361 1938 καί
382 1873 620 1960 μεγαλόφρονα
650 1878 688 1938 τό
718 1883 785 1938 τῶν
814 1883 921 1939 κυνῶν
950 1897 986 1938 τε
1015 1879 1072 1940 καί
1104 1877 1223 1939 ίππων
1245 1879 1303 1942 καί
1324 1874 1436 1940 ἄλλων

123 1983 153 2036 15
176 1977 310 2062 θηρίων
333 1978 549 2041 πεπονθέναι
573 1979 701 2055 πάθος,
726 1979 747 2039 ά
770 1969 808 2040 οὗ
833 1975 974 2042 δύναται
990 1983 1141 2059 κατέχειν
1164 1982 1287 2063 ἐτέρων
1309 1982 1436 2061 ἐμπιμ·

179 2078 360 2160 πλαμένων
388 2099 425 2142 τε
451 2081 507 2142 καί
536 2077 730 2159 ὀχευόντων,
752 2076 837 2141 ἀλλὰ
864 2077 1066 2159 χαλεπαίνει
1092 2083 1149 2144 καί
1176 2082 1360 2163 ἀγανακτεῖ
1382 2083 1439 2146 καί

179 2178 347 2266 ὀργίζεται
370 2186 444 2257 τοῖς
465 2177 682 2243 ἀπολαύουσι
702 2183 759 2244 καί
787 2184 907 2262 ἕτοιμα
937 2179 1112 2266 ἐπιπηδᾶν
1140 2183 1197 2245 καλ
1226 2180 1358 2247 δάκνειν
1379 2185 1437 2247 καί

176 2287 342 2369 κυρίττειν
363 2285 420 2346 καί
442 2286 554 2347 πάντα
577 2286 706 2368 τρόπον
722 2280 881 2368 ἀλλήλους
898 2280 1060 2364 πολεμεῖν
1082 2277 1157 2368 [ἐτι]
1173 2287 1335 2371 περὶτῶν
1356 2283 1437 2372 ηδι-

40 2394 262 2450 (mmm
290 2388 441 2450 κάκεῖνον
465 2387 572 2462 οὕτως
594 2387 681 2466 ἔχειν
704 2394 838 2472 φῶμεν,
868 2388 915 2462 ὡς
946 2384 1174 2470 ὁμολογοῦντα
1196 2391 1325 2452 τούτων
1348 2387 1439 2453 εἶναί

122 2495 153 2546 20
177 2511 212 2554 τι
236 2487 425 2552 σπουδαῖον
446 2491 503 2552 καί
524 2490 582 2551 τόν
604 2485 895 2572 Σαρδανάπαλλον
916 2492 1100 2575 ηχούμενσν
1123 2485 1284 2576 ζηλωτόν,
1308 2490 1347 2566 δς
1369 2491 1435 2577 ἐφη

178 2589 373 2657 διατελέσαι
401 2595 460 2655 τόν
486 2593 563 2673 βίον
593 2583 821 2672 εὐωχούμενός
849 2611 885 2654 τε
913 2595 970 2655 καί
998 2587 1141 2676 ὑβρίζων
1162 2593 1248 2673 μετὰ
1271 2585 1436 2674 εὐνούχων

176 2699 233 2760 καί
253 2703 428 2779 γυναικῶν,
450 2697 507 2759 καί
530 2692 586 2758 διδ
603 2702 702 2756 τούτο
725 2689 926 2780 ζηλοτυπεῖν
949 2686 1051 2758 αύτδν
1073 2698 1133 2811 την
1155 2703 1223 2759 τῶν
1245 2699 1376 2779 τράχων
1399 2715 1436 2759 τι

176 2801 233 2862 καί
249 2800 334 2863 δνων
350 2791 567 2879 εὐδαιμονίαν
573 2820 586 2874 ;
608 2830 650 2842 -
664 2797 725 2882 Μν)
749 2797 811 2882 γὰρ
828 2786 905 2860 σῦδέ
921 2789 1056 2880 εύσεβές
1069 2792 1128 2883 (η)
1142 2799 1184 2860 τό
1199 2803 1340 2862 τοιαῦτα
1356 2799 1437 2882 περί
1447 2798 1489 2864 30

176 2910 239 2965 τού
258 2903 397 2986 μετρίου
419 2903 475 2964 καί
498 2897 773 2980 πεπαιδευμένου
797 2897 1026 2986 διανοηθῆναί
1055 2920 1140 2964 ποτε
1168 2898 1300 2985 ἀνδρός.
1331 2933 1372 2945 -
1393 2900 1435 2962 Δ.

128 3007 159 3059 ²⁵
185 2995 314 3066 Ούκσύν
329 3004 360 3066 εί
382 3005 466 3089 μήτε
489 2999 546 3064 διά
570 2999 671 3078 δόξαν
692 3004 776 3088 μήτε
800 2999 857 3065 διό
869 3002 1024 3087 χρήματα
1038 3003 1123 3088 μήτε
1138 2994 1185 3066 δι’
1210 2999 1335 3088 ηδονός
1349 3003 1437 3085 βρώ-

179 3105 306 3190 σεωνῆ
337 3107 473 3167 πόσεων
500 3105 520 3190 ἢ
548 3101 673 3184 μίξεων
703 3105 803 3166 αύτδν
831 3104 851 3189 ἢ
882 3101 985 3167 ἄλλον
1014 3103 1124 3167 οἴεται
1151 3107 1318 3188 μακάριον
1347 3099 1433 3189 μηδὲ

177 3204 264 3282 δλως
286 3204 375 3269 εἶναί
396 3227 431 3268 τι
453 3213 519 3268 τῶν
541 3207 706 3268 τοιούτων
730 3208 994 3292 περιμάχητονῆ
1018 3208 1142 3288 τίμιον,
1168 3199 1226 3269 σύκ
1249 3209 1290 3270 δν
1314 3204 1435 3292 διαφέ-

177 3329 275 3394 ροιτο
300 3310 381 3392 περὶ
402 3300 513 3370 αὐτῶν
537 3300 611 3370 οὐδ’
637 3309 679 3370 δν
696 3309 904 3393 φθονήσειεν
920 3301 1031 3372 οὐδενί
1048 3311 1193 3387 ἐκείνων,
1215 3301 1273 3390 (οὗ
1294 3305 1439 3392 μάλλον)

179 3413 197 3497 ἢ
220 3419 281 3498 τῆς
303 3413 447 3493 ψάμμου
469 3417 529 3497 τῆς
550 3412 610 3473 ἐπί
632 3415 705 3485 τοῖς
728 3407 898 3492 αίχιαλοῖς
919 3412 938 3496 ἢ
962 3418 1029 3474 τῶν
1050 3414 1207 3493 κυμάτων
1228 3419 1290 3474 τού
1316 3413 1436 3497 ψόφου

128 3517 159 3570 ἐῢ
179 3534 217 3577 τε
238 3515 295 3578 καί
315 3515 396 3600 ἤχου
418 3517 492 3588 τοῖς
514 3514 601 3597 πρός
623 3519 664 3598 τῇ
687 3508 841 3596 θαλάττῃ
866 3514 1032 3576 οίκούσιν·
1063 3505 1136 3576 οὐδ’
1168 3512 1204 3576 εί
1227 3534 1273 3595 τῳ
1295 3513 1435 3596 χρυσίον
1447 3517 1486 3582 31

267 3787 278 3836 I
298 3781 454 3854 διηκοσίους
471 3779 501 3835 II
521 3777 555 3836 cf.
574 3779 653 3834 Hom.
672 3779 704 3834 11.
721 3779 788 3835 VIII
800 3781 903 3849 Iaan.
994 3783 1009 3834 ³
1026 3779 1202 3850 κατέχοντος
1218 3779 1282 3837 libri
1298 3782 1437 3853 κατατρί-

177 3887 285 3941 χοντος
301 3867 416 3924 σόει-,Π
486 3862 635 3922 ίέκείνου
652 3864 778 3931 casaub„
795 3861 923 3930 ἐκείνους
940 3863 1002 3920 libri
1057 3859 1179 3932 ύάξίως
1195 3865 1220 3923 U
1238 3865 1273 3922 cf.
1290 3866 1370 3923 Hom.
1389 3866 1437 3923 Il.

179 3948 275 4012 νύνό’
293 3947 357 4012 τύδ’
376 3951 443 4021 ἐνὸς
461 3947 538 4020 ἄξιοί
555 3947 635 4020 εἰμεν
702 3944 740 4021 μὴ
758 3942 798 4007 δι’
816 3965 866 4019 pro
883 3943 940 4022 μὴν
958 3941 1020 4008 οὐδ’
1039 3950 1070 4006 II
1126 3952 1225 4010 σιτίων
1237 3950 1285 4007 UB
1355 3955 1438 4012 exal

178 4055 232 4096 om.
250 4041 281 4097 II
299 4056 335 4096 m.
353 4054 397 4109 pr.
466 4037 573 4110 ῖμίγα
593 4036 624 4092 II
683 4031 798 4094 άνιδδ.
816 4034 899 4091 DInd.
966 4040 997 4091 10
1014 4029 1106 4094 αύτὸν
1122 4034 1195 4096 ow
1265 4043 1294 4093 11
1315 4031 1438 4111 οἷγαθῶν

180 4126 308 4196 (ieelim,
326 4120 493 4200 άνθράπων
516 4122 577 4180 libri
679 4124 803 4180 καίτοι.
826 4121 876 4178 UB
982 4126 1013 4176 12
1036 4117 1157 4190 ἐκείνοις
1179 4123 1306 4194 casaub„
1327 4121 1438 4192 ἐκεῖνος

179 4211 241 4268 libri
311 4215 344 4266 1³
361 4207 380 4285 ἢ
397 4226 449 4269 om.
467 4209 517 4266 UB
574 4199 798 4282 συγχωρήσομεν
814 4206 864 4263 UB
933 4211 965 4262 1⁶
983 4205 1205 4278 ἐμπιπλαμένων
1222 4209 1276 4264 ΒΜ
1347 4213 1377 4264 18
1394 4230 1437 4266 κι-

181 4287 293 4369 ρύττειν
310 4297 340 4351 II
362 4299 505 4367 κυρίττειν
527 4298 567 4362 (τί
584 4313 600 4351 υ
617 4298 645 4350 et
662 4316 672 4350 ι
689 4309 707 4350 υ
723 4297 805 4359 corr.)
828 4292 853 4349 U
957 4287 999 4350 ἔτι
1015 4293 1080 4350 ml.
1098 4293 1172 4358 wil„
1191 4291 1253 4351 ἐστι
1271 4293 1351 4365 Ειυρ.

185 4385 215 4436 19
232 4375 370 4440 κᾶκείνον
387 4381 512 4449 Οιισσίι,
530 4377 648 4440 κάκεῖνο
666 4379 730 4436 IlbrI
781 4383 814 4434 20
833 4377 1092 4452 σαρδανάπαλονΒ
1143 4372 1309 4452 ἡγουμένων
1322 4379 1352 4435 Μ

180 4460 287 4537 ὦςριο
307 4459 341 4533 δς
359 4466 390 4522 II
458 4456 609 4539 ῖύῇαδδ.
629 4465 725 4535 Pflugk
806 4469 839 4520 25
856 4461 1088 4538 βρόσεωνΰω.
1106 4479 1148 4534 pr.
1219 4468 1252 4520 28
1273 4460 1438 4537 ου’μάλλον

180 4550 247 4607 εδδ.
264 4549 367 4606 Reiske
