<?xml version="1.0" encoding="UTF-8"?>
<!DOCTYPE html PUBLIC "-//W3C//DTD XHTML 1.0 Transitional//EN"
    "http://www.w3.org/TR/xhtml1/DTD/xhtml1-transitional.dtd">
<html xmlns="http://www.w3.org/1999/xhtml" xml:lang="en" lang="en">
 <head>
  <title>
</title>
<meta http-equiv="Content-Type" content="text/html;charset=utf-8" />
  <meta name='ocr-system' content='tesseract 3.04.00' />
  <meta name='ocr-capabilities' content='ocr_page ocr_carea ocr_par ocr_line ocrx_word'/>
</head>
<body>
  <div class='ocr_page' id='page_1' title='image "./quaeexstantomni01diogoog_0049.png"; bbox 0 0 3452 5264; ppageno 0'>
   <div class='ocr_carea' id='block_1_1' title="bbox 342 347 1207 408">
    <p class='ocr_par' dir='ltr' id='par_1_1' title="bbox 342 347 1207 408">
     <span class='ocr_line' id='line_1_1' title="bbox 342 347 1207 408; baseline -0.002 -2"><span class='ocrx_word' id='word_1_1' title='bbox 342 349 382 408; x_wconf 83' lang='lat'><strong><em>16</em></strong></span> <span class='ocrx_word' id='word_1_2' title='bbox 741 347 864 406; x_wconf 76' lang='lat' dir='ltr'>nioms</span> <span class='ocrx_word' id='word_1_3' title='bbox 881 348 1207 406; x_wconf 76' lang='lat' dir='ltr'>BORYSTHENITIGA</span> 
     </span>
    </p>
   </div>
   <div class='ocr_carea' id='block_1_2' title="bbox 287 507 1716 3789">
    <p class='ocr_par' dir='ltr' id='par_1_2' title="bbox 287 507 1716 3789">
     <span class='ocr_line' id='line_1_2' title="bbox 339 507 1600 614; baseline 0.003 -26"><span class='ocrx_word' id='word_1_4' title='bbox 339 529 465 606; x_wconf 81' lang='grc' dir='ltr'><em>κόσμον</em></span> <span class='ocrx_word' id='word_1_5' title='bbox 488 521 598 609; x_wconf 78' lang='grc' dir='ltr'><strong><em>εὐειδῆ</em></strong></span> <span class='ocrx_word' id='word_1_6' title='bbox 621 524 678 586; x_wconf 91' lang='grc' dir='ltr'><strong><em>καί</em></strong></span> <span class='ocrx_word' id='word_1_7' title='bbox 697 520 800 586; x_wconf 91' lang='grc' dir='ltr'><strong><em>καλόν</em></strong></span> <span class='ocrx_word' id='word_1_8' title='bbox 822 525 1016 610; x_wconf 81' lang='grc' dir='ltr'><em>ἀμηχάνως,</em></span> <span class='ocrx_word' id='word_1_9' title='bbox 1041 522 1129 588; x_wconf 90' lang='grc' dir='ltr'><strong><em>πολύ</em></strong></span> <span class='ocrx_word' id='word_1_10' title='bbox 1153 523 1192 612; x_wconf 76' lang='grc' dir='ltr'><strong><em>δη</em></strong></span> <span class='ocrx_word' id='word_1_11' title='bbox 1223 507 1499 614; x_wconf 80' lang='grc' dir='ltr'><strong><em>λαμπρότερονῆ</em></strong></span> <span class='ocrx_word' id='word_1_12' title='bbox 1525 529 1600 606; x_wconf 84' lang='grc' dir='ltr'><strong><em>οἶος</em></strong></span> 
     </span>
     <span class='ocr_line' id='line_1_3' title="bbox 340 624 1598 715; baseline 0.004 -25"><span class='ocrx_word' id='word_1_13' title='bbox 340 629 463 713; x_wconf 89' lang='grc' dir='ltr'><strong><em>ύράται</em></strong></span> <span class='ocrx_word' id='word_1_14' title='bbox 477 633 544 690; x_wconf 91' lang='grc' dir='ltr'><strong><em>νῦν.</em></strong></span> <span class='ocrx_word' id='word_1_15' title='bbox 582 627 695 688; x_wconf 89' lang='grc' dir='ltr'><strong><em>πάντα</em></strong></span> <span class='ocrx_word' id='word_1_16' title='bbox 716 629 779 711; x_wconf 92' lang='grc' dir='ltr'><strong><em>γάρ</em></strong></span> <span class='ocrx_word' id='word_1_17' title='bbox 803 646 870 689; x_wconf 90' lang='grc' dir='ltr'><strong><em>που</em></strong></span> <span class='ocrx_word' id='word_1_18' title='bbox 892 627 949 690; x_wconf 87' lang='grc' dir='ltr'><strong><em>καί</em></strong></span> <span class='ocrx_word' id='word_1_19' title='bbox 963 624 1069 689; x_wconf 88' lang='grc' dir='ltr'><strong><em>τάλλα</em></strong></span> <span class='ocrx_word' id='word_1_20' title='bbox 1086 630 1165 712; x_wconf 84' lang='grc' dir='ltr'><strong><em>έργα</em></strong></span> <span class='ocrx_word' id='word_1_21' title='bbox 1188 635 1255 691; x_wconf 84' lang='grc' dir='ltr'><strong><em>τῶν</em></strong></span> <span class='ocrx_word' id='word_1_22' title='bbox 1271 624 1483 715; x_wconf 80' lang='grc' dir='ltr'><em>δημιουργῶν</em></span> <span class='ocrx_word' id='word_1_23' title='bbox 1497 635 1598 695; x_wconf 84' lang='grc' dir='ltr'><strong><em>καινά</em></strong></span> 
     </span>
     <span class='ocr_line' id='line_1_4' title="bbox 340 729 1598 816; baseline 0.005 -25"><span class='ocrx_word' id='word_1_24' title='bbox 340 730 410 794; x_wconf 88' lang='grc' dir='ltr'><strong><em>ἀπό</em></strong></span> <span class='ocrx_word' id='word_1_25' title='bbox 431 737 491 815; x_wconf 82' lang='grc' dir='ltr'><strong><em>της</em></strong></span> <span class='ocrx_word' id='word_1_26' title='bbox 505 732 621 813; x_wconf 85' lang='grc' dir='ltr'><strong><em>τέχνης</em></strong></span> <span class='ocrx_word' id='word_1_27' title='bbox 641 729 699 791; x_wconf 90' lang='grc' dir='ltr'><strong><em>καί</em></strong></span> <span class='ocrx_word' id='word_1_28' title='bbox 713 735 780 791; x_wconf 78' lang='grc' dir='ltr'><strong><em>τῶν</em></strong></span> <span class='ocrx_word' id='word_1_29' title='bbox 792 735 915 813; x_wconf 85' lang='grc' dir='ltr'><strong><em>χειρῶν</em></strong></span> <span class='ocrx_word' id='word_1_30' title='bbox 932 737 1137 816; x_wconf 75' lang='grc' dir='ltr'><strong><em>παραχρῆμα</em></strong></span> <span class='ocrx_word' id='word_1_31' title='bbox 1153 737 1215 792; x_wconf 87' lang='grc' dir='ltr'><strong><em>τοῦ</em></strong></span> <span class='ocrx_word' id='word_1_32' title='bbox 1230 732 1440 816; x_wconf 71' lang='grc' dir='ltr'><strong><em>ποιήσαντος</em></strong></span> <span class='ocrx_word' id='word_1_33' title='bbox 1455 734 1598 816; x_wconf 77' lang='grc' dir='ltr'><strong><em>κρείττω</em></strong></span> 
     </span>
     <span class='ocr_line' id='line_1_5' title="bbox 337 824 1599 920; baseline 0.003 -25"><span class='ocrx_word' id='word_1_34' title='bbox 337 834 395 896; x_wconf 88' lang='grc' dir='ltr'><strong><em>καί</em></strong></span> <span class='ocrx_word' id='word_1_35' title='bbox 424 828 658 913; x_wconf 76' lang='grc' dir='ltr'><strong><em>στιλπνότερα.</em></strong></span> <span class='ocrx_word' id='word_1_36' title='bbox 708 832 765 894; x_wconf 88' lang='grc' dir='ltr'><strong><em>καί</em></strong></span> <span class='ocrx_word' id='word_1_37' title='bbox 791 837 859 893; x_wconf 82' lang='grc' dir='ltr'><strong><em>τῶν</em></strong></span> <span class='ocrx_word' id='word_1_38' title='bbox 890 839 1005 917; x_wconf 83' lang='grc' dir='ltr'><strong><em>φυτῶν</em></strong></span> <span class='ocrx_word' id='word_1_39' title='bbox 1032 833 1074 893; x_wconf 88' lang='grc' dir='ltr'><strong><em>τά</em></strong></span> <span class='ocrx_word' id='word_1_40' title='bbox 1104 833 1250 918; x_wconf 86' lang='grc' dir='ltr'><strong><em>νεώτερα</em></strong></span> <span class='ocrx_word' id='word_1_41' title='bbox 1273 824 1505 920; x_wconf 77' lang='grc' dir='ltr'><strong><em>εὐθαλέστερα</em></strong></span> <span class='ocrx_word' id='word_1_42' title='bbox 1530 844 1599 900; x_wconf 85' lang='grc' dir='ltr'><strong><em>τῶν</em></strong></span> 
     </span>
     <span class='ocr_line' id='line_1_6' title="bbox 338 927 1636 1024; baseline 0.005 -28"><span class='ocrx_word' id='word_1_43' title='bbox 338 930 497 996; x_wconf 81' lang='grc' dir='ltr'><strong><em>παλαιῶν</em></strong></span> <span class='ocrx_word' id='word_1_44' title='bbox 518 928 580 995; x_wconf 91' lang='grc' dir='ltr'><strong><em>ύλα</em></strong></span> <span class='ocrx_word' id='word_1_45' title='bbox 602 953 638 995; x_wconf 90' lang='grc' dir='ltr'><strong><em>τε</em></strong></span> <span class='ocrx_word' id='word_1_46' title='bbox 660 929 823 1014; x_wconf 79' lang='grc' dir='ltr'><strong><em>βλαστοῖς</em></strong></span> <span class='ocrx_word' id='word_1_47' title='bbox 850 934 996 998; x_wconf 75' lang='grc' dir='ltr'><strong><em>ἐοικότα.</em></strong></span> <span class='ocrx_word' id='word_1_48' title='bbox 1045 934 1101 997; x_wconf 88' lang='grc' dir='ltr'><strong><em>καί</em></strong></span> <span class='ocrx_word' id='word_1_49' title='bbox 1122 937 1188 1020; x_wconf 81' lang='grc' dir='ltr'><strong><em>μην</em></strong></span> <span class='ocrx_word' id='word_1_50' title='bbox 1216 938 1258 998; x_wconf 89' lang='grc' dir='ltr'><strong><em>τά</em></strong></span> <span class='ocrx_word' id='word_1_51' title='bbox 1280 956 1317 1019; x_wconf 91' lang='grc' dir='ltr'><strong><em>γε</em></strong></span> <span class='ocrx_word' id='word_1_52' title='bbox 1339 931 1408 1019; x_wconf 77' lang='grc' dir='ltr'><strong><em>ζῷα</em></strong></span> <span class='ocrx_word' id='word_1_53' title='bbox 1437 927 1596 1024; x_wconf 76' lang='grc' dir='ltr'><strong><em>εὐχάριτα</em></strong></span> <span class='ocrx_word' id='word_1_54' title='bbox 1619 951 1636 1002; x_wconf 76' lang='lat'><strong>5</strong></span> 
     </span>
     <span class='ocr_line' id='line_1_7' title="bbox 338 1028 1600 1122; baseline 0.006 -22"><span class='ocrx_word' id='word_1_55' title='bbox 338 1038 396 1100; x_wconf 90' lang='grc' dir='ltr'><strong><em>καί</em></strong></span> <span class='ocrx_word' id='word_1_56' title='bbox 417 1044 570 1122; x_wconf 79' lang='grc' dir='ltr'><strong><em>προσηνῆ</em></strong></span> <span class='ocrx_word' id='word_1_57' title='bbox 595 1033 681 1099; x_wconf 79' lang='grc' dir='ltr'><strong><em>ἰδεῖν</em></strong></span> <span class='ocrx_word' id='word_1_58' title='bbox 703 1035 789 1117; x_wconf 85' lang='grc' dir='ltr'><strong><em>μετά</em></strong></span> <span class='ocrx_word' id='word_1_59' title='bbox 811 1038 872 1122; x_wconf 71' lang='grc' dir='ltr'><strong><em>τὴν</em></strong></span> <span class='ocrx_word' id='word_1_60' title='bbox 894 1041 1035 1118; x_wconf 88' lang='grc' dir='ltr'><strong><em>γένεσιν,</em></strong></span> <span class='ocrx_word' id='word_1_61' title='bbox 1059 1028 1098 1100; x_wconf 88' lang='grc' dir='ltr'><strong><em>οὐ</em></strong></span> <span class='ocrx_word' id='word_1_62' title='bbox 1119 1041 1224 1118; x_wconf 92' lang='grc' dir='ltr'><strong><em>μόνον</em></strong></span> <span class='ocrx_word' id='word_1_63' title='bbox 1239 1039 1281 1100; x_wconf 88' lang='grc' dir='ltr'><strong><em>τά</em></strong></span> <span class='ocrx_word' id='word_1_64' title='bbox 1296 1036 1460 1102; x_wconf 90' lang='grc' dir='ltr'><strong><em>κάλλιστα</em></strong></span> <span class='ocrx_word' id='word_1_65' title='bbox 1477 1033 1600 1110; x_wconf 76' lang='grc' dir='ltr'><strong><em>αὐτῶν,</em></strong></span> 
     </span>
     <span class='ocr_line' id='line_1_8' title="bbox 339 1135 1716 1226; baseline 0.004 -25"><span class='ocrx_word' id='word_1_66' title='bbox 339 1136 452 1202; x_wconf 79' lang='grc' dir='ltr'><strong><em>πῶλοί</em></strong></span> <span class='ocrx_word' id='word_1_67' title='bbox 472 1159 509 1202; x_wconf 88' lang='grc' dir='ltr'><strong><em>τε</em></strong></span> <span class='ocrx_word' id='word_1_68' title='bbox 530 1141 587 1202; x_wconf 87' lang='grc' dir='ltr'><strong><em>καί</em></strong></span> <span class='ocrx_word' id='word_1_69' title='bbox 608 1136 733 1220; x_wconf 88' lang='grc' dir='ltr'><strong><em>μόσχοι</em></strong></span> <span class='ocrx_word' id='word_1_70' title='bbox 754 1140 811 1202; x_wconf 89' lang='grc' dir='ltr'><strong><em>καί</em></strong></span> <span class='ocrx_word' id='word_1_71' title='bbox 834 1135 1010 1218; x_wconf 86' lang='grc' dir='ltr'><strong><em>σκύλακες,</em></strong></span> <span class='ocrx_word' id='word_1_72' title='bbox 1026 1137 1111 1202; x_wconf 90' lang='grc' dir='ltr'><strong><em>ἀλλά</em></strong></span> <span class='ocrx_word' id='word_1_73' title='bbox 1127 1142 1184 1204; x_wconf 84' lang='grc' dir='ltr'><strong><em>καί</em></strong></span> <span class='ocrx_word' id='word_1_74' title='bbox 1205 1141 1339 1226; x_wconf 90' lang='grc' dir='ltr'><strong><em>θηρίων</em></strong></span> <span class='ocrx_word' id='word_1_75' title='bbox 1364 1145 1504 1224; x_wconf 82' lang='grc' dir='ltr'><strong><em>σκύμνοι</em></strong></span> <span class='ocrx_word' id='word_1_76' title='bbox 1526 1151 1595 1207; x_wconf 84' lang='grc' dir='ltr'><strong><em>τῶν</em></strong></span> <span class='ocrx_word' id='word_1_77' title='bbox 1609 1161 1661 1212; x_wconf 86' lang='grc' dir='ltr'><strong><em>(ιοο</em></strong></span> <span class='ocrx_word' id='word_1_78' title='bbox 1674 1161 1716 1206; x_wconf 78' lang='grc' dir='ltr'><strong><em>ιιι</em></strong></span> 
     </span>
     <span class='ocr_line' id='line_1_9' title="bbox 287 1237 1596 1334; baseline 0.005 -32"><span class='ocrx_word' id='word_1_79' title='bbox 287 1237 329 1302; x_wconf 78' lang='grc'><strong><em>59</em></strong></span> <span class='ocrx_word' id='word_1_80' title='bbox 339 1244 566 1326; x_wconf 86' lang='grc' dir='ltr'><strong><em>ἀγριωτάτων.</em></strong></span> <span class='ocrx_word' id='word_1_81' title='bbox 604 1245 623 1325; x_wconf 80' lang='lat' dir='ltr'><strong><em>&#39;i</em></strong></span> <span class='ocrx_word' id='word_1_82' title='bbox 652 1241 797 1327; x_wconf 81' lang='grc' dir='ltr'><strong><em>μὲνγὰρ</em></strong></span> <span class='ocrx_word' id='word_1_83' title='bbox 821 1241 1012 1327; x_wconf 85' lang='grc' dir='ltr'><strong><em>ἀνθρώπου</em></strong></span> <span class='ocrx_word' id='word_1_84' title='bbox 1035 1246 1139 1329; x_wconf 81' lang='grc' dir='ltr'><strong><em>φύσις</em></strong></span> <span class='ocrx_word' id='word_1_85' title='bbox 1161 1244 1268 1328; x_wconf 91' lang='grc' dir='ltr'><strong><em>νηπία</em></strong></span> <span class='ocrx_word' id='word_1_86' title='bbox 1291 1247 1370 1308; x_wconf 87' lang='grc' dir='ltr'><strong><em>τότε</em></strong></span> <span class='ocrx_word' id='word_1_87' title='bbox 1391 1246 1448 1309; x_wconf 88' lang='grc' dir='ltr'><strong><em>καί</em></strong></span> <span class='ocrx_word' id='word_1_88' title='bbox 1469 1243 1596 1334; x_wconf 77' lang='grc' dir='ltr'><strong><em>ὑδαρὴς</em></strong></span> 
     </span>
     <span class='ocr_line' id='line_1_10' title="bbox 339 1340 1598 1434; baseline 0.004 -27"><span class='ocrx_word' id='word_1_89' title='bbox 339 1345 440 1425; x_wconf 87' lang='grc' dir='ltr'><strong><em>δμοία</em></strong></span> <span class='ocrx_word' id='word_1_90' title='bbox 461 1345 644 1430; x_wconf 75' lang='grc' dir='ltr'><strong><em>Δήμητρος</em></strong></span> <span class='ocrx_word' id='word_1_91' title='bbox 665 1340 782 1407; x_wconf 78' lang='grc' dir='ltr'><strong><em>ἀτελεῖ</em></strong></span> <span class='ocrx_word' id='word_1_92' title='bbox 797 1340 898 1428; x_wconf 81' lang='grc' dir='ltr'><strong><em>χλόη,</em></strong></span> <span class='ocrx_word' id='word_1_93' title='bbox 921 1341 1142 1426; x_wconf 76' lang='grc' dir='ltr'><strong><em>προελθοῦσα</em></strong></span> <span class='ocrx_word' id='word_1_94' title='bbox 1167 1343 1203 1408; x_wconf 85' lang='grc' dir='ltr'><strong><em>δέ</em></strong></span> <span class='ocrx_word' id='word_1_95' title='bbox 1221 1348 1277 1422; x_wconf 85' lang='grc' dir='ltr'><strong><em>είς</em></strong></span> <span class='ocrx_word' id='word_1_96' title='bbox 1299 1349 1337 1412; x_wconf 88' lang='grc' dir='ltr'><strong><em>τό</em></strong></span> <span class='ocrx_word' id='word_1_97' title='bbox 1360 1349 1483 1434; x_wconf 81' lang='grc' dir='ltr'><strong><em>μέτρον</em></strong></span> <span class='ocrx_word' id='word_1_98' title='bbox 1506 1351 1598 1434; x_wconf 86' lang='grc' dir='ltr'><strong><em>ὥρας</em></strong></span> 
     </span>
     <span class='ocr_line' id='line_1_11' title="bbox 337 1443 1708 1536; baseline 0.002 -27"><span class='ocrx_word' id='word_1_99' title='bbox 337 1448 395 1510; x_wconf 90' lang='grc' dir='ltr'><strong><em>καί</em></strong></span> <span class='ocrx_word' id='word_1_100' title='bbox 415 1443 574 1531; x_wconf 86' lang='grc' dir='ltr'><strong><em>νεότητος</em></strong></span> <span class='ocrx_word' id='word_1_101' title='bbox 596 1448 725 1520; x_wconf 87' lang='grc' dir='ltr'><strong><em>παντός</em></strong></span> <span class='ocrx_word' id='word_1_102' title='bbox 747 1447 893 1526; x_wconf 84' lang='grc' dir='ltr'><strong><em>ἀτεχνῶς</em></strong></span> <span class='ocrx_word' id='word_1_103' title='bbox 922 1455 1031 1532; x_wconf 89' lang='grc' dir='ltr'><strong><em>φυτοῦ</em></strong></span> <span class='ocrx_word' id='word_1_104' title='bbox 1057 1452 1209 1532; x_wconf 81' lang='grc' dir='ltr'><strong><em>κρεῖττον</em></strong></span> <span class='ocrx_word' id='word_1_105' title='bbox 1237 1451 1294 1513; x_wconf 87' lang='grc' dir='ltr'><strong><em>καί</em></strong></span> <span class='ocrx_word' id='word_1_106' title='bbox 1325 1451 1595 1536; x_wconf 71' lang='grc' dir='ltr'><strong><em>ἐπιφανέστερον</em></strong></span> <span class='ocrx_word' id='word_1_107' title='bbox 1620 1457 1708 1520; x_wconf 58' lang='lat' dir='ltr'>liubi</span> 
     </span>
     <span class='ocr_line' id='line_1_12' title="bbox 338 1541 1600 1636; baseline 0.004 -26"><span class='ocrx_word' id='word_1_108' title='bbox 338 1545 526 1633; x_wconf 79' lang='grc' dir='ltr'><strong><em>βλάστημα.</em></strong></span> <span class='ocrx_word' id='word_1_109' title='bbox 571 1549 589 1609; x_wconf 89' lang='grc' dir='ltr'><strong><em>ύ</em></strong></span> <span class='ocrx_word' id='word_1_110' title='bbox 612 1543 648 1610; x_wconf 89' lang='grc' dir='ltr'><strong><em>δέ</em></strong></span> <span class='ocrx_word' id='word_1_111' title='bbox 672 1545 806 1628; x_wconf 85' lang='grc' dir='ltr'><strong><em>ξύμπας</em></strong></span> <span class='ocrx_word' id='word_1_112' title='bbox 829 1541 973 1633; x_wconf 90' lang='grc' dir='ltr'><strong><em>οὐρανός</em></strong></span> <span class='ocrx_word' id='word_1_113' title='bbox 993 1571 1030 1612; x_wconf 92' lang='grc' dir='ltr'><strong><em>τε</em></strong></span> <span class='ocrx_word' id='word_1_114' title='bbox 1044 1551 1101 1613; x_wconf 90' lang='grc' dir='ltr'><strong><em>καί</em></strong></span> <span class='ocrx_word' id='word_1_115' title='bbox 1115 1547 1252 1631; x_wconf 88' lang='grc' dir='ltr'><strong><em>κόσμος,</em></strong></span> <span class='ocrx_word' id='word_1_116' title='bbox 1275 1553 1330 1614; x_wconf 85' lang='grc' dir='ltr'><strong><em>ὅτε</em></strong></span> <span class='ocrx_word' id='word_1_117' title='bbox 1346 1559 1483 1636; x_wconf 83' lang='grc' dir='ltr'><strong><em>πρῶτον</em></strong></span> <span class='ocrx_word' id='word_1_118' title='bbox 1507 1569 1600 1615; x_wconf 89' lang='grc' dir='ltr'><strong><em>συνε-</em></strong></span> 
     </span>
     <span class='ocr_line' id='line_1_13' title="bbox 338 1647 1600 1739; baseline 0.002 -25"><span class='ocrx_word' id='word_1_119' title='bbox 338 1647 496 1735; x_wconf 75' lang='grc' dir='ltr'><strong><em>τελέσθη,</em></strong></span> <span class='ocrx_word' id='word_1_120' title='bbox 511 1649 699 1733; x_wconf 75' lang='grc' dir='ltr'><strong><em>κοσμηθεὶς</em></strong></span> <span class='ocrx_word' id='word_1_121' title='bbox 714 1651 782 1712; x_wconf 89' lang='grc' dir='ltr'><strong><em>ύπό</em></strong></span> <span class='ocrx_word' id='word_1_122' title='bbox 797 1657 858 1736; x_wconf 78' lang='grc' dir='ltr'><strong><em>τῆς</em></strong></span> <span class='ocrx_word' id='word_1_123' title='bbox 874 1654 1078 1738; x_wconf 82' lang='grc' dir='ltr'><strong><em>σοφωτάτης</em></strong></span> <span class='ocrx_word' id='word_1_124' title='bbox 1093 1673 1129 1715; x_wconf 94' lang='grc' dir='ltr'><strong><em>τε</em></strong></span> <span class='ocrx_word' id='word_1_125' title='bbox 1144 1654 1202 1716; x_wconf 88' lang='grc' dir='ltr'><strong><em>καί</em></strong></span> <span class='ocrx_word' id='word_1_126' title='bbox 1216 1654 1358 1738; x_wconf 91' lang='grc' dir='ltr'><strong><em>ἀρίστης</em></strong></span> <span class='ocrx_word' id='word_1_127' title='bbox 1372 1658 1498 1739; x_wconf 88' lang='grc' dir='ltr'><strong><em>τέχνης,</em></strong></span> <span class='ocrx_word' id='word_1_128' title='bbox 1520 1656 1600 1738; x_wconf 87' lang='grc' dir='ltr'><strong><em>ἀρτι</em></strong></span> 
     </span>
     <span class='ocr_line' id='line_1_14' title="bbox 341 1747 1600 1844; baseline 0.005 -30"><span class='ocrx_word' id='word_1_129' title='bbox 341 1759 408 1814; x_wconf 83' lang='grc' dir='ltr'><strong><em>τῶν</em></strong></span> <span class='ocrx_word' id='word_1_130' title='bbox 438 1759 500 1814; x_wconf 90' lang='grc' dir='ltr'><strong><em>τοῦ</em></strong></span> <span class='ocrx_word' id='word_1_131' title='bbox 520 1747 725 1836; x_wconf 79' lang='grc' dir='ltr'><strong><em>δημιουργοῦ</em></strong></span> <span class='ocrx_word' id='word_1_132' title='bbox 744 1759 866 1837; x_wconf 84' lang='grc' dir='ltr'><strong><em>χειρῶν</em></strong></span> <span class='ocrx_word' id='word_1_133' title='bbox 889 1750 1167 1838; x_wconf 86' lang='grc' dir='ltr'><strong><em>ἀπηλλαγμένος,</em></strong></span> <span class='ocrx_word' id='word_1_134' title='bbox 1198 1751 1355 1840; x_wconf 86' lang='grc' dir='ltr'><strong><em>λαμπρός</em></strong></span> <span class='ocrx_word' id='word_1_135' title='bbox 1381 1757 1439 1820; x_wconf 81' lang='grc' dir='ltr'><strong><em>καὶ</em></strong></span> <span class='ocrx_word' id='word_1_136' title='bbox 1461 1754 1600 1844; x_wconf 78' lang='grc' dir='ltr'><strong><em>διαυγὴς</em></strong></span> 
     </span>
     <span class='ocr_line' id='line_1_15' title="bbox 338 1855 1600 1943; baseline 0.004 -25"><span class='ocrx_word' id='word_1_137' title='bbox 338 1856 396 1918; x_wconf 87' lang='grc' dir='ltr'><strong><em>καί</em></strong></span> <span class='ocrx_word' id='word_1_138' title='bbox 419 1861 508 1917; x_wconf 86' lang='grc' dir='ltr'><strong><em>πᾶσι</em></strong></span> <span class='ocrx_word' id='word_1_139' title='bbox 528 1857 602 1928; x_wconf 86' lang='grc' dir='ltr'><strong><em>τοῖς</em></strong></span> <span class='ocrx_word' id='word_1_140' title='bbox 623 1856 742 1937; x_wconf 85' lang='grc' dir='ltr'><strong><em>μέρεσι</em></strong></span> <span class='ocrx_word' id='word_1_141' title='bbox 765 1856 992 1940; x_wconf 79' lang='grc' dir='ltr'><strong><em>παμφαίνων,</em></strong></span> <span class='ocrx_word' id='word_1_142' title='bbox 1015 1858 1140 1942; x_wconf 75' lang='grc' dir='ltr'><strong><em>νήπιος</em></strong></span> <span class='ocrx_word' id='word_1_143' title='bbox 1161 1859 1222 1938; x_wconf 82' lang='grc' dir='ltr'><strong><em>μὲν</em></strong></span> <span class='ocrx_word' id='word_1_144' title='bbox 1246 1855 1367 1921; x_wconf 83' lang='grc' dir='ltr'><strong><em>οὐδένα</em></strong></span> <span class='ocrx_word' id='word_1_145' title='bbox 1387 1856 1508 1943; x_wconf 91' lang='grc' dir='ltr'><strong><em>χρόνον</em></strong></span> <span class='ocrx_word' id='word_1_146' title='bbox 1530 1861 1600 1943; x_wconf 89' lang='grc' dir='ltr'><strong><em>ἐγέ-</em></strong></span> 
     </span>
     <span class='ocr_line' id='line_1_16' title="bbox 339 1948 1651 2047; baseline 0.005 -27"><span class='ocrx_word' id='word_1_147' title='bbox 339 1977 415 2021; x_wconf 88' lang='grc' dir='ltr'><strong><em>νετο</em></strong></span> <span class='ocrx_word' id='word_1_148' title='bbox 439 1948 516 2020; x_wconf 78' lang='grc' dir='ltr'><strong><em>οὐδὲ</em></strong></span> <span class='ocrx_word' id='word_1_149' title='bbox 533 1954 684 2040; x_wconf 73' lang='grc' dir='ltr'><strong><em>ἀσθενὴς</em></strong></span> <span class='ocrx_word' id='word_1_150' title='bbox 698 1957 782 2018; x_wconf 82' lang='grc' dir='ltr'><strong><em>κατά</em></strong></span> <span class='ocrx_word' id='word_1_151' title='bbox 797 1958 857 2042; x_wconf 77' lang='grc' dir='ltr'><strong><em>την</em></strong></span> <span class='ocrx_word' id='word_1_152' title='bbox 873 1958 1096 2044; x_wconf 83' lang='grc' dir='ltr'><strong><em>ἀνθρωπίνην</em></strong></span> <span class='ocrx_word' id='word_1_153' title='bbox 1111 1980 1147 2022; x_wconf 90' lang='grc' dir='ltr'><strong><em>τε</em></strong></span> <span class='ocrx_word' id='word_1_154' title='bbox 1161 1962 1219 2023; x_wconf 86' lang='grc' dir='ltr'><strong><em>καί</em></strong></span> <span class='ocrx_word' id='word_1_155' title='bbox 1232 1961 1363 2047; x_wconf 73' lang='grc' dir='ltr'><strong><em>θνητήν</em></strong></span> <span class='ocrx_word' id='word_1_156' title='bbox 1377 1969 1438 2047; x_wconf 79' lang='grc' dir='ltr'><strong><em>τῆς</em></strong></span> <span class='ocrx_word' id='word_1_157' title='bbox 1461 1964 1598 2047; x_wconf 91' lang='grc' dir='ltr'><strong><em>φύσεως</em></strong></span> <span class='ocrx_word' id='word_1_158' title='bbox 1621 1977 1651 2027; x_wconf 81' lang='grc' dir='ltr'><strong><em>1ο</em></strong></span> 
     </span>
     <span class='ocr_line' id='line_1_17' title="bbox 289 2050 1597 2151; baseline 0.004 -29"><span class='ocrx_word' id='word_1_159' title='bbox 289 2073 330 2136; x_wconf 83' lang='lat'><strong><em>60</em></strong></span> <span class='ocrx_word' id='word_1_160' title='bbox 343 2060 543 2137; x_wconf 89' lang='grc' dir='ltr'><strong><em>ἀσθένειαν,</em></strong></span> <span class='ocrx_word' id='word_1_161' title='bbox 573 2061 649 2133; x_wconf 86' lang='grc' dir='ltr'><strong><em>νέος</em></strong></span> <span class='ocrx_word' id='word_1_162' title='bbox 676 2055 713 2120; x_wconf 84' lang='grc' dir='ltr'><strong><em>δέ</em></strong></span> <span class='ocrx_word' id='word_1_163' title='bbox 735 2061 791 2123; x_wconf 85' lang='grc' dir='ltr'><strong><em>καλ</em></strong></span> <span class='ocrx_word' id='word_1_164' title='bbox 813 2055 969 2141; x_wconf 85' lang='grc' dir='ltr'><strong><em>ἀκμάζων</em></strong></span> <span class='ocrx_word' id='word_1_165' title='bbox 991 2050 1097 2137; x_wconf 86' lang='grc' dir='ltr'><strong><em>εὐθύς</em></strong></span> <span class='ocrx_word' id='word_1_166' title='bbox 1126 2063 1197 2124; x_wconf 88' lang='grc' dir='ltr'><strong><em>ἀπὸ</em></strong></span> <span class='ocrx_word' id='word_1_167' title='bbox 1226 2071 1286 2148; x_wconf 77' lang='grc' dir='ltr'><strong><em>τῆς</em></strong></span> <span class='ocrx_word' id='word_1_168' title='bbox 1315 2065 1426 2148; x_wconf 78' lang='grc' dir='ltr'><strong><em>ἀρχῆς.</em></strong></span> <span class='ocrx_word' id='word_1_169' title='bbox 1473 2068 1529 2128; x_wconf 90' lang='grc' dir='ltr'><strong><em>ύτε</em></strong></span> <span class='ocrx_word' id='word_1_170' title='bbox 1558 2062 1597 2151; x_wconf 76' lang='grc' dir='ltr'><strong><em>δὴ</em></strong></span> 
     </span>
     <span class='ocr_line' id='line_1_18' title="bbox 340 2152 1600 2250; baseline 0.003 -25"><span class='ocrx_word' id='word_1_171' title='bbox 340 2164 397 2226; x_wconf 87' lang='grc' dir='ltr'><strong><em>καί</em></strong></span> <span class='ocrx_word' id='word_1_172' title='bbox 419 2164 437 2224; x_wconf 93' lang='grc' dir='ltr'><strong><em>ό</em></strong></span> <span class='ocrx_word' id='word_1_173' title='bbox 461 2159 663 2247; x_wconf 89' lang='grc' dir='ltr'><strong><em>δημιουργός</em></strong></span> <span class='ocrx_word' id='word_1_174' title='bbox 686 2152 868 2226; x_wconf 82' lang='grc' dir='ltr'><strong><em>αὐτοῦκαὶ</em></strong></span> <span class='ocrx_word' id='word_1_175' title='bbox 890 2165 1002 2249; x_wconf 70' lang='grc' dir='ltr'><strong><em>πατὴρ</em></strong></span> <span class='ocrx_word' id='word_1_176' title='bbox 1032 2161 1115 2227; x_wconf 84' lang='grc' dir='ltr'><strong><em>ίδών</em></strong></span> <span class='ocrx_word' id='word_1_177' title='bbox 1137 2165 1230 2250; x_wconf 75' lang='grc' dir='ltr'><strong><em>ἥσθη</em></strong></span> <span class='ocrx_word' id='word_1_178' title='bbox 1253 2167 1315 2246; x_wconf 80' lang='grc' dir='ltr'><strong><em>μὲν</em></strong></span> <span class='ocrx_word' id='word_1_179' title='bbox 1339 2155 1513 2247; x_wconf 84' lang='grc' dir='ltr'><strong><em>οὐδαμῶς·</em></strong></span> <span class='ocrx_word' id='word_1_180' title='bbox 1542 2188 1600 2229; x_wconf 91' lang='grc' dir='ltr'><strong><em>τα-</em></strong></span> 
     </span>
     <span class='ocr_line' id='line_1_19' title="bbox 341 2265 1599 2354; baseline 0.004 -27"><span class='ocrx_word' id='word_1_181' title='bbox 341 2267 460 2327; x_wconf 88' lang='grc' dir='ltr'><strong><em>πεινὸν</em></strong></span> <span class='ocrx_word' id='word_1_182' title='bbox 486 2265 549 2349; x_wconf 85' lang='grc' dir='ltr'><strong><em>γάρ</em></strong></span> <span class='ocrx_word' id='word_1_183' title='bbox 578 2265 615 2326; x_wconf 90' lang='grc' dir='ltr'><strong><em>ἐν</em></strong></span> <span class='ocrx_word' id='word_1_184' title='bbox 643 2270 820 2340; x_wconf 83' lang='grc' dir='ltr'><strong><em>ταπεινοῖς</em></strong></span> <span class='ocrx_word' id='word_1_185' title='bbox 848 2273 948 2328; x_wconf 90' lang='grc' dir='ltr'><strong><em>τοῦτο</em></strong></span> <span class='ocrx_word' id='word_1_186' title='bbox 985 2266 1120 2341; x_wconf 89' lang='grc' dir='ltr'><strong><em>πάθος·</em></strong></span> <span class='ocrx_word' id='word_1_187' title='bbox 1156 2267 1257 2352; x_wconf 80' lang='grc' dir='ltr'><strong><em>ἐχάρη</em></strong></span> <span class='ocrx_word' id='word_1_188' title='bbox 1295 2265 1330 2330; x_wconf 87' lang='grc' dir='ltr'><strong><em>δέ</em></strong></span> <span class='ocrx_word' id='word_1_189' title='bbox 1360 2269 1417 2331; x_wconf 90' lang='grc' dir='ltr'><strong><em>καί</em></strong></span> <span class='ocrx_word' id='word_1_190' title='bbox 1445 2269 1599 2354; x_wconf 86' lang='grc' dir='ltr'><strong><em>ἐτέρφθη</em></strong></span> 
     </span>
     <span class='ocr_line' id='line_1_20' title="bbox 342 2364 576 2453; baseline -0.009 -21"><span class='ocrx_word' id='word_1_191' title='bbox 342 2364 576 2453; x_wconf 88' lang='grc' dir='ltr'><strong><em>διαφερόντως</em></strong></span> 
     </span>
     <span class='ocr_line' id='line_1_21' title="bbox 494 2463 1652 2556; baseline 0.006 -24"><span class='ocrx_word' id='word_1_192' title='bbox 494 2472 617 2555; x_wconf 76' lang='grc' dir='ltr'><strong><em>ἥμενος</em></strong></span> <span class='ocrx_word' id='word_1_193' title='bbox 642 2463 826 2552; x_wconf 87' lang='grc' dir='ltr'><strong><em>Οὐλύμπῳ,</em></strong></span> <span class='ocrx_word' id='word_1_194' title='bbox 849 2466 1009 2551; x_wconf 86' lang='grc' dir='ltr'><strong><em>ἐγέλασσε</em></strong></span> <span class='ocrx_word' id='word_1_195' title='bbox 1032 2467 1070 2532; x_wconf 89' lang='grc' dir='ltr'><strong><em>δέ</em></strong></span> <span class='ocrx_word' id='word_1_196' title='bbox 1093 2471 1127 2532; x_wconf 91' lang='grc' dir='ltr'><strong><em>οί</em></strong></span> <span class='ocrx_word' id='word_1_197' title='bbox 1151 2467 1251 2556; x_wconf 92' lang='grc' dir='ltr'><strong><em>φίλον</em></strong></span> <span class='ocrx_word' id='word_1_198' title='bbox 1273 2467 1355 2556; x_wconf 77' lang='grc' dir='ltr'><strong><em>ἦτορ</em></strong></span> <span class='ocrx_word' id='word_1_199' title='bbox 1620 2487 1652 2539; x_wconf 74' lang='lat'><strong><em>²⁰</em></strong></span> 
     </span>
     <span class='ocr_line' id='line_1_22' title="bbox 495 2564 1022 2657; baseline -0.002 -22"><span class='ocrx_word' id='word_1_200' title='bbox 495 2573 681 2657; x_wconf 86' lang='grc' dir='ltr'><strong><em>γηθοσύνη,</em></strong></span> <span class='ocrx_word' id='word_1_201' title='bbox 704 2564 764 2635; x_wconf 81' lang='grc' dir='ltr'><strong><em>ὅθ’</em></strong></span> <span class='ocrx_word' id='word_1_202' title='bbox 791 2573 894 2656; x_wconf 85' lang='grc' dir='ltr'><strong><em>όράτο</em></strong></span> <span class='ocrx_word' id='word_1_203' title='bbox 917 2572 1022 2647; x_wconf 86' lang='grc' dir='ltr'><strong><em>θεούς</em></strong></span> 
     </span>
     <span class='ocr_line' id='line_1_23' title="bbox 341 2668 1600 2767; baseline 0.004 -29"><span class='ocrx_word' id='word_1_204' title='bbox 341 2677 422 2751; x_wconf 90' lang='grc' dir='ltr'><strong><em>τούς</em></strong></span> <span class='ocrx_word' id='word_1_205' title='bbox 444 2677 599 2752; x_wconf 88' lang='grc' dir='ltr'><strong><em>ἅπαντας</em></strong></span> <span class='ocrx_word' id='word_1_206' title='bbox 621 2673 683 2761; x_wconf 84' lang='grc' dir='ltr'><strong><em>ἤδη</em></strong></span> <span class='ocrx_word' id='word_1_207' title='bbox 706 2675 964 2759; x_wconf 80' lang='grc' dir='ltr'><strong><em>γεγονότοςκαὶ</em></strong></span> <span class='ocrx_word' id='word_1_208' title='bbox 986 2668 1169 2759; x_wconf 88' lang='grc' dir='ltr'><strong><em>παρόντας.</em></strong></span> <span class='ocrx_word' id='word_1_209' title='bbox 1221 2679 1281 2762; x_wconf 81' lang='grc' dir='ltr'><strong><em>την</em></strong></span> <span class='ocrx_word' id='word_1_210' title='bbox 1306 2673 1342 2738; x_wconf 88' lang='grc' dir='ltr'><strong><em>δέ</em></strong></span> <span class='ocrx_word' id='word_1_211' title='bbox 1365 2675 1442 2741; x_wconf 85' lang='grc' dir='ltr'><strong><em>τότε</em></strong></span> <span class='ocrx_word' id='word_1_212' title='bbox 1463 2685 1600 2767; x_wconf 77' lang='grc' dir='ltr'><strong><em>μορφὴν</em></strong></span> 
     </span>
     <span class='ocr_line' id='line_1_24' title="bbox 340 2774 1600 2864; baseline 0.004 -24"><span class='ocrx_word' id='word_1_213' title='bbox 340 2787 403 2841; x_wconf 88' lang='grc' dir='ltr'><strong><em>τοῦ</em></strong></span> <span class='ocrx_word' id='word_1_214' title='bbox 422 2775 567 2859; x_wconf 90' lang='grc' dir='ltr'><strong><em>κόσμου,</em></strong></span> <span class='ocrx_word' id='word_1_215' title='bbox 597 2775 681 2860; x_wconf 86' lang='grc' dir='ltr'><strong><em>λέγω</em></strong></span> <span class='ocrx_word' id='word_1_216' title='bbox 705 2775 741 2841; x_wconf 84' lang='grc' dir='ltr'><strong><em>δέ</em></strong></span> <span class='ocrx_word' id='word_1_217' title='bbox 764 2780 824 2864; x_wconf 79' lang='grc' dir='ltr'><strong><em>τήν</em></strong></span> <span class='ocrx_word' id='word_1_218' title='bbox 846 2798 883 2840; x_wconf 88' lang='grc' dir='ltr'><strong><em>τε</em></strong></span> <span class='ocrx_word' id='word_1_219' title='bbox 906 2778 997 2861; x_wconf 84' lang='grc' dir='ltr'><strong><em>ὥραν</em></strong></span> <span class='ocrx_word' id='word_1_220' title='bbox 1017 2778 1075 2840; x_wconf 91' lang='grc' dir='ltr'><strong><em>καί</em></strong></span> <span class='ocrx_word' id='word_1_221' title='bbox 1096 2780 1135 2841; x_wconf 88' lang='grc' dir='ltr'><strong><em>τό</em></strong></span> <span class='ocrx_word' id='word_1_222' title='bbox 1157 2774 1280 2854; x_wconf 89' lang='grc' dir='ltr'><strong><em>κάλλος</em></strong></span> <span class='ocrx_word' id='word_1_223' title='bbox 1302 2779 1356 2842; x_wconf 89' lang='grc' dir='ltr'><strong><em>ἀεί</em></strong></span> <span class='ocrx_word' id='word_1_224' title='bbox 1377 2776 1483 2844; x_wconf 89' lang='grc' dir='ltr'><strong><em>καλοῦ</em></strong></span> <span class='ocrx_word' id='word_1_225' title='bbox 1504 2785 1600 2859; x_wconf 89' lang='grc' dir='ltr'><strong><em>όντος</em></strong></span> 
     </span>
     <span class='ocr_line' id='line_1_25' title="bbox 341 2871 1600 2968; baseline 0.002 -25"><span class='ocrx_word' id='word_1_226' title='bbox 341 2883 536 2966; x_wconf 89' lang='grc' dir='ltr'><strong><em>ἀμηχάνως,</em></strong></span> <span class='ocrx_word' id='word_1_227' title='bbox 566 2873 677 2956; x_wconf 87' lang='grc' dir='ltr'><strong><em>οὐδείς</em></strong></span> <span class='ocrx_word' id='word_1_228' title='bbox 700 2871 832 2943; x_wconf 84' lang='grc' dir='ltr'><strong><em>δύναιτ’</em></strong></span> <span class='ocrx_word' id='word_1_229' title='bbox 864 2881 905 2942; x_wconf 93' lang='grc' dir='ltr'><strong><em>ἀν</em></strong></span> <span class='ocrx_word' id='word_1_230' title='bbox 928 2880 1125 2964; x_wconf 86' lang='grc' dir='ltr'><strong><em>ἀνθρώπων</em></strong></span> <span class='ocrx_word' id='word_1_231' title='bbox 1149 2877 1377 2968; x_wconf 78' lang='grc' dir='ltr'><strong><em>διανοηθῆναι</em></strong></span> <span class='ocrx_word' id='word_1_232' title='bbox 1404 2884 1462 2946; x_wconf 90' lang='grc' dir='ltr'><strong><em>καί</em></strong></span> <span class='ocrx_word' id='word_1_233' title='bbox 1488 2885 1600 2948; x_wconf 79' lang='grc' dir='ltr'><strong><em>εἰπεῖν</em></strong></span> 
     </span>
     <span class='ocr_line' id='line_1_26' title="bbox 341 2981 1653 3070; baseline 0.003 -24"><span class='ocrx_word' id='word_1_234' title='bbox 341 2981 445 3062; x_wconf 83' lang='grc' dir='ltr'><strong><em>ἀξίως</em></strong></span> <span class='ocrx_word' id='word_1_235' title='bbox 478 2984 553 3046; x_wconf 83' lang='grc' dir='ltr'><strong><em>οὐτε</em></strong></span> <span class='ocrx_word' id='word_1_236' title='bbox 587 2990 655 3046; x_wconf 81' lang='grc' dir='ltr'><strong><em>τῶν</em></strong></span> <span class='ocrx_word' id='word_1_237' title='bbox 682 2991 739 3046; x_wconf 87' lang='grc' dir='ltr'><strong><em>νῦν</em></strong></span> <span class='ocrx_word' id='word_1_238' title='bbox 768 2982 844 3045; x_wconf 83' lang='grc' dir='ltr'><strong><em>οὐτε</em></strong></span> <span class='ocrx_word' id='word_1_239' title='bbox 872 2988 939 3045; x_wconf 84' lang='grc' dir='ltr'><strong><em>τῶν</em></strong></span> <span class='ocrx_word' id='word_1_240' title='bbox 969 2984 1152 3066; x_wconf 91' lang='grc' dir='ltr'><strong><em>πρότερον,</em></strong></span> <span class='ocrx_word' id='word_1_241' title='bbox 1180 2983 1210 3045; x_wconf 89' lang='grc' dir='ltr'><strong><em>εί</em></strong></span> <span class='ocrx_word' id='word_1_242' title='bbox 1238 2985 1283 3070; x_wconf 76' lang='grc' dir='ltr'><strong><em>μη</em></strong></span> <span class='ocrx_word' id='word_1_243' title='bbox 1309 2984 1452 3048; x_wconf 88' lang='grc' dir='ltr'><strong><em>Μοῦσαί</em></strong></span> <span class='ocrx_word' id='word_1_244' title='bbox 1480 3007 1516 3048; x_wconf 91' lang='grc' dir='ltr'><strong><em>τε</em></strong></span> <span class='ocrx_word' id='word_1_245' title='bbox 1542 2991 1599 3050; x_wconf 88' lang='grc' dir='ltr'><strong><em>καί</em></strong></span> <span class='ocrx_word' id='word_1_246' title='bbox 1622 2997 1653 3049; x_wconf 73' lang='lat'><strong><em>25</em></strong></span> 
     </span>
     <span class='ocr_line' id='line_1_27' title="bbox 338 3080 1600 3173; baseline 0 -23"><span class='ocrx_word' id='word_1_247' title='bbox 338 3080 515 3151; x_wconf 75' lang='grc' dir='ltr'><strong><em>Ἀπόλλων</em></strong></span> <span class='ocrx_word' id='word_1_248' title='bbox 537 3089 573 3150; x_wconf 91' lang='grc' dir='ltr'><strong><em>έν</em></strong></span> <span class='ocrx_word' id='word_1_249' title='bbox 595 3087 682 3168; x_wconf 86' lang='grc' dir='ltr'><strong><em>θείῳ</em></strong></span> <span class='ocrx_word' id='word_1_250' title='bbox 706 3082 829 3170; x_wconf 77' lang='grc' dir='ltr'><strong><em>ῥυθμῷ</em></strong></span> <span class='ocrx_word' id='word_1_251' title='bbox 852 3093 912 3172; x_wconf 80' lang='grc' dir='ltr'><strong><em>τῆς</em></strong></span> <span class='ocrx_word' id='word_1_252' title='bbox 934 3081 1135 3168; x_wconf 76' lang='grc' dir='ltr'><strong><em>εἰλικρινοῦς</em></strong></span> <span class='ocrx_word' id='word_1_253' title='bbox 1163 3106 1199 3148; x_wconf 91' lang='grc' dir='ltr'><strong><em>τε</em></strong></span> <span class='ocrx_word' id='word_1_254' title='bbox 1221 3087 1278 3149; x_wconf 84' lang='grc' dir='ltr'><strong><em>καί</em></strong></span> <span class='ocrx_word' id='word_1_255' title='bbox 1299 3088 1405 3170; x_wconf 87' lang='grc' dir='ltr'><strong><em>ἀκρας</em></strong></span> <span class='ocrx_word' id='word_1_256' title='bbox 1426 3089 1600 3173; x_wconf 79' lang='grc' dir='ltr'><strong><em>ἁρμονίας.</em></strong></span> 
     </span>
     <span class='ocr_line' id='line_1_28' title="bbox 290 3185 1602 3276; baseline -0.004 -18"><span class='ocrx_word' id='word_1_257' title='bbox 290 3195 329 3258; x_wconf 90' lang='grc'><strong><em>61</em></strong></span> <span class='ocrx_word' id='word_1_258' title='bbox 343 3191 426 3254; x_wconf 91' lang='grc' dir='ltr'><strong><em>ύθεν</em></strong></span> <span class='ocrx_word' id='word_1_259' title='bbox 449 3187 488 3276; x_wconf 76' lang='grc' dir='ltr'><strong><em>δη</em></strong></span> <span class='ocrx_word' id='word_1_260' title='bbox 511 3190 568 3252; x_wconf 87' lang='grc' dir='ltr'><strong><em>καλ</em></strong></span> <span class='ocrx_word' id='word_1_261' title='bbox 581 3193 679 3274; x_wconf 72' lang='grc' dir='ltr'><strong><em>ἡμεῖς</em></strong></span> <span class='ocrx_word' id='word_1_262' title='bbox 693 3189 846 3268; x_wconf 89' lang='grc' dir='ltr'><strong><em>ἐάσωμεν</em></strong></span> <span class='ocrx_word' id='word_1_263' title='bbox 868 3188 911 3249; x_wconf 87' lang='grc' dir='ltr'><strong><em>τά</em></strong></span> <span class='ocrx_word' id='word_1_264' title='bbox 933 3194 1000 3264; x_wconf 86' lang='grc' dir='ltr'><strong><em>νῦν,</em></strong></span> <span class='ocrx_word' id='word_1_265' title='bbox 1023 3190 1103 3250; x_wconf 89' lang='grc' dir='ltr'><strong><em>ύσον</em></strong></span> <span class='ocrx_word' id='word_1_266' title='bbox 1125 3191 1205 3271; x_wconf 80' lang='grc' dir='ltr'><strong><em>ημῖν</em></strong></span> <span class='ocrx_word' id='word_1_267' title='bbox 1229 3185 1370 3276; x_wconf 89' lang='grc' dir='ltr'><strong><em>δυνατόν</em></strong></span> <span class='ocrx_word' id='word_1_268' title='bbox 1392 3192 1521 3275; x_wconf 85' lang='grc' dir='ltr'><strong><em>ἐπᾶραι</em></strong></span> <span class='ocrx_word' id='word_1_269' title='bbox 1542 3194 1602 3253; x_wconf 87' lang='grc' dir='ltr'><strong><em>τὸν</em></strong></span> 
     </span>
     <span class='ocr_line' id='line_1_29' title="bbox 342 3282 1603 3377; baseline 0 -22"><span class='ocrx_word' id='word_1_270' title='bbox 342 3291 440 3376; x_wconf 90' lang='grc' dir='ltr'><strong><em>λόγον</em></strong></span> <span class='ocrx_word' id='word_1_271' title='bbox 475 3282 534 3355; x_wconf 89' lang='grc' dir='ltr'><strong><em>οὐκ</em></strong></span> <span class='ocrx_word' id='word_1_272' title='bbox 567 3292 775 3376; x_wconf 74' lang='grc' dir='ltr'><strong><em>ὀκνήσαντες.</em></strong></span> <span class='ocrx_word' id='word_1_273' title='bbox 830 3291 861 3353; x_wconf 89' lang='grc' dir='ltr'><strong><em>εί</em></strong></span> <span class='ocrx_word' id='word_1_274' title='bbox 896 3286 931 3352; x_wconf 88' lang='grc' dir='ltr'><strong><em>δέ</em></strong></span> <span class='ocrx_word' id='word_1_275' title='bbox 965 3290 1111 3369; x_wconf 84' lang='grc' dir='ltr'><strong><em>ἀτεχνῶς</em></strong></span> <span class='ocrx_word' id='word_1_276' title='bbox 1138 3288 1272 3375; x_wconf 74' lang='grc' dir='ltr'><strong><em>ὑψηλόν</em></strong></span> <span class='ocrx_word' id='word_1_277' title='bbox 1302 3312 1339 3354; x_wconf 89' lang='grc' dir='ltr'><strong><em>τε</em></strong></span> <span class='ocrx_word' id='word_1_278' title='bbox 1366 3293 1423 3355; x_wconf 88' lang='grc' dir='ltr'><strong><em>καί</em></strong></span> <span class='ocrx_word' id='word_1_279' title='bbox 1449 3289 1603 3377; x_wconf 83' lang='grc' dir='ltr'><strong><em>ἐξίτηλον</em></strong></span> 
     </span>
     <span class='ocr_line' id='line_1_30' title="bbox 341 3386 1603 3481; baseline -0.001 -23"><span class='ocrx_word' id='word_1_280' title='bbox 341 3396 452 3481; x_wconf 85' lang='grc' dir='ltr'><strong><em>ἀπέβη</em></strong></span> <span class='ocrx_word' id='word_1_281' title='bbox 482 3397 521 3458; x_wconf 90' lang='grc' dir='ltr'><strong><em>τό</em></strong></span> <span class='ocrx_word' id='word_1_282' title='bbox 549 3401 611 3456; x_wconf 89' lang='grc' dir='ltr'><strong><em>τοῦ</em></strong></span> <span class='ocrx_word' id='word_1_283' title='bbox 640 3386 740 3476; x_wconf 89' lang='grc' dir='ltr'><strong><em>λόγου</em></strong></span> <span class='ocrx_word' id='word_1_284' title='bbox 771 3401 899 3479; x_wconf 81' lang='grc' dir='ltr'><strong><em>σχῆμα,</em></strong></span> <span class='ocrx_word' id='word_1_285' title='bbox 931 3393 1046 3476; x_wconf 86' lang='grc' dir='ltr'><strong><em>ὥσπερ</em></strong></span> <span class='ocrx_word' id='word_1_286' title='bbox 1071 3393 1104 3455; x_wconf 86' lang='grc' dir='ltr'><strong><em>ολ</em></strong></span> <span class='ocrx_word' id='word_1_287' title='bbox 1128 3391 1233 3458; x_wconf 88' lang='grc' dir='ltr'><strong><em>δεινοί</em></strong></span> <span class='ocrx_word' id='word_1_288' title='bbox 1256 3396 1335 3479; x_wconf 84' lang='grc' dir='ltr'><strong><em>περὶ</em></strong></span> <span class='ocrx_word' id='word_1_289' title='bbox 1356 3397 1436 3470; x_wconf 89' lang='grc' dir='ltr'><strong><em>τούς</em></strong></span> <span class='ocrx_word' id='word_1_290' title='bbox 1459 3396 1603 3479; x_wconf 79' lang='grc' dir='ltr'><strong><em>ὄρνιθάς</em></strong></span> 
     </span>
     <span class='ocr_line' id='line_1_31' title="bbox 343 3493 1654 3584; baseline 0.001 -24"><span class='ocrx_word' id='word_1_291' title='bbox 343 3515 430 3584; x_wconf 94' lang='grc' dir='ltr'><strong><em>φασι</em></strong></span> <span class='ocrx_word' id='word_1_292' title='bbox 457 3499 516 3562; x_wconf 90' lang='grc' dir='ltr'><strong><em>τόν</em></strong></span> <span class='ocrx_word' id='word_1_293' title='bbox 546 3493 680 3582; x_wconf 88' lang='grc' dir='ltr'><strong><em>σφόδρα</em></strong></span> <span class='ocrx_word' id='word_1_294' title='bbox 710 3497 780 3558; x_wconf 89' lang='grc' dir='ltr'><strong><em>ἀνω</em></strong></span> <span class='ocrx_word' id='word_1_295' title='bbox 807 3497 1008 3581; x_wconf 81' lang='grc' dir='ltr'><strong><em>χωρήσαντα</em></strong></span> <span class='ocrx_word' id='word_1_296' title='bbox 1037 3497 1094 3559; x_wconf 91' lang='grc' dir='ltr'><strong><em>καί</em></strong></span> <span class='ocrx_word' id='word_1_297' title='bbox 1115 3500 1189 3570; x_wconf 87' lang='grc' dir='ltr'><strong><em>τοῖς</em></strong></span> <span class='ocrx_word' id='word_1_298' title='bbox 1217 3499 1357 3582; x_wconf 86' lang='grc' dir='ltr'><strong><em>νέφεσιν</em></strong></span> <span class='ocrx_word' id='word_1_299' title='bbox 1385 3499 1600 3582; x_wconf 76' lang='grc' dir='ltr'><strong><em>ἐγκρύψαντα</em></strong></span> <span class='ocrx_word' id='word_1_300' title='bbox 1623 3511 1654 3561; x_wconf 74' lang='grc' dir='ltr'><strong><em>σο</em></strong></span> 
     </span>
     <span class='ocr_line' id='line_1_32' title="bbox 342 3589 1605 3686; baseline -0.001 -22"><span class='ocrx_word' id='word_1_301' title='bbox 342 3603 443 3664; x_wconf 86' lang='grc' dir='ltr'><strong><em>αὐτόν</em></strong></span> <span class='ocrx_word' id='word_1_302' title='bbox 466 3596 565 3684; x_wconf 77' lang='grc' dir='ltr'><strong><em>ἀτελῆ</em></strong></span> <span class='ocrx_word' id='word_1_303' title='bbox 589 3601 649 3684; x_wconf 80' lang='grc' dir='ltr'><strong><em>τὴν</em></strong></span> <span class='ocrx_word' id='word_1_304' title='bbox 671 3600 833 3679; x_wconf 89' lang='grc' dir='ltr'><strong><em>μαντείαν</em></strong></span> <span class='ocrx_word' id='word_1_305' title='bbox 858 3602 981 3675; x_wconf 84' lang='grc' dir='ltr'><strong><em>ποιεῖν,</em></strong></span> <span class='ocrx_word' id='word_1_306' title='bbox 1006 3589 1066 3660; x_wconf 90' lang='grc' dir='ltr'><strong><em>οὐκ</em></strong></span> <span class='ocrx_word' id='word_1_307' title='bbox 1079 3600 1138 3680; x_wconf 82' lang='grc' dir='ltr'><strong><em>ἐμὲ</em></strong></span> <span class='ocrx_word' id='word_1_308' title='bbox 1155 3595 1251 3676; x_wconf 86' lang='grc' dir='ltr'><strong><em>ἀξιον</em></strong></span> <span class='ocrx_word' id='word_1_309' title='bbox 1273 3600 1467 3678; x_wconf 80' lang='grc' dir='ltr'><strong><em>αἰτιᾶσθαι,</em></strong></span> <span class='ocrx_word' id='word_1_310' title='bbox 1491 3603 1551 3686; x_wconf 77' lang='grc' dir='ltr'><strong><em>την</em></strong></span> <span class='ocrx_word' id='word_1_311' title='bbox 1568 3598 1605 3663; x_wconf 88' lang='grc' dir='ltr'><strong><em>δέ</em></strong></span> 
     </span>
     <span class='ocr_line' id='line_1_33' title="bbox 287 3695 1476 3789; baseline -0.002 -23"><span class='ocrx_word' id='word_1_312' title='bbox 287 3743 289 3750; x_wconf 51' lang='lat'>1</span> <span class='ocrx_word' id='word_1_313' title='bbox 343 3704 606 3789; x_wconf 81' lang='grc' dir='ltr'><strong><em>Βορυσθενιτῶν</em></strong></span> <span class='ocrx_word' id='word_1_314' title='bbox 629 3698 782 3779; x_wconf 88' lang='grc' dir='ltr'><strong><em>ἀξίωσιν,</em></strong></span> <span class='ocrx_word' id='word_1_315' title='bbox 806 3702 853 3776; x_wconf 83' lang='grc' dir='ltr'><strong><em>ὡς</em></strong></span> <span class='ocrx_word' id='word_1_316' title='bbox 875 3695 954 3763; x_wconf 90' lang='grc' dir='ltr'><strong><em>τότε</em></strong></span> <span class='ocrx_word' id='word_1_317' title='bbox 976 3701 1099 3763; x_wconf 81' lang='grc' dir='ltr'><strong><em>ἐκεῖνοι</em></strong></span> <span class='ocrx_word' id='word_1_318' title='bbox 1123 3697 1229 3783; x_wconf 88' lang='grc' dir='ltr'><strong><em>λέγειν</em></strong></span> <span class='ocrx_word' id='word_1_319' title='bbox 1253 3699 1476 3786; x_wconf 86' lang='grc' dir='ltr'><strong><em>προσέταξαν.</em></strong></span> 
     </span>
    </p>
   </div>
   <div class='ocr_carea' id='block_1_3' title="bbox 344 3857 1609 4452">
    <p class='ocr_par' dir='ltr' id='par_1_3' title="bbox 344 3857 1609 4452">
     <span class='ocr_line' id='line_1_34' title="bbox 428 3857 1552 3940; baseline 0 -19"><span class='ocrx_word' id='word_1_320' title='bbox 428 3871 443 3921; x_wconf 81' lang='lat'>2</span> <span class='ocrx_word' id='word_1_321' title='bbox 462 3861 551 3940; x_wconf 86' lang='grc' dir='ltr'><strong><em>δρᾶτε</em></strong></span> <span class='ocrx_word' id='word_1_322' title='bbox 568 3865 598 3920; x_wconf 92' lang='grc' dir='ltr'>Μ</span> <span class='ocrx_word' id='word_1_323' title='bbox 650 3860 735 3924; x_wconf 84' lang='grc' dir='ltr'><strong><em>καινά</em></strong></span> <span class='ocrx_word' id='word_1_324' title='bbox 753 3865 890 3930; x_wconf 61' lang='lat' dir='ltr'><strong><em>Eulimna,</em></strong></span> <span class='ocrx_word' id='word_1_325' title='bbox 909 3866 958 3920; x_wconf 87' lang='grc' dir='ltr'><strong><em>καί</em></strong></span> <span class='ocrx_word' id='word_1_326' title='bbox 975 3857 1011 3920; x_wconf 88' lang='grc' dir='ltr'><strong><em>τδι</em></strong></span> <span class='ocrx_word' id='word_1_327' title='bbox 1023 3863 1086 3920; x_wconf 86' lang='lat' dir='ltr'>libri</span> <span class='ocrx_word' id='word_1_328' title='bbox 1138 3867 1153 3917; x_wconf 84' lang='lat'><strong>3</strong></span> <span class='ocrx_word' id='word_1_329' title='bbox 1171 3867 1220 3922; x_wconf 85' lang='grc' dir='ltr'><strong><em>καλ</em></strong></span> <span class='ocrx_word' id='word_1_330' title='bbox 1238 3869 1298 3922; x_wconf 82' lang='grc' dir='ltr'><strong><em>τῶν</em></strong></span> <span class='ocrx_word' id='word_1_331' title='bbox 1309 3869 1417 3937; x_wconf 70' lang='grc' dir='ltr'><strong><em>χειροῖν</em></strong></span> <span class='ocrx_word' id='word_1_332' title='bbox 1435 3883 1488 3924; x_wconf 86' lang='lat' dir='ltr'><strong><em>om.</em></strong></span> <span class='ocrx_word' id='word_1_333' title='bbox 1503 3864 1552 3922; x_wconf 81' lang='lat' dir='ltr'><strong><em>UT</em></strong></span> 
     </span>
     <span class='ocr_line' id='line_1_35' title="bbox 344 3940 1606 4021; baseline 0.002 -14"><span class='ocrx_word' id='word_1_334' title='bbox 344 3943 434 4010; x_wconf 78' lang='grc' dir='ltr'><strong><em>ῦδλα</em></strong></span> <span class='ocrx_word' id='word_1_335' title='bbox 452 3971 485 4010; x_wconf 85' lang='grc' dir='ltr'><strong><em>τε</em></strong></span> <span class='ocrx_word' id='word_1_336' title='bbox 502 3951 572 4016; x_wconf 84' lang='lat' dir='ltr'><strong>libri,</strong></span> <span class='ocrx_word' id='word_1_337' title='bbox 592 3940 648 4008; x_wconf 81' lang='grc' dir='ltr'><strong><em>ὐσα</em></strong></span> <span class='ocrx_word' id='word_1_338' title='bbox 666 3969 699 4008; x_wconf 85' lang='grc' dir='ltr'><strong><em>τε</em></strong></span> <span class='ocrx_word' id='word_1_339' title='bbox 715 3948 842 4006; x_wconf 80' lang='grc' dir='ltr'><strong><em>Βείιίιίσι</em></strong></span> <span class='ocrx_word' id='word_1_340' title='bbox 933 3941 1087 4021; x_wconf 82' lang='grc' dir='ltr'><strong><em>εὐχάριστα</em></strong></span> <span class='ocrx_word' id='word_1_341' title='bbox 1106 3946 1179 4004; x_wconf 89' lang='lat' dir='ltr'><strong><em>UBT</em></strong></span> <span class='ocrx_word' id='word_1_342' title='bbox 1274 3954 1367 4007; x_wconf 81' lang='grc' dir='ltr'><strong><em>ύόεῖν</em></strong></span> <span class='ocrx_word' id='word_1_343' title='bbox 1386 3949 1414 4003; x_wconf 91' lang='grc' dir='ltr'>Μ</span> <span class='ocrx_word' id='word_1_344' title='bbox 1501 3947 1606 4010; x_wconf 78' lang='grc' dir='ltr'><strong><em>Βτότε</em></strong></span> 
     </span>
     <span class='ocr_line' id='line_1_36' title="bbox 345 4027 1548 4110; baseline -0.002 -16"><span class='ocrx_word' id='word_1_345' title='bbox 345 4037 453 4107; x_wconf 68' lang='lat' dir='ltr'><strong><em>scripsi,</em></strong></span> <span class='ocrx_word' id='word_1_346' title='bbox 470 4056 503 4094; x_wconf 87' lang='grc' dir='ltr'><strong><em>τε</em></strong></span> <span class='ocrx_word' id='word_1_347' title='bbox 519 4036 583 4092; x_wconf 82' lang='lat' dir='ltr'>libri</span> <span class='ocrx_word' id='word_1_348' title='bbox 665 4041 692 4090; x_wconf 84' lang='lat'><strong><em>11</em></strong></span> <span class='ocrx_word' id='word_1_349' title='bbox 713 4031 730 4092; x_wconf 89' lang='grc' dir='ltr'><strong><em>δ</em></strong></span> <span class='ocrx_word' id='word_1_350' title='bbox 749 4034 779 4092; x_wconf 76' lang='grc' dir='ltr'><strong><em>δὲ</em></strong></span> <span class='ocrx_word' id='word_1_351' title='bbox 796 4032 903 4103; x_wconf 75' lang='lat' dir='ltr'>non&#39;pii,</span> <span class='ocrx_word' id='word_1_352' title='bbox 921 4027 938 4090; x_wconf 87' lang='grc' dir='ltr'><strong><em>δ</em></strong></span> <span class='ocrx_word' id='word_1_353' title='bbox 956 4028 989 4105; x_wconf 73' lang='grc' dir='ltr'><strong><em>δὴ</em></strong></span> <span class='ocrx_word' id='word_1_354' title='bbox 1006 4032 1070 4088; x_wconf 81' lang='lat' dir='ltr'>libri</span> <span class='ocrx_word' id='word_1_355' title='bbox 1141 4039 1172 4089; x_wconf 78' lang='lat'><strong><em>14</em></strong></span> <span class='ocrx_word' id='word_1_356' title='bbox 1190 4031 1293 4108; x_wconf 78' lang='grc' dir='ltr'><strong><em>νήπιος</em></strong></span> <span class='ocrx_word' id='word_1_357' title='bbox 1309 4037 1330 4089; x_wconf 89' lang='grc' dir='ltr'>Β</span> <span class='ocrx_word' id='word_1_358' title='bbox 1348 4031 1453 4110; x_wconf 78' lang='grc' dir='ltr'><strong><em>ῥὴπιος</em></strong></span> <span class='ocrx_word' id='word_1_359' title='bbox 1469 4035 1548 4092; x_wconf 82' lang='lat' dir='ltr'><strong><em>MUT</em></strong></span> 
     </span>
     <span class='ocr_line' id='line_1_37' title="bbox 348 4107 1606 4193; baseline 0.001 -16"><span class='ocrx_word' id='word_1_360' title='bbox 348 4126 380 4177; x_wconf 81' lang='grc' dir='ltr'><strong><em>ιο</em></strong></span> <span class='ocrx_word' id='word_1_361' title='bbox 396 4117 429 4193; x_wconf 74' lang='grc' dir='ltr'><strong><em>δὴ</em></strong></span> <span class='ocrx_word' id='word_1_362' title='bbox 449 4125 498 4179; x_wconf 85' lang='grc' dir='ltr'><strong><em>καί</em></strong></span> <span class='ocrx_word' id='word_1_363' title='bbox 516 4117 534 4179; x_wconf 88' lang='grc' dir='ltr'><strong><em>δ</em></strong></span> <span class='ocrx_word' id='word_1_364' title='bbox 554 4137 606 4179; x_wconf 86' lang='lat' dir='ltr'><strong><em>om.</em></strong></span> <span class='ocrx_word' id='word_1_365' title='bbox 624 4120 665 4188; x_wconf 90' lang='lat' dir='ltr'><strong><em>M,</em></strong></span> <span class='ocrx_word' id='word_1_366' title='bbox 681 4119 754 4190; x_wconf 85' lang='lat' dir='ltr'>quod</span> <span class='ocrx_word' id='word_1_367' title='bbox 771 4119 837 4174; x_wconf 79' lang='lat' dir='ltr'>ferri</span> <span class='ocrx_word' id='word_1_368' title='bbox 853 4132 935 4188; x_wconf 79' lang='grc' dir='ltr'><strong><em>ροιιε</em></strong></span> <span class='ocrx_word' id='word_1_369' title='bbox 953 4117 977 4172; x_wconf 74' lang='lat' dir='ltr'><strong><em>si</em></strong></span> <span class='ocrx_word' id='word_1_370' title='bbox 995 4107 1014 4175; x_wconf 82' lang='grc' dir='ltr'><strong><em>δ’</em></strong></span> <span class='ocrx_word' id='word_1_371' title='bbox 1031 4137 1063 4176; x_wconf 85' lang='grc' dir='ltr'><strong><em>τε</em></strong></span> <span class='ocrx_word' id='word_1_372' title='bbox 1080 4119 1217 4174; x_wconf 68' lang='lat' dir='ltr'>scribatur</span> <span class='ocrx_word' id='word_1_373' title='bbox 1234 4127 1327 4176; x_wconf 75' lang='lat' dir='ltr'>censet</span> <span class='ocrx_word' id='word_1_374' title='bbox 1341 4121 1421 4191; x_wconf 83' lang='lat' dir='ltr'><strong>Emp.</strong></span> <span class='ocrx_word' id='word_1_375' title='bbox 1474 4125 1507 4177; x_wconf 77' lang='lat'><strong><em>20</em></strong></span> <span class='ocrx_word' id='word_1_376' title='bbox 1524 4119 1606 4178; x_wconf 85' lang='lat' dir='ltr'>Hom.</span> 
     </span>
     <span class='ocr_line' id='line_1_38' title="bbox 345 4199 1608 4279; baseline 0.002 -16"><span class='ocrx_word' id='word_1_377' title='bbox 345 4207 376 4264; x_wconf 90' lang='lat'><strong><em>11.</em></strong></span> <span class='ocrx_word' id='word_1_378' title='bbox 395 4211 437 4278; x_wconf 83' lang='lat'><strong><em>21,</em></strong></span> <span class='ocrx_word' id='word_1_379' title='bbox 456 4211 565 4276; x_wconf 79' lang='lat' dir='ltr'><strong>389⁸q.‚</strong></span> <span class='ocrx_word' id='word_1_380' title='bbox 583 4206 634 4263; x_wconf 87' lang='lat' dir='ltr'><strong><em>ubi</em></strong></span> <span class='ocrx_word' id='word_1_381' title='bbox 648 4201 736 4272; x_wconf 80' lang='grc' dir='ltr'><strong><em>θεοὺς</em></strong></span> <span class='ocrx_word' id='word_1_382' title='bbox 752 4199 823 4275; x_wconf 79' lang='grc' dir='ltr'><strong><em>ἔριδι</em></strong></span> <span class='ocrx_word' id='word_1_383' title='bbox 841 4199 1001 4271; x_wconf 78' lang='grc' dir='ltr'><strong><em>ξυνιόνταςί</em></strong></span> <span class='ocrx_word' id='word_1_384' title='bbox 1089 4208 1122 4261; x_wconf 78' lang='lat'><strong><em>2³</em></strong></span> <span class='ocrx_word' id='word_1_385' title='bbox 1140 4204 1232 4278; x_wconf 82' lang='grc' dir='ltr'><strong><em>λέγων</em></strong></span> <span class='ocrx_word' id='word_1_386' title='bbox 1249 4202 1300 4278; x_wconf 79' lang='grc' dir='ltr'><strong><em>τήν</em></strong></span> <span class='ocrx_word' id='word_1_387' title='bbox 1318 4226 1349 4264; x_wconf 81' lang='grc' dir='ltr'><strong><em>τε</em></strong></span> <span class='ocrx_word' id='word_1_388' title='bbox 1367 4206 1419 4264; x_wconf 81' lang='lat' dir='ltr'><strong><em>UT</em></strong></span> <span class='ocrx_word' id='word_1_389' title='bbox 1481 4211 1514 4263; x_wconf 77' lang='lat'><strong><em>25</em></strong></span> <span class='ocrx_word' id='word_1_390' title='bbox 1533 4227 1608 4279; x_wconf 84' lang='grc' dir='ltr'><strong><em>προ-</em></strong></span> 
     </span>
     <span class='ocr_line' id='line_1_39' title="bbox 346 4281 1608 4366; baseline -0.001 -16"><span class='ocrx_word' id='word_1_391' title='bbox 346 4290 441 4366; x_wconf 82' lang='grc' dir='ltr'><strong><em>τέρων</em></strong></span> <span class='ocrx_word' id='word_1_392' title='bbox 457 4291 531 4348; x_wconf 87' lang='lat' dir='ltr'><strong><em>UBT</em></strong></span> <span class='ocrx_word' id='word_1_393' title='bbox 635 4293 669 4346; x_wconf 76' lang='lat'><strong><em>26</em></strong></span> <span class='ocrx_word' id='word_1_394' title='bbox 686 4281 748 4348; x_wconf 80' lang='grc' dir='ltr'><strong><em>θύω</em></strong></span> <span class='ocrx_word' id='word_1_395' title='bbox 765 4287 796 4343; x_wconf 94' lang='grc' dir='ltr'>Μ</span> <span class='ocrx_word' id='word_1_396' title='bbox 901 4292 932 4344; x_wconf 81' lang='grc'><strong><em>27</em></strong></span> <span class='ocrx_word' id='word_1_397' title='bbox 949 4287 1075 4360; x_wconf 85' lang='grc' dir='ltr'><strong><em>ἐάσομεν</em></strong></span> <span class='ocrx_word' id='word_1_398' title='bbox 1093 4289 1122 4344; x_wconf 98' lang='grc' dir='ltr'>Μ</span> <span class='ocrx_word' id='word_1_399' title='bbox 1226 4295 1258 4348; x_wconf 79' lang='lat'><strong><em>28</em></strong></span> <span class='ocrx_word' id='word_1_400' title='bbox 1276 4288 1413 4365; x_wconf 79' lang='grc' dir='ltr'><strong><em>ἐξὴτηλον</em></strong></span> <span class='ocrx_word' id='word_1_401' title='bbox 1429 4292 1459 4348; x_wconf 94' lang='grc' dir='ltr'>Μ</span> <span class='ocrx_word' id='word_1_402' title='bbox 1476 4290 1608 4363; x_wconf 74' lang='grc' dir='ltr'><strong><em>ἐξὴτιλον</em></strong></span> 
     </span>
     <span class='ocr_line' id='line_1_40' title="bbox 347 4369 1609 4452; baseline 0.002 -20"><span class='ocrx_word' id='word_1_403' title='bbox 347 4376 421 4432; x_wconf 86' lang='lat' dir='ltr'><strong><em>Um.</em></strong></span> <span class='ocrx_word' id='word_1_404' title='bbox 439 4393 481 4447; x_wconf 81' lang='lat' dir='ltr'><strong><em>pr.</em></strong></span> <span class='ocrx_word' id='word_1_405' title='bbox 551 4380 585 4432; x_wconf 79' lang='lat'><strong><em>³0</em></strong></span> <span class='ocrx_word' id='word_1_406' title='bbox 603 4369 834 4448; x_wconf 80' lang='grc' dir='ltr'><strong><em>ἀναχωρήσαντα</em></strong></span> <span class='ocrx_word' id='word_1_407' title='bbox 854 4373 927 4430; x_wconf 82' lang='lat' dir='ltr'><strong><em>UBT</em></strong></span> <span class='ocrx_word' id='word_1_408' title='bbox 1007 4379 1038 4430; x_wconf 83' lang='lat'><strong><em>³1</em></strong></span> <span class='ocrx_word' id='word_1_409' title='bbox 1058 4369 1150 4433; x_wconf 85' lang='grc' dir='ltr'><strong><em>αὐτὸν</em></strong></span> <span class='ocrx_word' id='word_1_410' title='bbox 1166 4377 1196 4433; x_wconf 94' lang='grc' dir='ltr'>Μ</span> <span class='ocrx_word' id='word_1_411' title='bbox 1270 4382 1302 4434; x_wconf 77' lang='lat'><strong><em>³2</em></strong></span> <span class='ocrx_word' id='word_1_412' title='bbox 1320 4381 1558 4452; x_wconf 80' lang='grc' dir='ltr'><strong><em>βωρυσθενειτιῦν</em></strong></span> <span class='ocrx_word' id='word_1_413' title='bbox 1578 4379 1609 4434; x_wconf 93' lang='grc' dir='ltr'>Μ</span> 
     </span>
    </p>
   </div>
   <div class='ocr_carea' id='block_1_4' title="bbox 342 4457 1157 4534">
    <p class='ocr_par' dir='ltr' id='par_1_4' title="bbox 342 4457 1157 4534">
     <span class='ocr_line' id='line_1_41' title="bbox 342 4457 1157 4534; baseline -0.005 -16"><span class='ocrx_word' id='word_1_414' title='bbox 342 4465 568 4534; x_wconf 80' lang='grc' dir='ltr'><strong><em>βωροσῦενιτιῦν</em></strong></span> <span class='ocrx_word' id='word_1_415' title='bbox 585 4459 609 4516; x_wconf 91' lang='lat' dir='ltr'><strong>U</strong></span> <span class='ocrx_word' id='word_1_416' title='bbox 679 4457 771 4532; x_wconf 84' lang='grc' dir='ltr'><strong><em>λέγειν</em></strong></span> <span class='ocrx_word' id='word_1_417' title='bbox 789 4457 896 4518; x_wconf 79' lang='grc' dir='ltr'><strong><em>ἐκεῖνοι</em></strong></span> <span class='ocrx_word' id='word_1_418' title='bbox 913 4459 978 4526; x_wconf 76' lang='lat' dir='ltr'><strong>(hoe</strong></span> <span class='ocrx_word' id='word_1_419' title='bbox 995 4459 1064 4526; x_wconf 77' lang='lat' dir='ltr'><strong>ord.)</strong></span> <span class='ocrx_word' id='word_1_420' title='bbox 1082 4459 1157 4517; x_wconf 78' lang='lat' dir='ltr'><strong>UB&#39;l&#39;</strong></span> 
     </span>
    </p>
   </div>
   <div class='ocr_carea' id='block_1_5' title="bbox 877 4581 1082 4592">
    <p class='ocr_par' dir='ltr' id='par_1_5' title="bbox 877 4581 1082 4592">
     <span class='ocr_line' id='line_1_42' title="bbox 877 4581 1082 4592; baseline -0.01 0"><span class='ocrx_word' id='word_1_421' title='bbox 877 4581 1082 4592; x_wconf 72' lang='lat'><strong><em>.—</em></strong></span> 
     </span>
    </p>
   </div>
   <div class='ocr_carea' id='block_1_6' title="bbox 0 0 1746 5264">
    <p class='ocr_par' dir='ltr' id='par_1_6' title="bbox 0 0 1746 5264">
     <span class='ocr_line' id='line_1_43' title="bbox 0 0 1746 5264; baseline 0 0"><span class='ocrx_word' id='word_1_422' title='bbox 0 0 1746 5264; x_wconf 95' lang='lat' dir='ltr'><strong><em> </em></strong></span> 
     </span>
    </p>
   </div>
  </div>
 </body>
</html>
