3466 5268
329 328 371 386 44
729 327 852 386 motus
870 328 921 384 AD
938 326 1171 384 NICAEENSES

327 507 386 567 καί
410 500 509 589 φιλία
532 507 621 589 πρός
650 506 780 580 αύτούς.
832 507 971 588 αἰσχρόν
996 505 1076 587 γάρ,
1105 503 1136 564 εἰ
1163 503 1207 588 μη
1233 499 1368 588 σφόδρα
1391 493 1589 588 εὐδαίμονες

330 609 469 670 ἔσονται
496 609 553 670 καί
578 604 760 694 θεοφιλεῖς
780 608 837 670 καί
859 604 1032 670 διοίσουσί
1052 627 1086 668 τι
1108 611 1175 667 τῶν
1197 600 1308 666 ἀλλων
1331 606 1480 692 εὐτυχίᾳ,
1508 613 1589 692 βου·

330 706 466 789 λόμενοί
486 728 523 791 γε
545 706 676 794 ἀληθὲς
697 706 923 772 ἐπιδεικνύειν
945 711 983 771 τδ
1000 711 1200 790 τοῦγένους,
1224 703 1308 768 ἀλλά
1327 709 1372 792 μή
1398 708 1506 796 ψευδῆ
1529 717 1588 778 καί

325 817 472 894 μάταιον
496 810 603 895 λόγον.
647 812 728 875 θεοί
756 812 819 895 γὰρ
850 813 998 874 οἰκισταί
1019 810 1076 872 καί
1099 815 1266 891 συγγενεῖς
1287 812 1344 872 καὶ
1366 816 1587 899 προπάτορες

327 913 423 976 οὐδὲν
447 915 554 988 οὕτως
575 910 737 976 ἐθέλουσι
759 915 838 988 τούς
860 914 971 975 αύτῶν
994 913 1092 991 ἔχειν,
1117 911 1193 974 ούτε
1218 913 1332 997 χώρας
1358 911 1481 990 κάλλος
1504 917 1581 980 ούτε
1605 933 1622 984 5

325 1024 465 1102 καρπῶν
487 1017 664 1103 ἀφθονίαν
688 1015 763 1077 οὔτε
793 1013 931 1101 πλῆθος
959 1015 1176 1096 ἀνθρώπιον,
1206 1015 1253 1088 ὡς
1284 1019 1507 1102 σωφροσύνην
1529 1022 1587 1084 καί

325 1119 446 1205 ἀρετὴν
467 1121 524 1182 καί
545 1114 723 1180 πολιτείαν
746 1120 889 1198 νόμιμον
910 1119 967 1180 καί
989 1122 1056 1178 τῶν
1071 1117 1132 1195 μὲν
1148 1116 1290 1196 ἀγαθῶν
1306 1115 1457 1182 πολιτῶν
1472 1123 1584 1206 τιμήν,

285 1221 304 1284 3
326 1229 393 1284 τῶν
417 1218 453 1284 δί
482 1227 591 1283 κακῶν
614 1221 763 1299 ἀτιμίαν.
809 1220 856 1294 ώς
879 1220 982 1301 ἔγωγε
1010 1215 1137 1302 ἥδομαι
1158 1225 1215 1280 νῦν
1244 1220 1331 1303 δρῶν
1357 1221 1442 1301 ύμάς
1464 1223 1499 1284 έν
1520 1226 1583 1303 μὲν

326 1332 435 1409 σχῆμα
457 1324 610 1403 ἔχοντας,
638 1323 720 1402 μίαν
749 1319 786 1384 δί
810 1324 925 1407 φωνην
948 1323 1129 1406 ἀφιέντας,
1159 1320 1264 1383 ταύτά
1288 1319 1323 1383 δὲ
1345 1320 1581 1406 βουλομένους.
1597 1345 1647 1396 (κει
1659 1345 1690 1396 ιιι

326 1431 428 1488 ποῖον
455 1429 516 1506 μὲν
544 1425 608 1508 γάρ
638 1425 754 1503 θέαμα
783 1420 920 1485 κάλλιον
952 1420 1086 1498 πόλεως
1110 1424 1389 1509 όμοφρονούσηςῐ
1419 1433 1521 1490 ποῖον
1545 1425 1582 1492 δὲ
1606 1429 1719 1530 1011ῇῇ

324 1530 477 1608 ἀκουσμα
495 1530 694 1611 σεμνότερον
701 1549 713 1602 ;
735 1527 820 1588 ποία
836 1529 898 1606 μὲν
921 1521 1119 1606 βουλεύεται
1143 1522 1245 1600 πόλις
1266 1526 1405 1606 ἀμεινον
1428 1537 1487 1614 τῆς
1510 1531 1580 1611 ἅμα

324 1628 568 1714 βουλευομένης
575 1651 587 1706 ;
610 1631 695 1691 ποία
713 1625 749 1692 δί
765 1629 1009 1713 εὐμαρέστερον
1025 1630 1169 1712 πράττει
1186 1636 1245 1713 τῆς
1262 1630 1331 1708 ἅμα
1348 1635 1567 1718 πραττούσης
1573 1657 1585 1711 ,-

324 1733 410 1793 ποία
434 1729 469 1794 δὲ
492 1732 592 1817 ἦττον
615 1733 841 1813 ἀποτυγχάνει
864 1739 923 1816 τῆς
946 1731 1051 1792 ταύτὰ
1067 1727 1296 1816 βουλομένηςς
1318 1731 1391 1793 τίσι
1412 1735 1473 1812 μίν
1495 1732 1583 1820 ἡδίω

323 1833 460 1915 τάγαθδ
477 1840 543 1896 τῶν
560 1834 813 1912 όμονοούντωνς
834 1833 907 1894 τίσι
923 1828 959 1898 δὲ
981 1835 1172 1917 κουφότερα
1195 1833 1237 1894 τὰ
1255 1830 1388 1918 λυπηρά
1404 1841 1471 1898 τῶν
1486 1847 1584 1924 κοινῇ

324 1939 506 2021 φερόντων,
531 1937 647 2020 ὥσπερ
662 1936 767 2021 βάρος
773 1956 786 2011 ,·
808 1936 880 1997 τίσι
896 1930 932 1996 δί
950 1935 1183 2020 σπανιώτερον
1201 1935 1378 2016 συμβαίνει
1393 1938 1435 1999 τά
1447 1935 1582 2017 χαλεπά
1607 1952 1636 2003 15

322 2045 390 2102 τῶν
404 2029 569 2124 ἀλλήλους
585 2034 823 2124 φυλαττόντων
831 2058 843 2112 ;
860 2037 945 2099 ποία
959 2039 1021 2116 μέν
1036 2041 1109 2112 τοῖς
1125 2033 1286 2113 πολίταις
1302 2036 1580 2127 προσφιλεστέρα

283 2142 303 2203 4
326 2138 445 2217 πόλις,·
469 2141 554 2202 ποία
578 2137 614 2204 δί
637 2143 822 2222 τιμιωτέρα
844 2144 919 2214 τοῖς
942 2135 1069 2216 ξένοις,·
1094 2141 1179 2202 ποία
1196 2136 1232 2202 δὲ
1245 2147 1483 2225 χρησιμωτέρα
1506 2151 1581 2221 τοῖς

324 2241 456 2330 φίλοις,·
471 2245 523 2319 τίς
539 2241 574 2306 δὲ
590 2248 664 2318 τοῖς
680 2242 820 2326 ἐχθροῖς
836 2242 1074 2327 φοβερωτέρας
1097 2242 1116 2302 δ
1133 2242 1228 2325 παρά
1243 2244 1345 2305 τίνων
1359 2246 1421 2322 μὲν
1436 2245 1579 2323 ἔπαινος

322 2343 419 2409 δοκεῖ
436 2349 649 2429 πιστότερος,
673 2346 691 2406 ό
715 2344 809 2428 παρὰ
831 2345 932 2406 τίνων
956 2341 992 2406 δὲ
1017 2346 1126 2427 ψόγος
1144 2340 1394 2428 ἀληθέστερος;
1416 2339 1517 2431 [τίνες
1540 2346 1576 2412 δὲ

321 2448 415 2532 παρδ
439 2452 511 2522 τοῖς
532 2452 693 2531 κρατοῦσι
715 2441 875 2520 πλείονος
896 2441 1014 2520 αἰδοῦς
1036 2448 1235 2527 τυγχάνουσι
1241 2438 1264 2529 ;]
1286 2447 1376 2522 τίνες
1388 2450 1450 2529 μίν
1466 2450 1574 2513 ἰσοτι-
1597 2462 1629 2513 211

319 2554 459 2635 μότεροι
481 2553 554 2624 τοῖς
568 2555 748 2632 κρατοῦσιν
754 2569 767 2627 ,·
789 2547 884 2622 τίνας
900 2544 936 2610 δί
951 2543 1077 2628 μᾶλλον
1095 2540 1141 2630 [οἰ
1155 2542 1366 2632 κρατοῦντες]
1383 2547 1559 2615 αἰδοῦνται
1565 2576 1578 2630 ,·

320 2654 415 2728 τίνας
436 2653 497 2732 μὲν
521 2652 627 2726 οὕτως
656 2651 836 2732 ἀγαπῶσιν
860 2652 895 2711 οἰ
914 2651 1056 2734 χρηστοί
1078 2651 1237 2734 ἄρχοντες
1245 2671 1258 2725 ;
1285 2651 1387 2714 τίνων
1417 2650 1454 2716 δὲ
1475 2654 1577 2740 ἦττον

319 2761 591 2840 καταφρονοῦσιν
614 2753 648 2814 οἰ
670 2753 834 2836 πονηροί,·
856 2753 895 2814 ού
910 2752 973 2835 γάρ
996 2749 1097 2838 δῆλον
1119 2755 1172 2815 ότι
1194 2757 1267 2828 τοῖς
1289 2755 1350 2832 μὲν
1374 2756 1577 2835 ὁμονοοῦσιν

321 2859 358 2919 ού
387 2859 491 2937 μόνον
521 2857 555 2918 οί
581 2861 796 2940 κρατοῦντες,
832 2849 917 2915 ἀλλὰ
947 2854 1004 2916 καί
1034 2855 1068 2915 οἰ
1098 2854 1178 2917 θεοί
1206 2856 1448 2938 προσέχουσιό,
1477 2859 1512 2919 οἰ
1539 2855 1576 2921 δὲ

321 2955 558 3037 στασιάζοντες
588 2946 661 3020 οὐδ’
694 2958 803 3018 αύτῶν
831 2957 1030 3032 ἀκούουσινς
1066 2957 1141 3018 οὔτε
1167 2958 1229 3041 γάρ
1258 2965 1326 3021 τῶν
1355 2958 1571 3044 ἀσυμφώνων
1594 2973 1625 3025 25

283 3069 287 3078 ’
316 3069 428 3146 χορῶν
452 3057 562 3135 ούδείς
584 3061 699 3122 ἀκούει
721 3055 850 3143 ῥᾳδίως
872 3061 937 3134 ό,τι
960 3055 1114 3140 λέγουσιν
1137 3059 1213 3122 οὔτε
1235 3067 1302 3122 τῶν
1319 3057 1575 3146 διαφερομένων

278 3165 298 3227 5
322 3160 465 3228 πόλεων.
503 3167 589 3226 ποῖα
605 3159 642 3225 δί
667 3158 930 3246 οἰκοδομήματα,
955 3163 1046 3248 πόση
1071 3157 1106 3224 δὲ
1127 3163 1232 3247 χώρα,
1255 3165 1365 3225 πόσον
1386 3159 1421 3226 δὲ
1437 3161 1576 3249 πλῆθος

318 3267 515 3350 ἀνθρώπων
539 3267 753 3349 ἰσχυρότερον
770 3255 875 3350 δῆμον
892 3264 1083 3349 άποφάίνει
1098 3273 1158 3350 τῆς
1175 3267 1262 3350 πρδς
1277 3266 1378 3328 σύτδν
1394 3267 1575 3346 δμονοίας;

318 3371 445 3433 όπόσοι
466 3369 530 3454 γάρ
553 3370 594 3431 ἀν
617 3365 683 3429 ώσι
698 3364 841 3428 πολῖται
855 3375 915 3452 τῆς
939 3355 1149 3451 ὁμονοούσης
1165 3364 1308 3445 πόλεως,
1331 3375 1491 3430 τοσοῦτοι
1511 3370 1574 3448 μὲν

317 3469 497 3558 ύφθαλμοί
520 3472 626 3557 δρῶσι
647 3472 686 3532 τδ
703 3470 830 3555 ἐκείνης
847 3473 1030 3554 συμφέρον,
1052 3476 1216 3532 τοσαῦται
1232 3466 1269 3532 δί
1284 3470 1384 3533 ἀκοαί
1399 3470 1570 3549 ἀκούουσι,
1593 3485 1625 3539 ευ

403 3744 413 3793 1
435 3730 540 3806 αὖτοὺς
557 3738 611 3793 ΒΜ
680 3727 845 3806 εύδαίμονες
862 3734 934 3802 libri,
952 3729 1104 3808 αἰδημονες
1116 3733 1217 3791 Βείελιε
1303 3740 1318 3790 2
1336 3741 1483 3811 θεοφιλεῖς
1499 3737 1571 3806 libri,

315 3823 593 3896 &coafflstcfleelius
662 3841 694 3880 τε
712 3837 763 3891 pro
780 3819 845 3878 τιΠ
898 3813 1014 3899 εύτοχίη
1030 3821 1100 3888 libri,
1118 3813 1241 3897 εὐψυχίᾳ
1259 3821 1368 3879 (ieelim
1438 3829 1503 3883 δτε
1519 3841 1571 3897 pro

314 3927 348 3980 γε
365 3909 388 3962 Β
479 3914 494 3964 5
513 3905 609 3967 αδτών
626 3906 705 3963 MUT
804 3910 834 3960 10
852 3913 924 3962 νιοία
941 3905 972 3962 δί
988 3902 1121 3975 ἄκουσμα
1140 3905 1318 3981 σεμνότερον
1334 3919 1407 3969 ποῖα
1424 3911 1455 3970 δέ
1471 3909 1501 3964 Μ

317 3999 345 4048 11
365 3993 419 4064 μὲν
435 3993 510 4060 wa,
528 3993 559 4052 δέ
575 3993 638 4050 libri
709 3995 739 4048 12
756 3994 807 4063 τῆς
823 3987 944 4060 ἄμεινον
960 3989 1141 4066 πρεπούσης
1157 3993 1221 4058 ΒΜ,
1237 3992 1304 4052 inu
1320 3986 1382 4065 ἅμα
1399 4011 1434 4053 ex
1450 3993 1572 4068 ἄμεινον

314 4093 331 4134 ε
349 4085 503 4136 correctore
558 4083 587 4134 1³
604 4077 782 4153 βουλομένης
798 4075 897 4146 ιαιύριί
913 4074 987 4143 (item
1005 4074 1124 4134 cobetus
1143 4078 1173 4134 G.
1192 4078 1236 4134 Gr.
1252 4095 1279 4150 p·
1292 4085 1344 4147 921,
1361 4083 1571 4156 βουλευομένης

312 4163 376 4221 libri
430 4169 461 4221 ιό
479 4166 611 4231 πολίταις
627 4167 684 4230 (αις
700 4178 718 4218 ε
734 4159 857 4228 αυτοῦ
912 4164 942 4217 19
961 4155 978 4224 δ
997 4157 1077 4235 παρὰ
1096 4165 1184 4221 τίνων
1202 4179 1225 4220 ε.
1239 4182 1264 4236 q.
1278 4181 1301 4222 ι.
1327 4166 1515 4238 ε1.σι.1131

312 4251 389 4316 τίνες
406 4250 436 4308 ab
453 4280 486 4291 -
498 4255 531 4306 2ο
543 4251 715 4324 τυγχάνουσι
727 4247 798 4303 delet
809 4246 903 4316 Emp.;
920 4246 992 4302 inter
1003 4247 1072 4303 haec
1083 4254 1112 4304 ot
1124 4251 1267 4319 sequenti·
1278 4253 1412 4321 usquead
1423 4249 1570 4312 αἰόοῦνιαι

312 4335 387 4405 optio
400 4336 520 4394 datust
605 4340 638 4392 20
656 4329 858 4405 ἰσοτιμότεροι
875 4330 929 4386 ΒΜ
1010 4337 1040 4387 21
1059 4337 1199 4405 κρατοῦσι
1216 4334 1265 4391 UT
1351 4336 1379 4395 οἰ
1395 4343 1572 4410 κρατοῦντες

312 4421 406 4486 delevi,
418 4420 446 4479 οί
457 4419 648 4493 κρατούμενοι
658 4420 786 4476 Βεῖελτίοι
839 4414 1050 4490 23όηλονότιΤ
1104 4413 1296 4488 δμονοῖσινΤ
1348 4427 1381 4478 25
1394 4417 1524 4482 ιιδτῶνΤ

312 4509 345 4562 28
363 4501 453 4566 αδτὸν
469 4506 520 4563 U'l'
588 4512 620 4563 29
638 4510 673 4565 ιδ
689 4505 831 4577 sequentis
848 4503 883 4562 cf.
901 4517 941 4560 or.
960 4503 973 4558 1
991 4507 1052 4572 §32
1123 4509 1157 4560 30
1174 4500 1209 4563 τὸ
1228 4505 1258 4564 όέ
1274 4503 1369 4581 ἐκείνη
1388 4509 1416 4563 Μ
