<?xml version="1.0" encoding="UTF-8"?>
<!DOCTYPE html PUBLIC "-//W3C//DTD XHTML 1.0 Transitional//EN"
    "http://www.w3.org/TR/xhtml1/DTD/xhtml1-transitional.dtd">
<html xmlns="http://www.w3.org/1999/xhtml" xml:lang="en" lang="en">
 <head>
  <title>
</title>
<meta http-equiv="Content-Type" content="text/html;charset=utf-8" />
  <meta name='ocr-system' content='tesseract 3.04.00' />
  <meta name='ocr-capabilities' content='ocr_page ocr_carea ocr_par ocr_line ocrx_word'/>
</head>
<body>
  <div class='ocr_page' id='page_1' title='image "./quaeexstantomni01diogoog_0300.png"; bbox 0 0 3526 5264; ppageno 0'>
   <div class='ocr_carea' id='block_1_1' title="bbox 648 368 1418 432">
    <p class='ocr_par' dir='ltr' id='par_1_1' title="bbox 648 368 1418 432">
     <span class='ocr_line' id='line_1_1' title="bbox 648 368 1418 432; baseline 0.009 -9"><span class='ocrx_word' id='word_1_1' title='bbox 648 368 785 426; x_wconf 79' lang='lat' dir='ltr'><strong>ORATIO</strong></span> <span class='ocrx_word' id='word_1_2' title='bbox 803 369 928 426; x_wconf 77' lang='lat' dir='ltr'>LXXIII.</span> <span class='ocrx_word' id='word_1_3' title='bbox 1356 370 1418 432; x_wconf 79' lang='lat'><strong><em>189</em></strong></span> 
     </span>
    </p>
   </div>
   <div class='ocr_carea' id='block_1_2' title="bbox 21 537 1421 1139">
    <p class='ocr_par' dir='ltr' id='par_1_2' title="bbox 21 537 1421 1038">
     <span class='ocr_line' id='line_1_2' title="bbox 155 537 1419 632; baseline 0.005 -30"><span class='ocrx_word' id='word_1_4' title='bbox 155 537 392 608; x_wconf 87' lang='grc' dir='ltr'><strong><em>δουλεύουσαι.</em></strong></span> <span class='ocrx_word' id='word_1_5' title='bbox 436 543 493 604; x_wconf 86' lang='grc' dir='ltr'><strong><em>καί</em></strong></span> <span class='ocrx_word' id='word_1_6' title='bbox 513 547 609 629; x_wconf 77' lang='grc' dir='ltr'><strong><em>ημῶν</em></strong></span> <span class='ocrx_word' id='word_1_7' title='bbox 631 545 772 618; x_wconf 74' lang='grc' dir='ltr'><strong><em>ἕκαστος</em></strong></span> <span class='ocrx_word' id='word_1_8' title='bbox 793 546 853 630; x_wconf 80' lang='grc' dir='ltr'><strong><em>την</em></strong></span> <span class='ocrx_word' id='word_1_9' title='bbox 874 547 935 625; x_wconf 83' lang='grc' dir='ltr'><strong><em>μὲν</em></strong></span> <span class='ocrx_word' id='word_1_10' title='bbox 959 542 1081 631; x_wconf 80' lang='grc' dir='ltr'><strong><em>στολὴν</em></strong></span> <span class='ocrx_word' id='word_1_11' title='bbox 1111 547 1179 625; x_wconf 79' lang='grc' dir='ltr'><strong><em>ἔχει</em></strong></span> <span class='ocrx_word' id='word_1_12' title='bbox 1200 548 1263 632; x_wconf 79' lang='grc' dir='ltr'><strong><em>την</em></strong></span> <span class='ocrx_word' id='word_1_13' title='bbox 1285 549 1419 630; x_wconf 85' lang='grc' dir='ltr'><strong><em>Σωκρά-</em></strong></span> 
     </span>
     <span class='ocr_line' id='line_1_3' title="bbox 153 642 1419 731; baseline 0.006 -28"><span class='ocrx_word' id='word_1_14' title='bbox 153 661 240 718; x_wconf 83' lang='grc' dir='ltr'><strong><em>τους</em></strong></span> <span class='ocrx_word' id='word_1_15' title='bbox 267 645 324 707; x_wconf 72' lang='lat' dir='ltr'><strong><em>zai</em></strong></span> <span class='ocrx_word' id='word_1_16' title='bbox 344 645 543 727; x_wconf 85' lang='grc' dir='ltr'><strong><em>Διογένους,</em></strong></span> <span class='ocrx_word' id='word_1_17' title='bbox 574 648 613 707; x_wconf 90' lang='grc' dir='ltr'><strong><em>τό</em></strong></span> <span class='ocrx_word' id='word_1_18' title='bbox 645 642 681 708; x_wconf 84' lang='grc' dir='ltr'><strong><em>δέ</em></strong></span> <span class='ocrx_word' id='word_1_19' title='bbox 711 651 849 731; x_wconf 79' lang='grc' dir='ltr'><em>φρονεῖν</em></span> <span class='ocrx_word' id='word_1_20' title='bbox 880 644 1011 709; x_wconf 84' lang='grc' dir='ltr'><strong><em>πολλοῦ</em></strong></span> <span class='ocrx_word' id='word_1_21' title='bbox 1040 645 1158 727; x_wconf 80' lang='grc' dir='ltr'><em>δέομεν</em></span> <span class='ocrx_word' id='word_1_22' title='bbox 1185 651 1301 728; x_wconf 88' lang='grc' dir='ltr'><strong><em>δμοιοι</em></strong></span> <span class='ocrx_word' id='word_1_23' title='bbox 1331 646 1419 711; x_wconf 81' lang='grc' dir='ltr'><strong><em>εἶναι</em></strong></span> 
     </span>
     <span class='ocr_line' id='line_1_4' title="bbox 156 741 1419 835; baseline 0.006 -30"><span class='ocrx_word' id='word_1_24' title='bbox 156 749 237 819; x_wconf 88' lang='grc' dir='ltr'><strong><em>τοῖς</em></strong></span> <span class='ocrx_word' id='word_1_25' title='bbox 252 741 415 828; x_wconf 73' lang='grc' dir='ltr'><strong><em>ἀνδράσιν</em></strong></span> <span class='ocrx_word' id='word_1_26' title='bbox 430 747 572 822; x_wconf 80' lang='grc' dir='ltr'><strong><em>ἐκείνοις</em></strong></span> <span class='ocrx_word' id='word_1_27' title='bbox 587 749 606 832; x_wconf 82' lang='grc' dir='ltr'><em>ἢ</em></span> <span class='ocrx_word' id='word_1_28' title='bbox 625 742 682 833; x_wconf 84' lang='grc' dir='ltr'><strong><em>ζῆν</em></strong></span> <span class='ocrx_word' id='word_1_29' title='bbox 698 749 825 829; x_wconf 88' lang='grc' dir='ltr'><strong><em>δμοίως</em></strong></span> <span class='ocrx_word' id='word_1_30' title='bbox 841 751 991 835; x_wconf 79' lang='grc' dir='ltr'><strong><em>αύτοῖςῆ</em></strong></span> <span class='ocrx_word' id='word_1_31' title='bbox 1009 748 1126 832; x_wconf 84' lang='grc' dir='ltr'><strong><em>λόγους</em></strong></span> <span class='ocrx_word' id='word_1_32' title='bbox 1147 753 1323 825; x_wconf 81' lang='grc' dir='ltr'><strong><em>τοιούτους</em></strong></span> <span class='ocrx_word' id='word_1_33' title='bbox 1346 747 1419 812; x_wconf 86' lang='grc' dir='ltr'><strong><em>δια-</em></strong></span> 
     </span>
     <span class='ocr_line' id='line_1_5' title="bbox 21 842 1421 936; baseline 0.001 -24"><span class='ocrx_word' id='word_1_34' title='bbox 21 842 335 928; x_wconf 69' lang='grc' dir='ltr'><strong><em>ιεεεεηνλέγεσθαι.</em></strong></span> <span class='ocrx_word' id='word_1_35' title='bbox 380 851 555 932; x_wconf 77' lang='grc' dir='ltr'><strong><em>τοιγάρτοι</em></strong></span> <span class='ocrx_word' id='word_1_36' title='bbox 577 847 674 912; x_wconf 81' lang='grc' dir='ltr'><strong><em>ούδέν</em></strong></span> <span class='ocrx_word' id='word_1_37' title='bbox 697 847 779 913; x_wconf 78' lang='grc' dir='ltr'><strong><em>ἄλλο</em></strong></span> <span class='ocrx_word' id='word_1_38' title='bbox 801 852 821 936; x_wconf 81' lang='grc' dir='ltr'><strong><em>ἢ</em></strong></span> <span class='ocrx_word' id='word_1_39' title='bbox 847 849 1054 932; x_wconf 75' lang='grc' dir='ltr'><strong><em>βλεπόμενοι</em></strong></span> <span class='ocrx_word' id='word_1_40' title='bbox 1085 853 1201 934; x_wconf 87' lang='grc' dir='ltr'><strong><em>ὥσπερ</em></strong></span> <span class='ocrx_word' id='word_1_41' title='bbox 1225 853 1262 913; x_wconf 90' lang='grc' dir='ltr'><strong><em>αί</em></strong></span> <span class='ocrx_word' id='word_1_42' title='bbox 1283 848 1421 934; x_wconf 76' lang='grc' dir='ltr'><strong><em>γλαῦκες</em></strong></span> 
     </span>
     <span class='ocr_line' id='line_1_6' title="bbox 119 945 1421 1038; baseline 0.003 -27"><span class='ocrx_word' id='word_1_43' title='bbox 119 945 262 1028; x_wconf 77' lang='grc' dir='ltr'><strong><em>όόχλον</em></strong></span> <span class='ocrx_word' id='word_1_44' title='bbox 291 946 398 1012; x_wconf 85' lang='grc' dir='ltr'><strong><em>πολύν</em></strong></span> <span class='ocrx_word' id='word_1_45' title='bbox 427 948 609 1034; x_wconf 78' lang='grc' dir='ltr'><strong><em>ξυνάγομεν</em></strong></span> <span class='ocrx_word' id='word_1_46' title='bbox 637 951 687 1036; x_wconf 77' lang='grc' dir='ltr'><strong><em>τῷ</em></strong></span> <span class='ocrx_word' id='word_1_47' title='bbox 708 955 781 1016; x_wconf 91' lang='grc' dir='ltr'><strong><em>όντι</em></strong></span> <span class='ocrx_word' id='word_1_48' title='bbox 803 956 944 1038; x_wconf 86' lang='grc' dir='ltr'><strong><em>όρνέων,</em></strong></span> <span class='ocrx_word' id='word_1_49' title='bbox 974 955 1072 1016; x_wconf 89' lang='grc' dir='ltr'><strong><em>αύτοί</em></strong></span> <span class='ocrx_word' id='word_1_50' title='bbox 1099 975 1135 1016; x_wconf 88' lang='grc' dir='ltr'><strong><em>τε</em></strong></span> <span class='ocrx_word' id='word_1_51' title='bbox 1164 955 1257 1029; x_wconf 90' lang='grc' dir='ltr'><strong><em>όντες</em></strong></span> <span class='ocrx_word' id='word_1_52' title='bbox 1285 950 1421 1038; x_wconf 74' lang='grc' dir='ltr'><strong><em>ἠλίθιοι</em></strong></span> 
     </span>
    </p>

    <p class='ocr_par' dir='ltr' id='par_1_3' title="bbox 156 1045 903 1139">
     <span class='ocr_line' id='line_1_7' title="bbox 156 1045 903 1139; baseline 0.008 -25"><span class='ocrx_word' id='word_1_53' title='bbox 156 1053 218 1115; x_wconf 90' lang='grc' dir='ltr'><strong><em>καί</em></strong></span> <span class='ocrx_word' id='word_1_54' title='bbox 241 1045 303 1139; x_wconf 80' lang='grc' dir='ltr'><strong><em>ὑφ’</em></strong></span> <span class='ocrx_word' id='word_1_55' title='bbox 330 1057 452 1137; x_wconf 77' lang='grc' dir='ltr'><strong><em>ἐτέρων</em></strong></span> <span class='ocrx_word' id='word_1_56' title='bbox 475 1057 639 1118; x_wconf 83' lang='grc' dir='ltr'><strong><em>τοιούτων</em></strong></span> <span class='ocrx_word' id='word_1_57' title='bbox 660 1053 903 1136; x_wconf 85' lang='grc' dir='ltr'><strong><em>ἐνοχλούμενοι.</em></strong></span> 
     </span>
    </p>
   </div>
   <div class='ocr_carea' id='block_1_3' title="bbox 503 1575 1079 1663">
    <p class='ocr_par' dir='ltr' id='par_1_4' title="bbox 503 1575 1079 1663">
     <span class='ocr_line' id='line_1_8' title="bbox 503 1575 1079 1663; baseline 0.003 -5"><span class='ocrx_word' id='word_1_58' title='bbox 503 1579 577 1659; x_wconf 81' lang='lat'><strong>(56)</strong></span> <span class='ocrx_word' id='word_1_59' title='bbox 608 1575 763 1663; x_wconf 87' lang='grc' dir='ltr'><strong>ΠΕΡΙ</strong></span> <span class='ocrx_word' id='word_1_60' title='bbox 791 1576 1079 1663; x_wconf 76' lang='grc' dir='ltr'><strong>ΠΙΣΤΕΩΣ.</strong></span> 
     </span>
    </p>
   </div>
   <div class='ocr_carea' id='block_1_4' title="bbox 739 1754 839 1763">
    <p class='ocr_par' dir='ltr' id='par_1_5' title="bbox 739 1754 839 1763">
     <span class='ocr_line' id='line_1_9' title="bbox 739 1754 839 1763; baseline -0.01 -1"><span class='ocrx_word' id='word_1_61' title='bbox 739 1754 839 1763; x_wconf 70' lang='grc' dir='ltr'><strong><em>-ι--ι-</em></strong></span> 
     </span>
    </p>
   </div>
   <div class='ocr_carea' id='block_1_5' title="bbox 5 1848 1465 3796">
    <p class='ocr_par' dir='ltr' id='par_1_6' title="bbox 157 1848 1459 2156">
     <span class='ocr_line' id='line_1_10' title="bbox 243 1848 1459 1954; baseline 0.002 -25"><span class='ocrx_word' id='word_1_62' title='bbox 243 1848 326 1953; x_wconf 76' lang='grc' dir='ltr'><strong><em>Ἅρά</em></strong></span> <span class='ocrx_word' id='word_1_63' title='bbox 349 1888 384 1950; x_wconf 90' lang='grc' dir='ltr'><strong><em>γε</em></strong></span> <span class='ocrx_word' id='word_1_64' title='bbox 407 1872 446 1931; x_wconf 90' lang='grc' dir='ltr'><strong><em>τό</em></strong></span> <span class='ocrx_word' id='word_1_65' title='bbox 470 1873 701 1934; x_wconf 76' lang='grc' dir='ltr'><strong><em>πιστεύεσθαι</em></strong></span> <span class='ocrx_word' id='word_1_66' title='bbox 722 1877 796 1947; x_wconf 85' lang='grc' dir='ltr'><strong><em>τοῖς</em></strong></span> <span class='ocrx_word' id='word_1_67' title='bbox 819 1876 1078 1952; x_wconf 78' lang='grc' dir='ltr'><strong><em>πιστευομένοις</em></strong></span> <span class='ocrx_word' id='word_1_68' title='bbox 1106 1869 1240 1954; x_wconf 80' lang='grc' dir='ltr'><strong><em>ἀγαθόν</em></strong></span> <span class='ocrx_word' id='word_1_69' title='bbox 1267 1872 1342 1932; x_wconf 84' lang='grc' dir='ltr'><strong><em>ἐστι</em></strong></span> <span class='ocrx_word' id='word_1_70' title='bbox 1363 1869 1420 1931; x_wconf 89' lang='grc' dir='ltr'><strong><em>καί</em></strong></span> <span class='ocrx_word' id='word_1_71' title='bbox 1445 1872 1459 1932; x_wconf 92' lang='grc'><strong>1</strong></span> 
     </span>
     <span class='ocr_line' id='line_1_11' title="bbox 157 1969 1422 2055; baseline 0 -21"><span class='ocrx_word' id='word_1_72' title='bbox 157 1979 319 2034; x_wconf 80' lang='grc' dir='ltr'><strong><em>τοιοῦτον</em></strong></span> <span class='ocrx_word' id='word_1_73' title='bbox 343 1971 415 2034; x_wconf 77' lang='grc' dir='ltr'><strong><em>οἷον</em></strong></span> <span class='ocrx_word' id='word_1_74' title='bbox 437 1974 476 2034; x_wconf 91' lang='grc' dir='ltr'><strong><em>τό</em></strong></span> <span class='ocrx_word' id='word_1_75' title='bbox 501 1969 660 2036; x_wconf 81' lang='grc' dir='ltr'><strong><em>πλουτεῖν</em></strong></span> <span class='ocrx_word' id='word_1_76' title='bbox 681 1975 737 2035; x_wconf 91' lang='grc' dir='ltr'><strong><em>καί</em></strong></span> <span class='ocrx_word' id='word_1_77' title='bbox 759 1976 797 2036; x_wconf 89' lang='grc' dir='ltr'><strong><em>τό</em></strong></span> <span class='ocrx_word' id='word_1_78' title='bbox 822 1975 983 2055; x_wconf 78' lang='grc' dir='ltr'><strong><em>ὑγιαίνειν</em></strong></span> <span class='ocrx_word' id='word_1_79' title='bbox 1004 1974 1060 2036; x_wconf 79' lang='grc' dir='ltr'><strong><em>καὶ</em></strong></span> <span class='ocrx_word' id='word_1_80' title='bbox 1088 1976 1127 2035; x_wconf 90' lang='grc' dir='ltr'><strong><em>τό</em></strong></span> <span class='ocrx_word' id='word_1_81' title='bbox 1154 1973 1327 2052; x_wconf 81' lang='grc' dir='ltr'><strong><em>τιμᾶσθαι</em></strong></span> <span class='ocrx_word' id='word_1_82' title='bbox 1348 1977 1422 2046; x_wconf 88' lang='grc' dir='ltr'><strong><em>τοῖς</em></strong></span> 
     </span>
     <span class='ocr_line' id='line_1_12' title="bbox 159 2072 1421 2156; baseline -0.001 -20"><span class='ocrx_word' id='word_1_83' title='bbox 159 2079 371 2155; x_wconf 83' lang='grc' dir='ltr'><strong><em>τιμωμένοις</em></strong></span> <span class='ocrx_word' id='word_1_84' title='bbox 397 2075 454 2136; x_wconf 78' lang='grc' dir='ltr'><strong><em>καὶ</em></strong></span> <span class='ocrx_word' id='word_1_85' title='bbox 480 2075 670 2156; x_wconf 85' lang='grc' dir='ltr'><strong><em>ύγιαίνουσι</em></strong></span> <span class='ocrx_word' id='word_1_86' title='bbox 699 2076 756 2137; x_wconf 88' lang='grc' dir='ltr'><strong><em>καί</em></strong></span> <span class='ocrx_word' id='word_1_87' title='bbox 777 2072 1000 2150; x_wconf 77' lang='grc' dir='ltr'><strong><em>πλουτοῦσιν,</em></strong></span> <span class='ocrx_word' id='word_1_88' title='bbox 1029 2076 1145 2148; x_wconf 82' lang='grc' dir='ltr'><strong><em>αὐτοῖς</em></strong></span> <span class='ocrx_word' id='word_1_89' title='bbox 1177 2075 1318 2150; x_wconf 79' lang='grc' dir='ltr'><strong><em>ἐκείνοις</em></strong></span> <span class='ocrx_word' id='word_1_90' title='bbox 1345 2075 1421 2135; x_wconf 85' lang='grc' dir='ltr'><strong><em>τινά</em></strong></span> 
     </span>
    </p>

    <p class='ocr_par' dir='ltr' id='par_1_7' title="bbox 108 2171 1464 2672">
     <span class='ocr_line' id='line_1_13' title="bbox 108 2171 1422 2263; baseline 0.002 -29"><span class='ocrx_word' id='word_1_91' title='bbox 108 2183 137 2234; x_wconf 84' lang='grc'><strong>10</strong></span> <span class='ocrx_word' id='word_1_92' title='bbox 161 2180 273 2263; x_wconf 84' lang='grc' dir='ltr'><strong><em>φέρον</em></strong></span> <span class='ocrx_word' id='word_1_93' title='bbox 295 2171 463 2260; x_wconf 80' lang='grc' dir='ltr'><strong><em>ὠφέλειαν</em></strong></span> <span class='ocrx_word' id='word_1_94' title='bbox 469 2197 482 2252; x_wconf 92' lang='lat'><strong><em>,·</em></strong></span> <span class='ocrx_word' id='word_1_95' title='bbox 505 2173 588 2259; x_wconf 88' lang='grc' dir='ltr'><strong><em>λέγω</em></strong></span> <span class='ocrx_word' id='word_1_96' title='bbox 613 2173 648 2238; x_wconf 86' lang='grc' dir='ltr'><strong><em>δὲ</em></strong></span> <span class='ocrx_word' id='word_1_97' title='bbox 673 2175 746 2238; x_wconf 92' lang='grc' dir='ltr'><strong><em>οίον</em></strong></span> <span class='ocrx_word' id='word_1_98' title='bbox 768 2173 874 2251; x_wconf 82' lang='grc' dir='ltr'><strong><em>εἴτις</em></strong></span> <span class='ocrx_word' id='word_1_99' title='bbox 897 2173 1045 2261; x_wconf 80' lang='grc' dir='ltr'><strong><em>δημοσίᾳ</em></strong></span> <span class='ocrx_word' id='word_1_100' title='bbox 1067 2179 1161 2255; x_wconf 83' lang='grc' dir='ltr'><strong><em>τύχοι</em></strong></span> <span class='ocrx_word' id='word_1_101' title='bbox 1177 2178 1422 2254; x_wconf 85' lang='grc' dir='ltr'><strong><em>πιστευόμενος</em></strong></span> 
     </span>
     <span class='ocr_line' id='line_1_14' title="bbox 159 2265 1422 2364; baseline -0.002 -24"><span class='ocrx_word' id='word_1_102' title='bbox 159 2280 233 2340; x_wconf 88' lang='grc' dir='ltr'><strong><em>ύπδ</em></strong></span> <span class='ocrx_word' id='word_1_103' title='bbox 262 2285 322 2363; x_wconf 80' lang='grc' dir='ltr'><strong><em>τῆς</em></strong></span> <span class='ocrx_word' id='word_1_104' title='bbox 350 2279 455 2340; x_wconf 81' lang='grc' dir='ltr'><strong><em>αὑτοῦ</em></strong></span> <span class='ocrx_word' id='word_1_105' title='bbox 484 2275 617 2354; x_wconf 88' lang='grc' dir='ltr'><strong><em>πόλεως</em></strong></span> <span class='ocrx_word' id='word_1_106' title='bbox 644 2280 664 2364; x_wconf 79' lang='grc' dir='ltr'><em>ἢ</em></span> <span class='ocrx_word' id='word_1_107' title='bbox 696 2283 813 2363; x_wconf 83' lang='grc' dir='ltr'><strong><em>ἐτέρας</em></strong></span> <span class='ocrx_word' id='word_1_108' title='bbox 843 2278 1005 2362; x_wconf 90' lang='grc' dir='ltr'><strong><em>στρατιάν</em></strong></span> <span class='ocrx_word' id='word_1_109' title='bbox 1038 2265 1059 2362; x_wconf 79' lang='grc' dir='ltr'><em>ἢ</em></span> <span class='ocrx_word' id='word_1_110' title='bbox 1086 2278 1241 2361; x_wconf 81' lang='grc' dir='ltr'><strong><em>χρήματα</em></strong></span> <span class='ocrx_word' id='word_1_111' title='bbox 1271 2265 1291 2361; x_wconf 81' lang='grc' dir='ltr'><em>ἢ</em></span> <span class='ocrx_word' id='word_1_112' title='bbox 1320 2277 1422 2361; x_wconf 87' lang='grc' dir='ltr'><strong><em>τείχη,</em></strong></span> 
     </span>
     <span class='ocr_line' id='line_1_15' title="bbox 160 2371 1425 2466; baseline -0.002 -24"><span class='ocrx_word' id='word_1_113' title='bbox 160 2380 326 2464; x_wconf 83' lang='grc' dir='ltr'><strong><em>καθάπερ</em></strong></span> <span class='ocrx_word' id='word_1_114' title='bbox 355 2377 417 2466; x_wconf 78' lang='grc' dir='ltr'><strong><em>ηδη</em></strong></span> <span class='ocrx_word' id='word_1_115' title='bbox 448 2377 571 2444; x_wconf 88' lang='grc' dir='ltr'><strong><em>πολλοί</em></strong></span> <span class='ocrx_word' id='word_1_116' title='bbox 592 2381 634 2443; x_wconf 85' lang='grc' dir='ltr'><strong><em>τά</em></strong></span> <span class='ocrx_word' id='word_1_117' title='bbox 664 2388 805 2443; x_wconf 79' lang='grc' dir='ltr'><strong><em>τοιαῦτα</em></strong></span> <span class='ocrx_word' id='word_1_118' title='bbox 828 2382 1086 2465; x_wconf 77' lang='grc' dir='ltr'><strong><em>ἐπετράπησαν,</em></strong></span> <span class='ocrx_word' id='word_1_119' title='bbox 1118 2380 1152 2442; x_wconf 89' lang='grc' dir='ltr'><strong><em>οί</em></strong></span> <span class='ocrx_word' id='word_1_120' title='bbox 1182 2375 1217 2441; x_wconf 84' lang='grc' dir='ltr'><strong><em>δέ</em></strong></span> <span class='ocrx_word' id='word_1_121' title='bbox 1240 2381 1297 2442; x_wconf 89' lang='grc' dir='ltr'><strong><em>καί</em></strong></span> <span class='ocrx_word' id='word_1_122' title='bbox 1319 2371 1425 2452; x_wconf 84' lang='grc' dir='ltr'><strong><em>αύτάς</em></strong></span> 
     </span>
     <span class='ocr_line' id='line_1_16' title="bbox 161 2477 1423 2568; baseline -0.004 -22"><span class='ocrx_word' id='word_1_123' title='bbox 161 2485 227 2559; x_wconf 86' lang='grc' dir='ltr'><strong><em>τάς</em></strong></span> <span class='ocrx_word' id='word_1_124' title='bbox 250 2480 369 2558; x_wconf 86' lang='grc' dir='ltr'><strong><em>πόλεις</em></strong></span> <span class='ocrx_word' id='word_1_125' title='bbox 390 2484 475 2563; x_wconf 88' lang='grc' dir='ltr'><strong><em>μετά</em></strong></span> <span class='ocrx_word' id='word_1_126' title='bbox 498 2480 634 2546; x_wconf 91' lang='grc' dir='ltr'><strong><em>παίδων</em></strong></span> <span class='ocrx_word' id='word_1_127' title='bbox 654 2485 712 2546; x_wconf 86' lang='grc' dir='ltr'><strong><em>καί</em></strong></span> <span class='ocrx_word' id='word_1_128' title='bbox 733 2489 898 2566; x_wconf 82' lang='grc' dir='ltr'><strong><em>γυναικῶν</em></strong></span> <span class='ocrx_word' id='word_1_129' title='bbox 918 2484 1052 2568; x_wconf 76' lang='grc' dir='ltr'><strong><em>εἰρήνης</em></strong></span> <span class='ocrx_word' id='word_1_130' title='bbox 1073 2502 1109 2545; x_wconf 87' lang='grc' dir='ltr'><strong><em>τε</em></strong></span> <span class='ocrx_word' id='word_1_131' title='bbox 1133 2482 1236 2568; x_wconf 89' lang='grc' dir='ltr'><strong><em>ούοης</em></strong></span> <span class='ocrx_word' id='word_1_132' title='bbox 1249 2483 1306 2544; x_wconf 86' lang='grc' dir='ltr'><strong><em>καί</em></strong></span> <span class='ocrx_word' id='word_1_133' title='bbox 1322 2477 1423 2542; x_wconf 87' lang='grc' dir='ltr'><strong><em>πολέ-</em></strong></span> 
     </span>
     <span class='ocr_line' id='line_1_17' title="bbox 162 2575 1464 2672; baseline -0.002 -23"><span class='ocrx_word' id='word_1_134' title='bbox 162 2606 231 2666; x_wconf 90' lang='grc' dir='ltr'><strong><em>μου</em></strong></span> <span class='ocrx_word' id='word_1_135' title='bbox 253 2583 503 2666; x_wconf 79' lang='grc' dir='ltr'><strong><em>καταλαβόντος</em></strong></span> <span class='ocrx_word' id='word_1_136' title='bbox 525 2588 643 2665; x_wconf 88' lang='grc' dir='ltr'><strong><em>ἐνίοτε,</em></strong></span> <span class='ocrx_word' id='word_1_137' title='bbox 665 2588 722 2649; x_wconf 87' lang='grc' dir='ltr'><strong><em>καί</em></strong></span> <span class='ocrx_word' id='word_1_138' title='bbox 742 2588 780 2672; x_wconf 81' lang='grc' dir='ltr'><strong><em>νη</em></strong></span> <span class='ocrx_word' id='word_1_139' title='bbox 803 2587 871 2648; x_wconf 90' lang='grc' dir='ltr'><strong><em>Δία</em></strong></span> <span class='ocrx_word' id='word_1_140' title='bbox 893 2584 928 2648; x_wconf 87' lang='grc' dir='ltr'><strong><em>εἴ</em></strong></span> <span class='ocrx_word' id='word_1_141' title='bbox 947 2607 1000 2660; x_wconf 91' lang='grc' dir='ltr'><strong><em>τις</em></strong></span> <span class='ocrx_word' id='word_1_142' title='bbox 1022 2575 1086 2649; x_wconf 77' lang='grc' dir='ltr'><strong><em>ὑπ’</em></strong></span> <span class='ocrx_word' id='word_1_143' title='bbox 1114 2583 1237 2668; x_wconf 82' lang='grc' dir='ltr'><strong><em>ἀνδρὸς</em></strong></span> <span class='ocrx_word' id='word_1_144' title='bbox 1253 2580 1422 2666; x_wconf 83' lang='grc' dir='ltr'><strong><em>βασιλέως</em></strong></span> <span class='ocrx_word' id='word_1_145' title='bbox 1443 2585 1464 2647; x_wconf 86' lang='grc'><strong>2</strong></span> 
     </span>
    </p>

    <p class='ocr_par' dir='ltr' id='par_1_8' title="bbox 5 2685 1424 2774">
     <span class='ocr_line' id='line_1_18' title="bbox 5 2685 1424 2774; baseline 0.001 -29"><span class='ocrx_word' id='word_1_146' title='bbox 5 2697 6 2706; x_wconf 74' lang='grc'>’</span> <span class='ocrx_word' id='word_1_147' title='bbox 113 2689 185 2773; x_wconf 74' lang='grc' dir='ltr'><strong>11η</strong></span> <span class='ocrx_word' id='word_1_148' title='bbox 209 2691 372 2773; x_wconf 89' lang='grc' dir='ltr'><strong><em>τυράννου</em></strong></span> <span class='ocrx_word' id='word_1_149' title='bbox 388 2691 586 2752; x_wconf 90' lang='grc' dir='ltr'><strong><em>πιστεύοιτο</em></strong></span> <span class='ocrx_word' id='word_1_150' title='bbox 607 2690 746 2772; x_wconf 85' lang='grc' dir='ltr'><strong><em>χρυσίον</em></strong></span> <span class='ocrx_word' id='word_1_151' title='bbox 767 2689 962 2774; x_wconf 83' lang='grc' dir='ltr'><strong><em>ἢύργύριον</em></strong></span> <span class='ocrx_word' id='word_1_152' title='bbox 984 2689 1003 2772; x_wconf 74' lang='grc' dir='ltr'><em>ἢ</em></span> <span class='ocrx_word' id='word_1_153' title='bbox 1027 2695 1107 2764; x_wconf 81' lang='grc' dir='ltr'><strong><em>ναῦς</em></strong></span> <span class='ocrx_word' id='word_1_154' title='bbox 1128 2689 1148 2773; x_wconf 83' lang='grc' dir='ltr'><em>ἢ</em></span> <span class='ocrx_word' id='word_1_155' title='bbox 1171 2685 1302 2771; x_wconf 84' lang='grc' dir='ltr'><strong><em>δπλαῆ</em></strong></span> <span class='ocrx_word' id='word_1_156' title='bbox 1327 2686 1424 2768; x_wconf 87' lang='grc' dir='ltr'><strong><em>ἀκρό-</em></strong></span> 
     </span>
    </p>

    <p class='ocr_par' dir='ltr' id='par_1_9' title="bbox 163 2780 1427 3079">
     <span class='ocr_line' id='line_1_19' title="bbox 163 2780 1426 2877; baseline -0.004 -24"><span class='ocrx_word' id='word_1_157' title='bbox 163 2787 269 2853; x_wconf 87' lang='grc' dir='ltr'><strong><em>πολιν</em></strong></span> <span class='ocrx_word' id='word_1_158' title='bbox 297 2780 317 2875; x_wconf 83' lang='grc' dir='ltr'><em>ἢ</em></span> <span class='ocrx_word' id='word_1_159' title='bbox 348 2788 529 2871; x_wconf 88' lang='grc' dir='ltr'><strong><em>ξύμπασαν</em></strong></span> <span class='ocrx_word' id='word_1_160' title='bbox 558 2793 617 2877; x_wconf 81' lang='grc' dir='ltr'><strong><em>την</em></strong></span> <span class='ocrx_word' id='word_1_161' title='bbox 645 2792 764 2876; x_wconf 81' lang='grc' dir='ltr'><strong><em>ἀρχήν,</em></strong></span> <span class='ocrx_word' id='word_1_162' title='bbox 800 2791 916 2875; x_wconf 87' lang='grc' dir='ltr'><strong><em>ὥσπερ</em></strong></span> <span class='ocrx_word' id='word_1_163' title='bbox 945 2791 1124 2876; x_wconf 82' lang='grc' dir='ltr'><strong><em>Λεπτίνης</em></strong></span> <span class='ocrx_word' id='word_1_164' title='bbox 1150 2793 1212 2871; x_wconf 78' lang='grc' dir='ltr'><strong><em>μὲν</em></strong></span> <span class='ocrx_word' id='word_1_165' title='bbox 1243 2787 1336 2872; x_wconf 89' lang='grc' dir='ltr'><strong><em>παρά</em></strong></span> <span class='ocrx_word' id='word_1_166' title='bbox 1364 2793 1426 2848; x_wconf 89' lang='grc' dir='ltr'><strong><em>τού</em></strong></span> 
     </span>
     <span class='ocr_line' id='line_1_20' title="bbox 165 2889 1427 2978; baseline -0.003 -24"><span class='ocrx_word' id='word_1_167' title='bbox 165 2889 320 2978; x_wconf 80' lang='grc' dir='ltr'><strong><em>ἀδελφοῦ</em></strong></span> <span class='ocrx_word' id='word_1_168' title='bbox 341 2891 506 2968; x_wconf 87' lang='grc' dir='ltr'><strong><em>πολλάκις</em></strong></span> <span class='ocrx_word' id='word_1_169' title='bbox 528 2895 744 2977; x_wconf 76' lang='grc' dir='ltr'><strong><em>Συρακούσας</em></strong></span> <span class='ocrx_word' id='word_1_170' title='bbox 767 2890 954 2978; x_wconf 87' lang='grc' dir='ltr'><strong><em>παρέλαβε,</em></strong></span> <span class='ocrx_word' id='word_1_171' title='bbox 990 2889 1155 2968; x_wconf 81' lang='grc' dir='ltr'><strong><em>Φίλιστος</em></strong></span> <span class='ocrx_word' id='word_1_172' title='bbox 1184 2890 1219 2955; x_wconf 86' lang='grc' dir='ltr'><strong><em>δὲ</em></strong></span> <span class='ocrx_word' id='word_1_173' title='bbox 1248 2891 1342 2975; x_wconf 87' lang='grc' dir='ltr'><strong><em>παρά</em></strong></span> <span class='ocrx_word' id='word_1_174' title='bbox 1365 2895 1427 2951; x_wconf 82' lang='grc' dir='ltr'><strong><em>τού</em></strong></span> 
     </span>
     <span class='ocr_line' id='line_1_21' title="bbox 163 2990 1424 3079; baseline -0.004 -22"><span class='ocrx_word' id='word_1_175' title='bbox 163 2999 330 3078; x_wconf 84' lang='grc' dir='ltr'><strong><em>νεωτέρου</em></strong></span> <span class='ocrx_word' id='word_1_176' title='bbox 352 2995 553 3072; x_wconf 84' lang='grc' dir='ltr'><strong><em>Διονυσίου,</em></strong></span> <span class='ocrx_word' id='word_1_177' title='bbox 586 2997 689 3077; x_wconf 92' lang='grc' dir='ltr'><strong><em>μάγοι</em></strong></span> <span class='ocrx_word' id='word_1_178' title='bbox 712 2992 748 3057; x_wconf 84' lang='grc' dir='ltr'><strong><em>δὲ</em></strong></span> <span class='ocrx_word' id='word_1_179' title='bbox 772 2996 866 3079; x_wconf 85' lang='grc' dir='ltr'><strong><em>παρά</em></strong></span> <span class='ocrx_word' id='word_1_180' title='bbox 888 2995 1075 3077; x_wconf 81' lang='grc' dir='ltr'><strong><em>Καμβύσου</em></strong></span> <span class='ocrx_word' id='word_1_181' title='bbox 1097 2995 1139 3056; x_wconf 90' lang='grc' dir='ltr'><strong><em>τά</em></strong></span> <span class='ocrx_word' id='word_1_182' title='bbox 1161 2995 1305 3078; x_wconf 88' lang='grc' dir='ltr'><strong><em>Περσῶν</em></strong></span> <span class='ocrx_word' id='word_1_183' title='bbox 1326 2990 1424 3074; x_wconf 83' lang='grc' dir='ltr'><strong><em>βασλ-</em></strong></span> 
     </span>
    </p>

    <p class='ocr_par' dir='ltr' id='par_1_10' title="bbox 167 3093 1425 3181">
     <span class='ocr_line' id='line_1_22' title="bbox 167 3093 1425 3181; baseline -0.004 -22"><span class='ocrx_word' id='word_1_184' title='bbox 167 3093 259 3174; x_wconf 88' lang='grc' dir='ltr'><strong><em>λεια,</em></strong></span> <span class='ocrx_word' id='word_1_185' title='bbox 282 3099 337 3158; x_wconf 90' lang='grc' dir='ltr'><strong><em>ότε</em></strong></span> <span class='ocrx_word' id='word_1_186' title='bbox 360 3098 410 3171; x_wconf 88' lang='grc' dir='ltr'><strong><em>είς</em></strong></span> <span class='ocrx_word' id='word_1_187' title='bbox 432 3094 613 3178; x_wconf 85' lang='grc' dir='ltr'><strong><em>Αἴγυπτον</em></strong></span> <span class='ocrx_word' id='word_1_188' title='bbox 635 3098 865 3181; x_wconf 89' lang='grc' dir='ltr'><strong><em>ἐστρατεύετο,</em></strong></span> <span class='ocrx_word' id='word_1_189' title='bbox 889 3097 983 3181; x_wconf 85' lang='grc' dir='ltr'><strong><em>παρά</em></strong></span> <span class='ocrx_word' id='word_1_190' title='bbox 1007 3094 1043 3159; x_wconf 83' lang='grc' dir='ltr'><strong><em>δὲ</em></strong></span> <span class='ocrx_word' id='word_1_191' title='bbox 1065 3097 1214 3181; x_wconf 88' lang='grc' dir='ltr'><strong><em>Δαρείου</em></strong></span> <span class='ocrx_word' id='word_1_192' title='bbox 1238 3095 1425 3178; x_wconf 77' lang='grc' dir='ltr'><strong><em>Μιθράνης</em></strong></span> 
     </span>
    </p>

    <p class='ocr_par' dir='ltr' id='par_1_11' title="bbox 33 3187 1424 3394">
     <span class='ocr_line' id='line_1_23' title="bbox 114 3187 1424 3284; baseline -0.003 -24"><span class='ocrx_word' id='word_1_193' title='bbox 114 3203 147 3254; x_wconf 84' lang='grc'><strong><em>20</em></strong></span> <span class='ocrx_word' id='word_1_194' title='bbox 169 3201 230 3284; x_wconf 82' lang='grc' dir='ltr'><strong><em>τήν</em></strong></span> <span class='ocrx_word' id='word_1_195' title='bbox 252 3195 409 3282; x_wconf 86' lang='grc' dir='ltr'><strong><em>Σάρδεων</em></strong></span> <span class='ocrx_word' id='word_1_196' title='bbox 433 3194 629 3280; x_wconf 84' lang='grc' dir='ltr'><strong><em>ἀκρόπολιν,</em></strong></span> <span class='ocrx_word' id='word_1_197' title='bbox 651 3200 824 3283; x_wconf 86' lang='grc' dir='ltr'><strong><em>Περσαῖος</em></strong></span> <span class='ocrx_word' id='word_1_198' title='bbox 848 3196 883 3262; x_wconf 79' lang='grc' dir='ltr'><strong><em>δὲ</em></strong></span> <span class='ocrx_word' id='word_1_199' title='bbox 907 3198 1001 3284; x_wconf 87' lang='grc' dir='ltr'><strong><em>παρά</em></strong></span> <span class='ocrx_word' id='word_1_200' title='bbox 1019 3191 1211 3281; x_wconf 83' lang='grc' dir='ltr'><strong><em>Ἀντιγόνου</em></strong></span> <span class='ocrx_word' id='word_1_201' title='bbox 1233 3200 1292 3260; x_wconf 89' lang='grc' dir='ltr'><strong><em>τόν</em></strong></span> <span class='ocrx_word' id='word_1_202' title='bbox 1310 3187 1424 3280; x_wconf 81' lang='grc' dir='ltr'><strong><em>Ἀκρο-</em></strong></span> 
     </span>
     <span class='ocr_line' id='line_1_24' title="bbox 33 3290 1424 3394; baseline -0.003 -31"><span class='ocrx_word' id='word_1_203' title='bbox 33 3291 109 3392; x_wconf 53' lang='grc' dir='ltr'><strong><em>ηξξξ</em></strong></span> <span class='ocrx_word' id='word_1_204' title='bbox 118 3290 153 3394; x_wconf 62' lang='lat' dir='ltr'><strong><em>ff}</em></strong></span> <span class='ocrx_word' id='word_1_205' title='bbox 166 3301 348 3382; x_wconf 86' lang='grc' dir='ltr'><strong><em>κόρινθον,</em></strong></span> <span class='ocrx_word' id='word_1_206' title='bbox 378 3298 466 3363; x_wconf 90' lang='grc' dir='ltr'><strong><em>πολύ</em></strong></span> <span class='ocrx_word' id='word_1_207' title='bbox 490 3297 526 3362; x_wconf 80' lang='grc' dir='ltr'><strong><em>δὲ</em></strong></span> <span class='ocrx_word' id='word_1_208' title='bbox 548 3303 677 3363; x_wconf 89' lang='grc' dir='ltr'><strong><em>τούτων</em></strong></span> <span class='ocrx_word' id='word_1_209' title='bbox 704 3305 870 3386; x_wconf 89' lang='grc' dir='ltr'><strong><em>πρότερον</em></strong></span> <span class='ocrx_word' id='word_1_210' title='bbox 890 3293 1025 3387; x_wconf 84' lang='grc' dir='ltr'><strong><em>Ἀτρεύς</em></strong></span> <span class='ocrx_word' id='word_1_211' title='bbox 1048 3292 1133 3386; x_wconf 77' lang='grc' dir='ltr'><strong><em>παρ’</em></strong></span> <span class='ocrx_word' id='word_1_212' title='bbox 1158 3300 1364 3382; x_wconf 73' lang='grc' dir='ltr'><strong><em>Εὐρυσθέως</em></strong></span> <span class='ocrx_word' id='word_1_213' title='bbox 1386 3301 1424 3360; x_wconf 90' lang='grc' dir='ltr'><strong><em>τό</em></strong></span> 
     </span>
    </p>

    <p class='ocr_par' dir='ltr' id='par_1_12' title="bbox 160 3393 1425 3489">
     <span class='ocr_line' id='line_1_25' title="bbox 160 3393 1425 3489; baseline -0.002 -25"><span class='ocrx_word' id='word_1_214' title='bbox 160 3395 300 3486; x_wconf 79' lang='grc' dir='ltr'><strong><em>Ἄργος,</em></strong></span> <span class='ocrx_word' id='word_1_215' title='bbox 328 3405 383 3464; x_wconf 89' lang='grc' dir='ltr'><strong><em>δτε</em></strong></span> <span class='ocrx_word' id='word_1_216' title='bbox 405 3404 601 3484; x_wconf 81' lang='grc' dir='ltr'><strong><em>Εύρυσθεύς</em></strong></span> <span class='ocrx_word' id='word_1_217' title='bbox 623 3393 681 3465; x_wconf 80' lang='grc' dir='ltr'><strong><em>ἐπ’</em></strong></span> <span class='ocrx_word' id='word_1_218' title='bbox 704 3395 855 3489; x_wconf 76' lang='grc' dir='ltr'><strong><em>Ἀθήνας</em></strong></span> <span class='ocrx_word' id='word_1_219' title='bbox 878 3406 1115 3488; x_wconf 88' lang='grc' dir='ltr'><strong><em>ἐστρατεύετο,</em></strong></span> <span class='ocrx_word' id='word_1_220' title='bbox 1145 3404 1203 3464; x_wconf 88' lang='grc' dir='ltr'><strong><em>οόκ</em></strong></span> <span class='ocrx_word' id='word_1_221' title='bbox 1224 3398 1425 3464; x_wconf 90' lang='grc' dir='ltr'><strong><em>ἐκδιδόντων</em></strong></span> 
     </span>
    </p>

    <p class='ocr_par' dir='ltr' id='par_1_13' title="bbox 163 3493 1425 3589">
     <span class='ocr_line' id='line_1_26' title="bbox 163 3493 1425 3589; baseline -0.001 -24"><span class='ocrx_word' id='word_1_222' title='bbox 163 3493 361 3589; x_wconf 83' lang='grc' dir='ltr'><strong><em>Ἀθηναίων</em></strong></span> <span class='ocrx_word' id='word_1_223' title='bbox 383 3507 462 3581; x_wconf 91' lang='grc' dir='ltr'><strong><em>τούς</em></strong></span> <span class='ocrx_word' id='word_1_224' title='bbox 480 3496 680 3589; x_wconf 87' lang='grc' dir='ltr'><strong><em>Ἡρακλέους</em></strong></span> <span class='ocrx_word' id='word_1_225' title='bbox 703 3502 851 3581; x_wconf 84' lang='grc' dir='ltr'><strong><em>παῖδας·</em></strong></span> <span class='ocrx_word' id='word_1_226' title='bbox 881 3507 900 3568; x_wconf 90' lang='grc' dir='ltr'><strong><em>ό</em></strong></span> <span class='ocrx_word' id='word_1_227' title='bbox 929 3503 965 3567; x_wconf 77' lang='grc' dir='ltr'><strong><em>δέ</em></strong></span> <span class='ocrx_word' id='word_1_228' title='bbox 994 3507 1069 3580; x_wconf 80' lang='grc' dir='ltr'><strong><em>υἱός</em></strong></span> <span class='ocrx_word' id='word_1_229' title='bbox 1097 3507 1203 3567; x_wconf 81' lang='grc' dir='ltr'><strong><em>αύτού</em></strong></span> <span class='ocrx_word' id='word_1_230' title='bbox 1224 3505 1242 3565; x_wconf 89' lang='grc' dir='ltr'><strong><em>ό</em></strong></span> <span class='ocrx_word' id='word_1_231' title='bbox 1261 3495 1425 3584; x_wconf 82' lang='grc' dir='ltr'><strong><em>Ἀγαμέμ-</em></strong></span> 
     </span>
    </p>

    <p class='ocr_par' dir='ltr' id='par_1_14' title="bbox 104 3604 1465 3796">
     <span class='ocr_line' id='line_1_27' title="bbox 169 3604 1425 3694; baseline -0.003 -24"><span class='ocrx_word' id='word_1_232' title='bbox 169 3629 252 3685; x_wconf 89' lang='grc' dir='ltr'><strong><em>νων,</em></strong></span> <span class='ocrx_word' id='word_1_233' title='bbox 280 3608 377 3694; x_wconf 79' lang='grc' dir='ltr'><strong><em>ηνίκα</em></strong></span> <span class='ocrx_word' id='word_1_234' title='bbox 400 3609 460 3670; x_wconf 83' lang='grc' dir='ltr'><strong><em>ἐπί</em></strong></span> <span class='ocrx_word' id='word_1_235' title='bbox 484 3609 609 3688; x_wconf 90' lang='grc' dir='ltr'><strong><em>Τροίαν</em></strong></span> <span class='ocrx_word' id='word_1_236' title='bbox 632 3605 749 3685; x_wconf 85' lang='grc' dir='ltr'><strong><em>έπλει,</em></strong></span> <span class='ocrx_word' id='word_1_237' title='bbox 780 3607 931 3691; x_wconf 77' lang='grc' dir='ltr'><strong><em>μουσικῷ</em></strong></span> <span class='ocrx_word' id='word_1_238' title='bbox 963 3604 1060 3692; x_wconf 85' lang='grc' dir='ltr'><strong><em>ἀνδρί</em></strong></span> <span class='ocrx_word' id='word_1_239' title='bbox 1088 3608 1268 3669; x_wconf 87' lang='grc' dir='ltr'><strong><em>ἐπίστευσε</em></strong></span> <span class='ocrx_word' id='word_1_240' title='bbox 1290 3607 1349 3690; x_wconf 78' lang='grc' dir='ltr'><strong><em>την</em></strong></span> <span class='ocrx_word' id='word_1_241' title='bbox 1371 3623 1425 3685; x_wconf 86' lang='grc' dir='ltr'><strong><em>γυ-</em></strong></span> 
     </span>
     <span class='ocr_line' id='line_1_28' title="bbox 104 3709 1465 3796; baseline -0.002 -25"><span class='ocrx_word' id='word_1_242' title='bbox 104 3713 147 3764; x_wconf 71' lang='grc'><strong><em>·21</em></strong></span> <span class='ocrx_word' id='word_1_243' title='bbox 169 3712 267 3771; x_wconf 89' lang='grc' dir='ltr'><strong><em>ναΐκα</em></strong></span> <span class='ocrx_word' id='word_1_244' title='bbox 295 3711 352 3772; x_wconf 83' lang='grc' dir='ltr'><strong><em>καὶ</em></strong></span> <span class='ocrx_word' id='word_1_245' title='bbox 373 3711 433 3796; x_wconf 76' lang='grc' dir='ltr'><strong><em>την</em></strong></span> <span class='ocrx_word' id='word_1_246' title='bbox 461 3711 570 3772; x_wconf 89' lang='grc' dir='ltr'><strong><em>οίκίαν</em></strong></span> <span class='ocrx_word' id='word_1_247' title='bbox 591 3744 633 3753; x_wconf 95' lang='grc'>-</span> <span class='ocrx_word' id='word_1_248' title='bbox 656 3713 796 3786; x_wconf 91' lang='grc' dir='ltr'><strong><em>τούτους</em></strong></span> <span class='ocrx_word' id='word_1_249' title='bbox 824 3711 979 3785; x_wconf 85' lang='grc' dir='ltr'><strong><em>ἅπαντας</em></strong></span> <span class='ocrx_word' id='word_1_250' title='bbox 1009 3716 1125 3795; x_wconf 80' lang='grc' dir='ltr'><strong><em>φῶμεν</em></strong></span> <span class='ocrx_word' id='word_1_251' title='bbox 1155 3710 1234 3784; x_wconf 90' lang='grc' dir='ltr'><strong><em>τούς</em></strong></span> <span class='ocrx_word' id='word_1_252' title='bbox 1264 3709 1465 3769; x_wconf 88' lang='grc' dir='ltr'><strong><em>πιστευο-3</em></strong></span> 
     </span>
    </p>
   </div>
   <div class='ocr_carea' id='block_1_6' title="bbox 167 3936 1429 4608">
    <p class='ocr_par' dir='ltr' id='par_1_15' title="bbox 167 3936 1429 4608">
     <span class='ocr_line' id='line_1_29' title="bbox 255 3936 1427 4009; baseline 0.003 -14"><span class='ocrx_word' id='word_1_253' title='bbox 255 3946 266 3995; x_wconf 92' lang='grc'><strong>1</strong></span> <span class='ocrx_word' id='word_1_254' title='bbox 286 3936 460 3999; x_wconf 82' lang='grc' dir='ltr'><strong><em>παλεύουσαι</em></strong></span> <span class='ocrx_word' id='word_1_255' title='bbox 478 3956 528 4009; x_wconf 82' lang='lat' dir='ltr'><strong><em>pro</em></strong></span> <span class='ocrx_word' id='word_1_256' title='bbox 546 3941 730 3999; x_wconf 81' lang='grc' dir='ltr'><strong><em>δουλεύουσαι</em></strong></span> <span class='ocrx_word' id='word_1_257' title='bbox 749 3942 914 3997; x_wconf 78' lang='lat' dir='ltr'>Hemrden</span> <span class='ocrx_word' id='word_1_258' title='bbox 931 3957 965 3997; x_wconf 81' lang='lat' dir='ltr'><strong><em>ex</em></strong></span> <span class='ocrx_word' id='word_1_259' title='bbox 982 3942 1066 3997; x_wconf 75' lang='lat' dir='ltr'><strong>Arist.</strong></span> <span class='ocrx_word' id='word_1_260' title='bbox 1085 3943 1134 3997; x_wconf 78' lang='grc' dir='ltr'><strong><em>Δτ.</em></strong></span> <span class='ocrx_word' id='word_1_261' title='bbox 1155 3944 1230 3997; x_wconf 81' lang='grc'><strong>1082.</strong></span> <span class='ocrx_word' id='word_1_262' title='bbox 1250 3944 1281 3996; x_wconf 76' lang='lat' dir='ltr'><strong><em>Si</em></strong></span> <span class='ocrx_word' id='word_1_263' title='bbox 1374 3944 1427 3998; x_wconf 84' lang='grc' dir='ltr'><strong><em>τοῦ</em></strong></span> 
     </span>
     <span class='ocr_line' id='line_1_30' title="bbox 167 4017 1429 4099; baseline 0.002 -17"><span class='ocrx_word' id='word_1_264' title='bbox 167 4043 217 4096; x_wconf 85' lang='lat' dir='ltr'><strong><em>pro</em></strong></span> <span class='ocrx_word' id='word_1_265' title='bbox 234 4021 353 4099; x_wconf 73' lang='grc' dir='ltr'><strong><em>τὴνΗΡ</em></strong></span> <span class='ocrx_word' id='word_1_266' title='bbox 431 4030 508 4084; x_wconf 70' lang='lat' dir='ltr'><strong><em>itai</em></strong></span> <span class='ocrx_word' id='word_1_267' title='bbox 526 4027 603 4084; x_wconf 71' lang='grc'><strong>1111</strong></span> <span class='ocrx_word' id='word_1_268' title='bbox 672 4017 1130 4096; x_wconf 76' lang='grc' dir='ltr'><strong><em>δμοιονΒ,1υῑ1ι1ο.εεοττ.</em></strong></span> <span class='ocrx_word' id='word_1_269' title='bbox 1214 4023 1384 4096; x_wconf 80' lang='grc' dir='ltr'><strong><em>1α1Ειυρ.,</em></strong></span> <span class='ocrx_word' id='word_1_270' title='bbox 1402 4027 1429 4084; x_wconf 84' lang='grc' dir='ltr'><strong><em>εἰ</em></strong></span> 
     </span>
     <span class='ocr_line' id='line_1_31' title="bbox 168 4105 1425 4184; baseline 0.002 -18"><span class='ocrx_word' id='word_1_271' title='bbox 168 4111 230 4166; x_wconf 85' lang='lat' dir='ltr'><strong>libri</strong></span> <span class='ocrx_word' id='word_1_272' title='bbox 300 4106 442 4169; x_wconf 74' lang='grc' dir='ltr'><strong><em>έπολλὺν</em></strong></span> <span class='ocrx_word' id='word_1_273' title='bbox 458 4111 487 4164; x_wconf 82' lang='lat' dir='ltr'>M</span> <span class='ocrx_word' id='word_1_274' title='bbox 571 4117 600 4166; x_wconf 91' lang='grc'><strong><em>11</em></strong></span> <span class='ocrx_word' id='word_1_275' title='bbox 621 4105 711 4170; x_wconf 76' lang='grc' dir='ltr'><strong><em>αὐτοῦ</em></strong></span> <span class='ocrx_word' id='word_1_276' title='bbox 727 4112 798 4180; x_wconf 80' lang='lat' dir='ltr'><strong>libii,</strong></span> <span class='ocrx_word' id='word_1_277' title='bbox 816 4128 886 4169; x_wconf 85' lang='lat' dir='ltr'>corr.</span> <span class='ocrx_word' id='word_1_278' title='bbox 904 4113 984 4182; x_wconf 79' lang='lat' dir='ltr'><strong>Emp.</strong></span> <span class='ocrx_word' id='word_1_279' title='bbox 1074 4105 1214 4184; x_wconf 79' lang='grc' dir='ltr'><strong><em>στρατιὰν</em></strong></span> <span class='ocrx_word' id='word_1_280' title='bbox 1232 4112 1322 4181; x_wconf 68' lang='grc' dir='ltr'><strong><em>Εωρ,</em></strong></span> <span class='ocrx_word' id='word_1_281' title='bbox 1339 4130 1425 4181; x_wconf 88' lang='grc' dir='ltr'><strong><em>στρα-</em></strong></span> 
     </span>
     <span class='ocr_line' id='line_1_32' title="bbox 168 4191 1426 4267; baseline 0.002 -14"><span class='ocrx_word' id='word_1_282' title='bbox 168 4199 250 4254; x_wconf 87' lang='grc' dir='ltr'><strong><em>τείαν</em></strong></span> <span class='ocrx_word' id='word_1_283' title='bbox 265 4197 328 4253; x_wconf 84' lang='lat' dir='ltr'><strong>libri</strong></span> <span class='ocrx_word' id='word_1_284' title='bbox 399 4201 430 4251; x_wconf 78' lang='lat'><strong><em>14</em></strong></span> <span class='ocrx_word' id='word_1_285' title='bbox 447 4191 498 4254; x_wconf 73' lang='grc' dir='ltr'><strong><em>ὑπ’</em></strong></span> <span class='ocrx_word' id='word_1_286' title='bbox 516 4197 606 4267; x_wconf 82' lang='lat' dir='ltr'>Emp.,</span> <span class='ocrx_word' id='word_1_287' title='bbox 624 4191 679 4255; x_wconf 75' lang='grc' dir='ltr'><strong><em>ἄπ’</em></strong></span> <span class='ocrx_word' id='word_1_288' title='bbox 696 4197 759 4253; x_wconf 89' lang='lat' dir='ltr'><strong>libri</strong></span> <span class='ocrx_word' id='word_1_289' title='bbox 831 4203 860 4251; x_wconf 80' lang='lat'><strong><em>¹5</em></strong></span> <span class='ocrx_word' id='word_1_290' title='bbox 880 4196 1010 4256; x_wconf 85' lang='grc' dir='ltr'><strong><em>πιστεύοι</em></strong></span> <span class='ocrx_word' id='word_1_291' title='bbox 1027 4194 1103 4255; x_wconf 82' lang='grc' dir='ltr'><strong><em>τὸΡ</em></strong></span> <span class='ocrx_word' id='word_1_292' title='bbox 1167 4200 1197 4250; x_wconf 84' lang='grc'><strong>16</strong></span> <span class='ocrx_word' id='word_1_293' title='bbox 1214 4196 1345 4265; x_wconf 71' lang='lat' dir='ltr'><strong>Leptim</strong></span> <span class='ocrx_word' id='word_1_294' title='bbox 1363 4196 1426 4251; x_wconf 81' lang='lat' dir='ltr'><strong>Dio·</strong></span> 
     </span>
     <span class='ocr_line' id='line_1_33' title="bbox 168 4274 1357 4356; baseline 0.001 -21"><span class='ocrx_word' id='word_1_295' title='bbox 168 4282 240 4352; x_wconf 73' lang='lat' dir='ltr'><strong>nysii</strong></span> <span class='ocrx_word' id='word_1_296' title='bbox 256 4282 366 4338; x_wconf 73' lang='lat' dir='ltr'><strong>maioris</strong></span> <span class='ocrx_word' id='word_1_297' title='bbox 382 4279 468 4336; x_wconf 72' lang='lat' dir='ltr'><strong>frater</strong></span> <span class='ocrx_word' id='word_1_298' title='bbox 543 4286 574 4335; x_wconf 84' lang='grc'><strong>17</strong></span> <span class='ocrx_word' id='word_1_299' title='bbox 593 4278 794 4355; x_wconf 84' lang='grc' dir='ltr'><strong><em>συρακούσοας</em></strong></span> <span class='ocrx_word' id='word_1_300' title='bbox 811 4283 865 4337; x_wconf 85' lang='lat' dir='ltr'><strong><em>Bii</em></strong></span> <span class='ocrx_word' id='word_1_301' title='bbox 883 4274 1024 4356; x_wconf 77' lang='grc' dir='ltr'><strong><em>αυρακαύι</em></strong></span> <span class='ocrx_word' id='word_1_302' title='bbox 1036 4300 1103 4348; x_wconf 72' lang='lat' dir='ltr'><strong><em>:cac</em></strong></span> <span class='ocrx_word' id='word_1_303' title='bbox 1120 4285 1192 4346; x_wconf 84' lang='lat' dir='ltr'><strong>(cum</strong></span> <span class='ocrx_word' id='word_1_304' title='bbox 1210 4291 1315 4344; x_wconf 70' lang='lat' dir='ltr'><strong>rasura)</strong></span> <span class='ocrx_word' id='word_1_305' title='bbox 1334 4280 1357 4336; x_wconf 89' lang='lat' dir='ltr'>U</span> 
     </span>
     <span class='ocr_line' id='line_1_34' title="bbox 170 4361 1375 4440; baseline 0.002 -21"><span class='ocrx_word' id='word_1_306' title='bbox 170 4370 201 4420; x_wconf 78' lang='lat'><strong><em>18</em></strong></span> <span class='ocrx_word' id='word_1_307' title='bbox 215 4370 268 4424; x_wconf 80' lang='grc' dir='ltr'><strong><em>τοῦ</em></strong></span> <span class='ocrx_word' id='word_1_308' title='bbox 278 4361 429 4440; x_wconf 82' lang='grc' dir='ltr'><strong><em>καμβύσου</em></strong></span> <span class='ocrx_word' id='word_1_309' title='bbox 439 4365 466 4421; x_wconf 87' lang='lat' dir='ltr'><strong><em>ii</em></strong></span> <span class='ocrx_word' id='word_1_310' title='bbox 522 4371 552 4421; x_wconf 83' lang='lat'><strong><em>19</em></strong></span> <span class='ocrx_word' id='word_1_311' title='bbox 565 4365 713 4423; x_wconf 73' lang='lat' dir='ltr'><strong>Mithrem</strong></span> <span class='ocrx_word' id='word_1_312' title='bbox 724 4369 801 4424; x_wconf 75' lang='lat' dir='ltr'><strong>audit</strong></span> <span class='ocrx_word' id='word_1_313' title='bbox 814 4367 934 4425; x_wconf 83' lang='lat' dir='ltr'><strong>Diodoro</strong></span> <span class='ocrx_word' id='word_1_314' title='bbox 945 4374 975 4424; x_wconf 83' lang='lat' dir='ltr'><strong><em>et</em></strong></span> <span class='ocrx_word' id='word_1_315' title='bbox 985 4368 1089 4432; x_wconf 73' lang='lat' dir='ltr'><strong>Curtio,</strong></span> <span class='ocrx_word' id='word_1_316' title='bbox 1107 4366 1250 4422; x_wconf 74' lang='lat' dir='ltr'><strong><em>iiiithrInen</em></strong></span> <span class='ocrx_word' id='word_1_317' title='bbox 1260 4367 1375 4423; x_wconf 73' lang='lat' dir='ltr'><strong>Am&#39;ano</strong></span> 
     </span>
     <span class='ocr_line' id='line_1_35' title="bbox 167 4445 1424 4525; baseline 0 -19"><span class='ocrx_word' id='word_1_318' title='bbox 167 4447 376 4523; x_wconf 82' lang='grc' dir='ltr'><strong><em>μηθράνηςῦΒ</em></strong></span> <span class='ocrx_word' id='word_1_319' title='bbox 447 4449 920 4525; x_wconf 73' lang='grc' dir='ltr'><strong><em>2οπερσεύςό111111ρεεείεε11</em></strong></span> <span class='ocrx_word' id='word_1_320' title='bbox 988 4448 1059 4524; x_wconf 84' lang='grc' dir='ltr'><strong><em>παρ’</em></strong></span> <span class='ocrx_word' id='word_1_321' title='bbox 1080 4452 1111 4507; x_wconf 87' lang='grc'><strong><em>11</em></strong></span> <span class='ocrx_word' id='word_1_322' title='bbox 1178 4455 1208 4507; x_wconf 91' lang='grc'><strong>21</strong></span> <span class='ocrx_word' id='word_1_323' title='bbox 1229 4445 1424 4522; x_wconf 77' lang='grc' dir='ltr'><strong><em>εύρυσθίοςῑί</em></strong></span> 
     </span>
     <span class='ocr_line' id='line_1_36' title="bbox 169 4528 1426 4608; baseline 0.002 -21"><span class='ocrx_word' id='word_1_324' title='bbox 169 4549 203 4588; x_wconf 86' lang='lat' dir='ltr'><strong><em>m.</em></strong></span> <span class='ocrx_word' id='word_1_325' title='bbox 222 4534 304 4604; x_wconf 82' lang='lat' dir='ltr'><strong>pr.B</strong></span> <span class='ocrx_word' id='word_1_326' title='bbox 372 4539 405 4590; x_wconf 87' lang='grc'><strong><em>22</em></strong></span> <span class='ocrx_word' id='word_1_327' title='bbox 423 4528 595 4608; x_wconf 85' lang='grc' dir='ltr'><strong><em>εύρασθέυυς</em></strong></span> <span class='ocrx_word' id='word_1_328' title='bbox 612 4535 642 4590; x_wconf 75' lang='lat' dir='ltr'><strong>M</strong></span> <span class='ocrx_word' id='word_1_329' title='bbox 722 4540 755 4590; x_wconf 85' lang='grc'><strong><em>23</em></strong></span> <span class='ocrx_word' id='word_1_330' title='bbox 775 4530 864 4594; x_wconf 74' lang='grc' dir='ltr'><strong><em>αὐτοῦ</em></strong></span> <span class='ocrx_word' id='word_1_331' title='bbox 882 4552 934 4593; x_wconf 85' lang='lat' dir='ltr'><strong><em>om.</em></strong></span> <span class='ocrx_word' id='word_1_332' title='bbox 952 4537 979 4592; x_wconf 87' lang='grc' dir='ltr'>Η</span> <span class='ocrx_word' id='word_1_333' title='bbox 996 4555 1030 4594; x_wconf 85' lang='lat' dir='ltr'><strong><em>m.</em></strong></span> <span class='ocrx_word' id='word_1_334' title='bbox 1049 4553 1091 4608; x_wconf 86' lang='lat' dir='ltr'><strong><em>pr.</em></strong></span> <span class='ocrx_word' id='word_1_335' title='bbox 1178 4541 1211 4592; x_wconf 80' lang='grc'><strong>21</strong></span> <span class='ocrx_word' id='word_1_336' title='bbox 1228 4535 1359 4596; x_wconf 82' lang='grc' dir='ltr'><strong><em>ἐπίστευε</em></strong></span> <span class='ocrx_word' id='word_1_337' title='bbox 1378 4536 1426 4590; x_wconf 86' lang='grc' dir='ltr'><strong><em>ΒΗ</em></strong></span> 
     </span>
    </p>
   </div>
   <div class='ocr_carea' id='block_1_7' title="bbox 0 0 1791 5264">
    <p class='ocr_par' dir='ltr' id='par_1_16' title="bbox 0 0 1791 5264">
     <span class='ocr_line' id='line_1_37' title="bbox 0 0 1791 5264; baseline 0 0"><span class='ocrx_word' id='word_1_338' title='bbox 0 0 1791 5264; x_wconf 95' lang='lat' dir='ltr'><strong><em> </em></strong></span> 
     </span>
    </p>
   </div>
  </div>
 </body>
</html>
