3526 5264
653 365 789 423 ORATIO
807 365 957 425 LXXVIII.

331 541 458 624 Τρώων
480 527 563 603 ἀνθ’
589 541 708 602 ἐκατόν
730 560 766 602 τε
790 537 972 627 διηκοσίων
994 563 1031 606 τε
1053 541 1195 618 ἕκαστος

43 652 166 705 ‹mn›
331 644 539 728 στήσεσθαι·

175 746 255 820 τούς
278 740 314 807 δὲ
345 745 466 820 αύτούς
496 748 637 820 τούτους
665 746 740 820 ένός
769 745 958 829 ἀνθρώπου
986 752 1249 828 κατατρέχοντος
1276 749 1333 812 καί
1356 746 1436 812 διά·

69 856 119 907 (000
131 855 163 908 11)
176 865 294 921 κοντος
309 843 554 932 προτροπάδην
572 848 767 932 φεύγοντας,
791 842 988 926 ξύμπαντας
1011 849 1050 910 ού
1067 853 1293 934 φαινομένους
1308 851 1435 913 ἐκείνου

138 957 153 1006 15
177 944 301 1025 ἀξίους.
351 944 436 1010 ἀλλὰ
463 951 529 1035 μήν
552 939 627 1010 οὐδ’
658 944 782 1034 ήδονάς
808 969 905 1024 τινας
933 951 1036 1012 σίτων
1057 951 1078 1035 ἢ
1102 956 1218 1013 ποτῶν
1246 952 1266 1036 ἢ
1290 947 1433 1036 ἀφροδι-
1446 952 1488 1018 18

176 1051 259 1112 σίων
280 1051 300 1135 ἢ
323 1052 478 1132 γυναικός
498 1047 622 1126 κάλλος
648 1050 668 1134 ή
699 1047 825 1125 παιδός
856 1051 946 1134 ὥραν
974 1053 1200 1132 τεθαυμακὼς
1227 1052 1435 1117 καὶτούτων

174 1152 357 1232 ἐπιθυμῶν
378 1154 435 1216 καί
455 1149 584 1235 μεχάλα
612 1154 812 1238 ήχούμενος,
842 1149 1073 1233 εὐδαιμονίζοι
1099 1148 1178 1237 <άν>
1207 1157 1286 1230 τούς
1316 1159 1435 1237 τυχχά-

173 1274 294 1330 νοντας
317 1246 437 1332 αὐτῶν,
461 1257 640 1338 σατράπας
661 1256 718 1317 καλ
741 1253 907 1330 δυνάστας
924 1258 1033 1343 καλνή
1050 1257 1119 1319 Δία
1134 1256 1325 1338 βαναύσους
1340 1258 1437 1328 τινάς

174 1357 231 1418 καὶ
254 1356 458 1442 οἰκότριβας,
483 1353 764 1442 πεπλουτηκότας
786 1359 866 1432 τούς
887 1359 948 1437 μὲν
971 1358 1042 1419 ἀπό
1065 1366 1125 1444 τῆς
1146 1363 1272 1444 τέχνης,
1294 1360 1375 1434 τούς
1399 1354 1435 1421 δέ

122 1466 151 1518 10
172 1458 214 1520 τά
237 1465 305 1521 τῶν
328 1455 504 1521 δεσποτῶν
526 1461 811 1545 ὑφαιρουμένους·
835 1461 936 1522 αὐτόν
960 1456 996 1522 δὲ
1022 1461 1183 1545 οἰκτείροι
1204 1469 1264 1546 τής
1286 1461 1437 1544 ἀπορίας

175 1581 212 1623 τε
233 1561 290 1624 καί
318 1560 460 1644 ἐρημίας
487 1563 617 1623 τούτων
645 1568 712 1623 τῶν
742 1561 884 1642 ἀγαθῶν
905 1562 962 1624 καλ
983 1565 1100 1646 ήχοῖτο
1123 1553 1160 1623 σι’
1186 1569 1253 1624 τῶν
1275 1554 1435 1641 εὐτυχῶν·

176 1658 232 1725 διά
257 1659 293 1724 δέ
316 1670 415 1725 τοῦτο
438 1665 579 1738 ἐκείνοις
603 1664 739 1749 φθονοῖ
755 1664 812 1725 καλ
839 1660 1059 1744 ἐπιβουλεύοι
1087 1666 1200 1725 πάντα
1229 1667 1358 1749 τρόπον
1379 1665 1437 1729 καὶ

175 1756 300 1844 τύχοιτ’
326 1766 367 1828 ἂν
389 1761 589 1828 ἀπολέσθαι
612 1757 743 1842 αὐτούς.
787 1767 808 1851 ή
831 1767 889 1829 καί
911 1767 1176 1850 συγχωρήσωμεν
1197 1767 1256 1828 τόν
1281 1772 1434 1849 χενναῖον
1446 1772 1489 1836 19

176 1864 282 1952 ἄνδρα
304 1869 361 1930 καί
381 1864 619 1953 μεγαλόφρονα
649 1871 688 1931 τό
718 1875 785 1930 τῶν
813 1874 920 1931 κυνῶν
950 1889 986 1930 τε
1015 1870 1072 1932 καί
1102 1868 1223 1930 ίππων
1245 1872 1302 1933 καί
1323 1867 1435 1933 ἄλλων

122 1975 152 2028 11
176 1969 309 2054 θηρίων
332 1971 549 2033 πεπονθέναι
572 1971 701 2047 πάθος,
725 1971 746 2030 ά
770 1961 808 2032 οὗ
832 1967 973 2033 δύναται
989 1975 1140 2051 κατέχειν
1163 1974 1286 2054 ἐτέρων
1308 1973 1436 2052 ἐμπιμ-

178 2069 359 2152 πλαμένων
388 2093 424 2135 τε
449 2074 506 2136 καί
535 2069 729 2151 ὀχευόντων,
752 2068 837 2134 ἀλλὰ
864 2069 1065 2152 χαλεπαίνει
1091 2075 1149 2136 καί
1175 2073 1359 2154 ἀγανακτεῖ
1380 2076 1438 2138 καί

178 2169 346 2259 ὀργίζεται
370 2179 443 2248 τοῖς
465 2169 681 2236 ἀπολαύουσι
702 2175 759 2236 καὶ
787 2176 907 2254 ἕτοιμοι
936 2169 1111 2258 ἐπιπηδᾶν
1139 2175 1196 2238 καί
1226 2173 1357 2240 δάκνειν
1379 2177 1437 2239 καί

175 2279 342 2361 κυρίττειν
362 2277 419 2338 καλ
442 2278 553 2338 πάντα
576 2278 706 2360 τρόπον
721 2272 881 2360 ἀλλήλοις
898 2273 1059 2356 πολεμεῖν
1081 2269 1156 2360 [ἐτι]
1172 2279 1334 2362 περὶτῶν
1355 2274 1436 2363 ήδο-

40 2386 261 2443 mmmmm·
289 2380 440 2442 κάκεῖνον
464 2379 571 2454 οδτως
594 2379 681 2458 ἔχειν
704 2385 821 2464 φῶμεν
828 2427 837 2456 ,
867 2380 914 2454 ὡς
945 2376 1173 2461 δμολοχοῦντα
1195 2382 1324 2443 τούτων
1348 2379 1438 2444 εἶναί

121 2487 152 2538 20
176 2504 211 2546 τι
235 2479 424 2545 σπουδαῖον
446 2483 582 2544 καὶτὸν
604 2477 894 2564 Σαρδανάπαλλον
916 2484 1099 2566 ήχούμενον
1122 2477 1284 2568 ζηλωτόν,
1307 2481 1347 2558 ὃς
1368 2485 1434 2569 ἐφη

177 2581 372 2648 διατελέσαι
400 2587 459 2647 τόν
486 2585 562 2666 βίον
592 2575 821 2664 εὐωχούμενός
848 2604 884 2646 τε
912 2586 969 2648 καί
997 2579 1140 2670 ὑβρίζων
1161 2585 1247 2665 μετά
1270 2577 1436 2665 εὐνούχων

175 2690 232 2751 καλ
252 2695 427 2771 γυναικῶν,
449 2689 506 2750 καί
529 2683 586 2750 διὰ
602 2694 701 2748 τούτο
725 2681 926 2771 ζηλοτυπεῖν
949 2679 1051 2750 αὐτόν
1073 2689 1132 2803 τήν
1154 2695 1222 2750 τῶν
1244 2690 1375 2770 τράγων
1399 2707 1435 2750 τε

175 2793 232 2854 καί
248 2793 333 2854 όνων
349 2781 567 2871 εὐδαιμονίαν
573 2812 586 2866 ,·
607 2821 649 2834 ·-
664 2789 724 2876 Μή
748 2789 811 2873 γάρ
827 2778 904 2852 οῧδέ
920 2781 1055 2872 εὐσεβὲς
1068 2783 1126 2875 (η)
1141 2790 1183 2852 τά
1198 2795 1339 2854 τοιαῦτα
1355 2791 1435 2874 περί
1447 2790 1489 2855 30

175 2901 238 2956 τοῦ
257 2895 396 2978 μετρίου
418 2894 475 2955 καί
497 2890 772 2972 πεπαιδευμένου
796 2888 1026 2978 διανοηθῆναί
1054 2911 1139 2955 ποτε
1168 2889 1299 2975 ἀνδρός.
1329 2925 1372 2936 -
1392 2893 1434 2954 Δ.

127 2999 159 3050 10
184 2987 313 3059 Οὐκοῦν
329 2996 360 3058 εί
381 2996 465 3079 μήτε
489 2991 545 3057 διά
569 2991 670 3070 δόξαν
691 2994 775 3077 μήτε
799 2990 856 3056 διὰ
868 2995 1023 3079 χρήματα
1038 2995 1123 3079 μήτε
1137 2986 1184 3057 δι’
1209 2990 1334 3080 ήδονὰς
1348 2994 1436 3078 βρώ-

178 3098 305 3182 σεωνῆ
336 3099 472 3159 πόσεων
499 3097 519 3180 ή
547 3093 673 3175 μίξεων
701 3097 803 3158 αὑτόν
830 3097 851 3181 ή
881 3092 984 3158 άλλον
1013 3095 1124 3159 οίεται
1150 3099 1317 3180 μακάριον
1346 3091 1432 3180 μηδὲ

176 3196 263 3275 ὅλως
286 3197 375 3261 είναί
396 3218 430 3259 τι
452 3204 519 3259 τῶν
541 3198 706 3259 τοιούτων
729 3199 993 3282 περιμάχητονή
1017 3200 1141 3279 τίμιον,
1166 3190 1226 3261 οὐκ
1249 3200 1290 3261 ἂν
1314 3195 1434 3283 διαφέ-

176 3321 275 3387 ροιτο
298 3301 380 3384 περὶ
403 3291 512 3362 αὐτῶν
536 3290 611 3361 οὐδ’
637 3300 678 3361 ἂν
695 3299 903 3384 φθονήσειεν
920 3291 1030 3363 οὐδενὶ
1047 3302 1192 3379 ἐκείνων,
1215 3293 1272 3382 (οὗ
1293 3295 1438 3384 μᾶλλον)

177 3407 196 3490 ή
219 3412 280 3489 τῆς
302 3405 446 3485 ψάμμου
468 3408 528 3487 της
550 3402 610 3463 ἐπὶ
631 3404 705 3476 τοῖς
727 3398 897 3484 αἰγιαλοῖς
918 3403 938 3487 ἢ
961 3409 1028 3465 τῶν
1049 3405 1206 3484 κυμάτων
1227 3410 1290 3465 τού
1315 3405 1435 3488 ψόφου

127 3509 158 3562 10
179 3527 216 3569 τε
237 3508 294 3570 καὶ
314 3508 395 3592 ήχου
417 3508 491 3578 τοῖς
514 3505 601 3587 πρός
622 3510 663 3589 τῇ
686 3500 841 3588 θαλάττῃ
865 3506 1031 3567 οίκοῦσιν·
1062 3495 1135 3568 οὐδ’
1168 3505 1203 3568 εἴ
1226 3525 1273 3586 τῳ
1294 3505 1433 3586 χρυσίον
1446 3509 1485 3573 31

266 3779 277 3828 1
297 3773 453 3844 άιηκοοίοις
471 3771 500 3826 Μ
520 3771 555 3827 εί.
573 3770 652 3826 Hom.
671 3771 703 3825 11.
720 3769 787 3826 VIII
799 3772 902 3840 msq.
993 3771 1201 3843 1κατέχοντος
1216 3771 1281 3828 libri
1297 3773 1437 3844 κατατρέ-

176 3878 283 3932 χοντος
300 3858 415 3916 σοιτ.1]
485 3853 634 3914 λέκείνου
651 3855 777 3923 (1111111),
794 3852 922 3923 ἐκείνους
939 3855 1001 3911 libri
1056 3851 1177 3925 ὅάξίως
1195 3857 1219 3913 U
1237 3857 1272 3912 cf.
1289 3857 1369 3913 Hom.
1388 3857 1436 3914 11.

178 3949 229 4004 νῦν
246 3939 274 4004 δ’
292 3939 356 4004 οὐδ’
375 3942 443 4013 ἐνὸς
460 3940 537 4012 άξιοί
555 3938 634 4012 εἰμεν
701 3936 739 4014 μὴ
757 3934 797 4000 δι’
815 3958 865 4011 pro
883 3935 939 4014 μὴν
957 3933 1020 4000 οὐδ’
1038 3943 1069 3996 II
1124 3944 1225 4000 σιτίων
1235 3943 1284 4000 1111
1355 3946 1437 4002 exal

178 4031 281 4088 011111
297 4049 334 4089 m.
352 4048 396 4102 pr.
466 4029 573 4102 ῖμέχα
592 4029 622 4083 M
682 4023 898 4086 (1111119111.
965 4032 996 4082 10
1014 4020 1105 4085 αὐτὸν
1121 4027 1194 4088 1111
1264 4035 1293 4084 11
1314 4023 1437 4102 άχαθῶν

180 4117 307 4189 (18111111,
324 4113 492 4191 ἀνθρώπων
514 4115 577 4171 libri
678 4117 728 4171 καὶ
750 4129 802 4169 om.
825 4113 875 4170 ΠΒ
981 4117 1012 4168 11
1035 4108 1157 4181 ἐκείνοις
1178 4115 1305 4186 oassnb„
1326 4111 1437 4183 ἐκεῖνος

178 4204 241 4260 llbri
310 4207 343 4258 11
360 4199 379 4276 ἢ
396 4219 449 4260 om.
466 4201 516 4258 UB
573 4191 797 4274 συγχωρήσομεν
813 4198 862 4254 UB
932 4202 963 4253 1⁵
981 4197 1204 4270 ἐμπιπλαμένων
1221 4200 1275 4256 ΒΜ
1345 4204 1376 4256 18
1393 4221 1436 4257 κι-

180 4279 292 4360 ρίιτειν
309 4289 339 4343 M
361 4290 504 4359 κυρίττειν
526 4288 566 4352 (at
582 4306 600 4341 v
616 4289 645 4340 et
661 4307 671 4342 ι
689 4299 706 4341 κ
722 4288 804 4352 corr.)
827 4283 853 4341 U
956 4279 997 4342 ἔτι
1014 4285 1079 4342 secl.
1098 4284 1171 4350 wil„
1190 4281 1252 4342 ἐστι
1269 4284 1349 4355 Emp.

184 4377 214 4428 19
231 4366 368 4431 κάκεῖνον
387 4373 512 4440 (11111111,
529 4367 648 4430 κάκεῖνο
666 4370 729 4426 libri
780 4375 813 4426 10
832 4369 1091 4444 ααρδανάπαλονΒ
1142 4363 1309 4442 ἧχουμὲναιν
1321 4371 1351 4426 M

179 4451 349 4598 δηᾱρτρθήη
358 4457 388 4512 11
457 4461 492 4513 13
510 4446 528 4530 β
545 4456 608 4514 εδδ.
628 4456 725 4526 ΡίὶαςΙτ
806 4460 838 4512 15
855 4453 992 4530 βράσεων
1008 4455 1035 4513 U
1052 4472 1087 4512 m.
1105 4470 1147 4527 pr.
1218 4459 1251 4512 18
1271 4451 1437 4528 οὐμᾶλλον

180 4555 197 4597 ε
238 4582 246 4598 .
316 4557 366 4597 se
