<?xml version="1.0" encoding="UTF-8"?>
<!DOCTYPE html PUBLIC "-//W3C//DTD XHTML 1.0 Transitional//EN"
    "http://www.w3.org/TR/xhtml1/DTD/xhtml1-transitional.dtd">
<html xmlns="http://www.w3.org/1999/xhtml" xml:lang="en" lang="en">
 <head>
  <title>
</title>
<meta http-equiv="Content-Type" content="text/html;charset=utf-8" />
  <meta name='ocr-system' content='tesseract 3.04.00' />
  <meta name='ocr-capabilities' content='ocr_page ocr_carea ocr_par ocr_line ocrx_word'/>
</head>
<body>
  <div class='ocr_page' id='page_1' title='image "./quaeexstantomni01diogoog_0426.png"; bbox 0 0 3476 5264; ppageno 0'>
   <div class='ocr_carea' id='block_1_1' title="bbox 616 385 1377 448">
    <p class='ocr_par' dir='ltr' id='par_1_1' title="bbox 616 385 1377 448">
     <span class='ocr_line' id='line_1_1' title="bbox 616 385 1377 448; baseline 0 -2"><span class='ocrx_word' id='word_1_1' title='bbox 616 387 757 447; x_wconf 72' lang='lat' dir='ltr'>ORATIO</span> <span class='ocrx_word' id='word_1_2' title='bbox 775 389 879 448; x_wconf 81' lang='lat' dir='ltr'><strong><em>xm.</em></strong></span> <span class='ocrx_word' id='word_1_3' title='bbox 1317 385 1377 448; x_wconf 79' lang='lat'><strong><em>287</em></strong></span> 
     </span>
    </p>
   </div>
   <div class='ocr_carea' id='block_1_2' title="bbox 12 555 1428 3619">
    <p class='ocr_par' dir='ltr' id='par_1_2' title="bbox 12 555 1428 3619">
     <span class='ocr_line' id='line_1_2' title="bbox 121 555 1380 656; baseline -0.007 -23"><span class='ocrx_word' id='word_1_4' title='bbox 121 589 220 652; x_wconf 89' lang='grc' dir='ltr'><strong><em>μενοι</em></strong></span> <span class='ocrx_word' id='word_1_5' title='bbox 243 567 279 633; x_wconf 75' lang='grc' dir='ltr'><strong><em>δὲ</em></strong></span> <span class='ocrx_word' id='word_1_6' title='bbox 301 571 370 632; x_wconf 88' lang='grc' dir='ltr'><strong><em>ύπδ</em></strong></span> <span class='ocrx_word' id='word_1_7' title='bbox 393 576 454 656; x_wconf 88' lang='grc' dir='ltr'><strong><em>τῆς</em></strong></span> <span class='ocrx_word' id='word_1_8' title='bbox 477 569 568 653; x_wconf 81' lang='grc' dir='ltr'><strong><em>ὥρας</em></strong></span> <span class='ocrx_word' id='word_1_9' title='bbox 591 567 625 628; x_wconf 82' lang='lat' dir='ltr'><strong><em>ol</em></strong></span> <span class='ocrx_word' id='word_1_10' title='bbox 642 569 896 649; x_wconf 86' lang='grc' dir='ltr'><strong><em>ἐντυγχάνοντες</em></strong></span> <span class='ocrx_word' id='word_1_11' title='bbox 917 562 1040 640; x_wconf 88' lang='grc' dir='ltr'><strong><em>κάλλος</em></strong></span> <span class='ocrx_word' id='word_1_12' title='bbox 1063 555 1167 650; x_wconf 82' lang='grc' dir='ltr'><strong><em>αύτῆν</em></strong></span> <span class='ocrx_word' id='word_1_13' title='bbox 1190 564 1380 645; x_wconf 78' lang='grc' dir='ltr'><strong><em>ὠνόμασαν,</em></strong></span> 
     </span>
     <span class='ocr_line' id='line_1_3' title="bbox 123 662 1421 759; baseline -0.005 -25"><span class='ocrx_word' id='word_1_14' title='bbox 123 673 298 759; x_wconf 77' lang='grc' dir='ltr'><strong><em>ἀνθούσης</em></strong></span> <span class='ocrx_word' id='word_1_15' title='bbox 314 673 368 734; x_wconf 79' lang='grc' dir='ltr'><strong><em>ἀεὶ</em></strong></span> <span class='ocrx_word' id='word_1_16' title='bbox 382 678 443 756; x_wconf 90' lang='grc' dir='ltr'><strong><em>τῆς</em></strong></span> <span class='ocrx_word' id='word_1_17' title='bbox 458 670 564 756; x_wconf 90' lang='grc' dir='ltr'><strong><em>ἀκμῆς</em></strong></span> <span class='ocrx_word' id='word_1_18' title='bbox 579 671 614 732; x_wconf 89' lang='grc' dir='ltr'><strong><em>ἐν</em></strong></span> <span class='ocrx_word' id='word_1_19' title='bbox 631 671 743 732; x_wconf 91' lang='grc' dir='ltr'><strong><em>άπασι</em></strong></span> <span class='ocrx_word' id='word_1_20' title='bbox 757 669 815 732; x_wconf 85' lang='grc' dir='ltr'><strong><em>καί</em></strong></span> <span class='ocrx_word' id='word_1_21' title='bbox 836 662 937 751; x_wconf 79' lang='grc' dir='ltr'><strong><em>ζῴοις</em></strong></span> <span class='ocrx_word' id='word_1_22' title='bbox 957 667 1015 729; x_wconf 83' lang='grc' dir='ltr'><strong><em>καί</em></strong></span> <span class='ocrx_word' id='word_1_23' title='bbox 1032 671 1163 752; x_wconf 90' lang='grc' dir='ltr'><strong><em>φυτοῖς.</em></strong></span> <span class='ocrx_word' id='word_1_24' title='bbox 1203 667 1379 740; x_wconf 81' lang='grc' dir='ltr'><strong><em>τοιούτους</em></strong></span> <span class='ocrx_word' id='word_1_25' title='bbox 1402 667 1421 728; x_wconf 87' lang='lat'><strong>5</strong></span> 
     </span>
     <span class='ocr_line' id='line_1_4' title="bbox 121 761 1380 858; baseline -0.006 -22"><span class='ocrx_word' id='word_1_26' title='bbox 121 777 183 856; x_wconf 84' lang='grc' dir='ltr'><strong><em>μὲν</em></strong></span> <span class='ocrx_word' id='word_1_27' title='bbox 200 773 258 838; x_wconf 87' lang='grc' dir='ltr'><strong><em>οδν</em></strong></span> <span class='ocrx_word' id='word_1_28' title='bbox 271 775 414 858; x_wconf 83' lang='grc' dir='ltr'><strong><em>μυρίους</em></strong></span> <span class='ocrx_word' id='word_1_29' title='bbox 429 773 469 836; x_wconf 89' lang='grc' dir='ltr'><strong><em>ἀν</em></strong></span> <span class='ocrx_word' id='word_1_30' title='bbox 486 771 579 855; x_wconf 88' lang='grc' dir='ltr'><strong><em>εύροι</em></strong></span> <span class='ocrx_word' id='word_1_31' title='bbox 594 790 647 845; x_wconf 90' lang='grc' dir='ltr'><strong><em>τις</em></strong></span> <span class='ocrx_word' id='word_1_32' title='bbox 662 772 741 846; x_wconf 89' lang='grc' dir='ltr'><strong><em>τούς</em></strong></span> <span class='ocrx_word' id='word_1_33' title='bbox 757 761 879 845; x_wconf 84' lang='grc' dir='ltr'><strong><em>αύτούς</em></strong></span> <span class='ocrx_word' id='word_1_34' title='bbox 895 770 951 831; x_wconf 84' lang='grc' dir='ltr'><strong><em>δτέ</em></strong></span> <span class='ocrx_word' id='word_1_35' title='bbox 966 771 1029 850; x_wconf 82' lang='grc' dir='ltr'><strong><em>μὲν</em></strong></span> <span class='ocrx_word' id='word_1_36' title='bbox 1044 765 1167 844; x_wconf 88' lang='grc' dir='ltr'><strong><em>καλούς</em></strong></span> <span class='ocrx_word' id='word_1_37' title='bbox 1189 765 1380 843; x_wconf 81' lang='grc' dir='ltr'><strong><em>δοκοῦντας,</em></strong></span> 
     </span>
     <span class='ocr_line' id='line_1_5' title="bbox 12 861 1379 958; baseline -0.004 -20"><span class='ocrx_word' id='word_1_38' title='bbox 12 877 180 938; x_wconf 62' lang='lat' dir='ltr'><strong>mimici</strong></span> <span class='ocrx_word' id='word_1_39' title='bbox 198 873 234 939; x_wconf 82' lang='grc' dir='ltr'><strong><em>δὲ</em></strong></span> <span class='ocrx_word' id='word_1_40' title='bbox 251 877 420 958; x_wconf 81' lang='grc' dir='ltr'><strong><em>αἰσχρούς,</em></strong></span> <span class='ocrx_word' id='word_1_41' title='bbox 440 874 498 936; x_wconf 85' lang='grc' dir='ltr'><strong><em>καί</em></strong></span> <span class='ocrx_word' id='word_1_42' title='bbox 513 877 586 948; x_wconf 88' lang='grc' dir='ltr'><strong><em>τοῖς</em></strong></span> <span class='ocrx_word' id='word_1_43' title='bbox 600 873 662 953; x_wconf 77' lang='grc' dir='ltr'><strong><em>μέν</em></strong></span> <span class='ocrx_word' id='word_1_44' title='bbox 685 869 820 958; x_wconf 90' lang='grc' dir='ltr'><strong><em>σφόδρα</em></strong></span> <span class='ocrx_word' id='word_1_45' title='bbox 843 872 1057 956; x_wconf 83' lang='grc' dir='ltr'><strong><em>ἀρέσκοντας,</em></strong></span> <span class='ocrx_word' id='word_1_46' title='bbox 1078 861 1166 956; x_wconf 81' lang='grc' dir='ltr'><strong><em>παρ’</em></strong></span> <span class='ocrx_word' id='word_1_47' title='bbox 1191 874 1321 952; x_wconf 84' lang='grc' dir='ltr'><strong><em>έτίροις</em></strong></span> <span class='ocrx_word' id='word_1_48' title='bbox 1344 865 1379 932; x_wconf 83' lang='grc' dir='ltr'><strong><em>δὲ</em></strong></span> 
     </span>
     <span class='ocr_line' id='line_1_6' title="bbox 86 968 1381 1060; baseline -0.003 -24"><span class='ocrx_word' id='word_1_49' title='bbox 86 973 262 1053; x_wconf 73' lang='grc' dir='ltr'><strong><em>οούδενός</em></strong></span> <span class='ocrx_word' id='word_1_50' title='bbox 291 974 390 1060; x_wconf 92' lang='grc' dir='ltr'><strong><em>λόγου</em></strong></span> <span class='ocrx_word' id='word_1_51' title='bbox 419 977 651 1058; x_wconf 87' lang='grc' dir='ltr'><strong><em>τυγχάνοντας.</em></strong></span> <span class='ocrx_word' id='word_1_52' title='bbox 703 971 885 1060; x_wconf 85' lang='grc' dir='ltr'><strong><em>ὀλόκληρον</em></strong></span> <span class='ocrx_word' id='word_1_53' title='bbox 914 971 951 1037; x_wconf 76' lang='grc' dir='ltr'><strong><em>δέ</em></strong></span> <span class='ocrx_word' id='word_1_54' title='bbox 978 974 1035 1037; x_wconf 91' lang='grc' dir='ltr'><strong><em>καί</em></strong></span> <span class='ocrx_word' id='word_1_55' title='bbox 1063 969 1230 1059; x_wconf 88' lang='grc' dir='ltr'><strong><em>ἀληθινόν</em></strong></span> <span class='ocrx_word' id='word_1_56' title='bbox 1258 968 1381 1046; x_wconf 87' lang='grc' dir='ltr'><strong><em>κάλλος</em></strong></span> 
     </span>
     <span class='ocr_line' id='line_1_7' title="bbox 121 1074 1422 1164; baseline -0.007 -21"><span class='ocrx_word' id='word_1_57' title='bbox 121 1081 327 1161; x_wconf 85' lang='grc' dir='ltr'><strong><em>θαυμαστόν</em></strong></span> <span class='ocrx_word' id='word_1_58' title='bbox 355 1077 392 1142; x_wconf 82' lang='grc' dir='ltr'><strong><em>εἴ</em></strong></span> <span class='ocrx_word' id='word_1_59' title='bbox 414 1099 461 1160; x_wconf 85' lang='grc' dir='ltr'><strong><em>τῳ</em></strong></span> <span class='ocrx_word' id='word_1_60' title='bbox 490 1074 637 1164; x_wconf 87' lang='grc' dir='ltr'><strong><em>ύπῆρξεν</em></strong></span> <span class='ocrx_word' id='word_1_61' title='bbox 661 1078 777 1162; x_wconf 85' lang='grc' dir='ltr'><strong><em>ὥσπερ</em></strong></span> <span class='ocrx_word' id='word_1_62' title='bbox 805 1074 903 1160; x_wconf 74' lang='grc' dir='ltr'><strong><em>τηῖδε.</em></strong></span> <span class='ocrx_word' id='word_1_63' title='bbox 947 1077 1134 1140; x_wconf 83' lang='grc' dir='ltr'><strong><em>ἐνᾶπαντι</em></strong></span> <span class='ocrx_word' id='word_1_64' title='bbox 1160 1077 1222 1158; x_wconf 79' lang='grc' dir='ltr'><strong><em>μὲν</em></strong></span> <span class='ocrx_word' id='word_1_65' title='bbox 1247 1076 1310 1157; x_wconf 88' lang='grc' dir='ltr'><strong><em>γάρ</em></strong></span> <span class='ocrx_word' id='word_1_66' title='bbox 1332 1079 1382 1156; x_wconf 76' lang='grc' dir='ltr'><strong><em>τῷ</em></strong></span> <span class='ocrx_word' id='word_1_67' title='bbox 1419 1127 1422 1134; x_wconf 91' lang='grc'>.</span> 
     </span>
     <span class='ocr_line' id='line_1_8' title="bbox 123 1176 1381 1266; baseline -0.006 -21"><span class='ocrx_word' id='word_1_68' title='bbox 123 1185 260 1263; x_wconf 88' lang='grc' dir='ltr'><strong><em>σώματι</em></strong></span> <span class='ocrx_word' id='word_1_69' title='bbox 282 1183 437 1266; x_wconf 74' lang='grc' dir='ltr'><strong><em>ἐκέκτητο</em></strong></span> <span class='ocrx_word' id='word_1_70' title='bbox 461 1176 554 1257; x_wconf 88' lang='grc' dir='ltr'><strong><em>αύτδ,</em></strong></span> <span class='ocrx_word' id='word_1_71' title='bbox 577 1180 631 1242; x_wconf 83' lang='grc' dir='ltr'><strong><em>ἀεί</em></strong></span> <span class='ocrx_word' id='word_1_72' title='bbox 653 1176 689 1242; x_wconf 83' lang='grc' dir='ltr'><strong><em>δέ</em></strong></span> <span class='ocrx_word' id='word_1_73' title='bbox 713 1180 850 1259; x_wconf 88' lang='grc' dir='ltr'><strong><em>δμοίως,</em></strong></span> <span class='ocrx_word' id='word_1_74' title='bbox 870 1179 928 1242; x_wconf 85' lang='grc' dir='ltr'><strong><em>καί</em></strong></span> <span class='ocrx_word' id='word_1_75' title='bbox 949 1181 1017 1263; x_wconf 90' lang='grc' dir='ltr'><strong><em>πρδ</em></strong></span> <span class='ocrx_word' id='word_1_76' title='bbox 1040 1179 1124 1264; x_wconf 78' lang='grc' dir='ltr'><strong><em>ῆβης</em></strong></span> <span class='ocrx_word' id='word_1_77' title='bbox 1144 1179 1203 1242; x_wconf 85' lang='grc' dir='ltr'><strong><em>καί</em></strong></span> <span class='ocrx_word' id='word_1_78' title='bbox 1224 1179 1381 1262; x_wconf 81' lang='grc' dir='ltr'><strong><em>ὕστερον·</em></strong></span> 
     </span>
     <span class='ocr_line' id='line_1_9' title="bbox 120 1272 1381 1369; baseline -0.006 -23"><span class='ocrx_word' id='word_1_79' title='bbox 120 1285 178 1347; x_wconf 82' lang='grc' dir='ltr'><strong><em>καί</em></strong></span> <span class='ocrx_word' id='word_1_80' title='bbox 201 1275 262 1346; x_wconf 88' lang='grc' dir='ltr'><strong><em>ούκ</em></strong></span> <span class='ocrx_word' id='word_1_81' title='bbox 285 1285 326 1346; x_wconf 89' lang='grc' dir='ltr'><strong><em>άν</em></strong></span> <span class='ocrx_word' id='word_1_82' title='bbox 348 1301 435 1345; x_wconf 87' lang='grc' dir='ltr'><strong><em>ποτε</em></strong></span> <span class='ocrx_word' id='word_1_83' title='bbox 456 1283 517 1345; x_wconf 85' lang='grc' dir='ltr'><strong><em>ἐπί</em></strong></span> <span class='ocrx_word' id='word_1_84' title='bbox 538 1289 701 1345; x_wconf 83' lang='grc' dir='ltr'><strong><em>τοσούτον</em></strong></span> <span class='ocrx_word' id='word_1_85' title='bbox 723 1289 786 1344; x_wconf 84' lang='grc' dir='ltr'><strong><em>τού</em></strong></span> <span class='ocrx_word' id='word_1_86' title='bbox 794 1278 917 1366; x_wconf 87' lang='grc' dir='ltr'><strong><em>χρόνου</em></strong></span> <span class='ocrx_word' id='word_1_87' title='bbox 934 1278 1120 1369; x_wconf 88' lang='grc' dir='ltr'><strong><em>προῆλθεν,</em></strong></span> <span class='ocrx_word' id='word_1_88' title='bbox 1145 1272 1222 1343; x_wconf 82' lang='grc' dir='ltr'><strong><em>ούδέ</em></strong></span> <span class='ocrx_word' id='word_1_89' title='bbox 1237 1280 1269 1342; x_wconf 89' lang='grc' dir='ltr'><strong><em>εί</em></strong></span> <span class='ocrx_word' id='word_1_90' title='bbox 1291 1280 1381 1340; x_wconf 91' lang='grc' dir='ltr'><strong><em>πάνυ</em></strong></span> 
     </span>
     <span class='ocr_line' id='line_1_10' title="bbox 121 1379 1382 1472; baseline -0.005 -23"><span class='ocrx_word' id='word_1_91' title='bbox 121 1393 254 1472; x_wconf 77' lang='grc' dir='ltr'><strong><em>μακροῦ</em></strong></span> <span class='ocrx_word' id='word_1_92' title='bbox 273 1387 384 1472; x_wconf 81' lang='grc' dir='ltr'><strong><em>γήρως</em></strong></span> <span class='ocrx_word' id='word_1_93' title='bbox 399 1386 521 1464; x_wconf 80' lang='grc' dir='ltr'><strong><em>ἔτυχεν,</em></strong></span> <span class='ocrx_word' id='word_1_94' title='bbox 545 1385 633 1446; x_wconf 82' lang='grc' dir='ltr'><strong><em>ὥστε</em></strong></span> <span class='ocrx_word' id='word_1_95' title='bbox 655 1384 861 1469; x_wconf 81' lang='grc' dir='ltr'><strong><em>ἀμαυρῶσαι</em></strong></span> <span class='ocrx_word' id='word_1_96' title='bbox 875 1386 914 1446; x_wconf 89' lang='grc' dir='ltr'><strong><em>τδ</em></strong></span> <span class='ocrx_word' id='word_1_97' title='bbox 930 1381 1031 1460; x_wconf 88' lang='grc' dir='ltr'><strong><em>εἶδος.</em></strong></span> <span class='ocrx_word' id='word_1_98' title='bbox 1068 1385 1247 1469; x_wconf 83' lang='grc' dir='ltr'><strong><em>τεκμήριον</em></strong></span> <span class='ocrx_word' id='word_1_99' title='bbox 1263 1379 1299 1445; x_wconf 79' lang='grc' dir='ltr'><strong><em>δὲ</em></strong></span> <span class='ocrx_word' id='word_1_100' title='bbox 1322 1389 1382 1466; x_wconf 89' lang='grc' dir='ltr'><strong><em>τῆς</em></strong></span> 
     </span>
     <span class='ocr_line' id='line_1_11' title="bbox 72 1477 1422 1574; baseline 0 -25"><span class='ocrx_word' id='word_1_101' title='bbox 72 1498 102 1549; x_wconf 88' lang='lat'><strong><em>10</em></strong></span> <span class='ocrx_word' id='word_1_102' title='bbox 125 1485 332 1574; x_wconf 76' lang='grc' dir='ltr'><strong><em>ὑπερβολῆς·</em></strong></span> <span class='ocrx_word' id='word_1_103' title='bbox 362 1477 400 1551; x_wconf 84' lang='grc' dir='ltr'><strong><em>οὗ</em></strong></span> <span class='ocrx_word' id='word_1_104' title='bbox 430 1488 494 1572; x_wconf 88' lang='grc' dir='ltr'><strong><em>γάρ</em></strong></span> <span class='ocrx_word' id='word_1_105' title='bbox 523 1488 559 1550; x_wconf 89' lang='grc' dir='ltr'><strong><em>ἐν</em></strong></span> <span class='ocrx_word' id='word_1_106' title='bbox 586 1482 741 1562; x_wconf 75' lang='grc' dir='ltr'><strong><em>ἰδιώταις</em></strong></span> <span class='ocrx_word' id='word_1_107' title='bbox 770 1481 1006 1567; x_wconf 79' lang='grc' dir='ltr'><strong><em>ἐξεταζόμενος</em></strong></span> <span class='ocrx_word' id='word_1_108' title='bbox 1032 1484 1188 1572; x_wconf 77' lang='grc' dir='ltr'><strong><em>διέφερεν</em></strong></span> <span class='ocrx_word' id='word_1_109' title='bbox 1212 1483 1289 1548; x_wconf 78' lang='grc' dir='ltr'><strong><em>ούδέ</em></strong></span> <span class='ocrx_word' id='word_1_110' title='bbox 1310 1485 1379 1548; x_wconf 91' lang='grc' dir='ltr'><strong><em>ύπδ</em></strong></span> <span class='ocrx_word' id='word_1_111' title='bbox 1402 1485 1422 1549; x_wconf 92' lang='grc'><strong>6</strong></span> 
     </span>
     <span class='ocr_line' id='line_1_12' title="bbox 124 1583 1381 1676; baseline -0.005 -23"><span class='ocrx_word' id='word_1_112' title='bbox 124 1587 246 1673; x_wconf 89' lang='grc' dir='ltr'><strong><em>όλίγων</em></strong></span> <span class='ocrx_word' id='word_1_113' title='bbox 261 1590 500 1676; x_wconf 74' lang='grc' dir='ltr'><strong><em>θεωρούμενος</em></strong></span> <span class='ocrx_word' id='word_1_114' title='bbox 515 1591 582 1653; x_wconf 89' lang='grc' dir='ltr'><strong><em>ύπδ</em></strong></span> <span class='ocrx_word' id='word_1_115' title='bbox 604 1591 734 1651; x_wconf 90' lang='grc' dir='ltr'><strong><em>τούτων</em></strong></span> <span class='ocrx_word' id='word_1_116' title='bbox 750 1583 974 1669; x_wconf 87' lang='grc' dir='ltr'><strong><em>ἐθαυμάζετο,</em></strong></span> <span class='ocrx_word' id='word_1_117' title='bbox 998 1585 1083 1650; x_wconf 88' lang='grc' dir='ltr'><strong><em>ἀλλά</em></strong></span> <span class='ocrx_word' id='word_1_118' title='bbox 1105 1590 1171 1674; x_wconf 84' lang='grc' dir='ltr'><strong><em>μῆν</em></strong></span> <span class='ocrx_word' id='word_1_119' title='bbox 1194 1588 1248 1650; x_wconf 78' lang='grc' dir='ltr'><strong><em>ἀεὶ</em></strong></span> <span class='ocrx_word' id='word_1_120' title='bbox 1270 1583 1381 1672; x_wconf 80' lang='grc' dir='ltr'><strong><em>δήπου</em></strong></span> 
     </span>
     <span class='ocr_line' id='line_1_13' title="bbox 122 1687 1382 1775; baseline -0.004 -20"><span class='ocrx_word' id='word_1_121' title='bbox 122 1694 158 1755; x_wconf 88' lang='grc' dir='ltr'><strong><em>ἐν</em></strong></span> <span class='ocrx_word' id='word_1_122' title='bbox 180 1697 254 1768; x_wconf 90' lang='grc' dir='ltr'><strong><em>τοῖς</em></strong></span> <span class='ocrx_word' id='word_1_123' title='bbox 277 1693 439 1754; x_wconf 83' lang='grc' dir='ltr'><strong><em>ἀπάντων</em></strong></span> <span class='ocrx_word' id='word_1_124' title='bbox 460 1688 671 1770; x_wconf 88' lang='grc' dir='ltr'><strong><em>καλλίστοις,</em></strong></span> <span class='ocrx_word' id='word_1_125' title='bbox 700 1693 770 1772; x_wconf 88' lang='grc' dir='ltr'><strong><em>άμα</em></strong></span> <span class='ocrx_word' id='word_1_126' title='bbox 792 1695 866 1766; x_wconf 88' lang='grc' dir='ltr'><strong><em>τοῖς</em></strong></span> <span class='ocrx_word' id='word_1_127' title='bbox 887 1687 1058 1775; x_wconf 79' lang='grc' dir='ltr'><strong><em>ἀθληταῖς</em></strong></span> <span class='ocrx_word' id='word_1_128' title='bbox 1080 1692 1136 1753; x_wconf 84' lang='grc' dir='ltr'><strong><em>ων.</em></strong></span> <span class='ocrx_word' id='word_1_129' title='bbox 1184 1690 1218 1751; x_wconf 88' lang='grc' dir='ltr'><strong><em>σί</em></strong></span> <span class='ocrx_word' id='word_1_130' title='bbox 1239 1689 1302 1771; x_wconf 88' lang='grc' dir='ltr'><strong><em>γάρ</em></strong></span> <span class='ocrx_word' id='word_1_131' title='bbox 1324 1691 1382 1769; x_wconf 84' lang='grc' dir='ltr'><strong><em>μέ-</em></strong></span> 
     </span>
     <span class='ocr_line' id='line_1_14' title="bbox 121 1785 1382 1878; baseline -0.005 -20"><span class='ocrx_word' id='word_1_132' title='bbox 121 1810 235 1878; x_wconf 90' lang='grc' dir='ltr'><strong><em>γιστοι</em></strong></span> <span class='ocrx_word' id='word_1_133' title='bbox 256 1795 312 1858; x_wconf 89' lang='grc' dir='ltr'><strong><em>καί</em></strong></span> <span class='ocrx_word' id='word_1_134' title='bbox 327 1785 558 1858; x_wconf 79' lang='grc' dir='ltr'><strong><em>εὐειδέστατοι</em></strong></span> <span class='ocrx_word' id='word_1_135' title='bbox 578 1794 636 1856; x_wconf 87' lang='grc' dir='ltr'><strong><em>καί</em></strong></span> <span class='ocrx_word' id='word_1_136' title='bbox 651 1790 814 1878; x_wconf 74' lang='grc' dir='ltr'><strong><em>πλείστης</em></strong></span> <span class='ocrx_word' id='word_1_137' title='bbox 828 1789 1028 1874; x_wconf 80' lang='grc' dir='ltr'><strong><em>ἐπιμελείας</em></strong></span> <span class='ocrx_word' id='word_1_138' title='bbox 1041 1791 1109 1856; x_wconf 78' lang='grc' dir='ltr'><strong><em>τῶν</em></strong></span> <span class='ocrx_word' id='word_1_139' title='bbox 1126 1793 1293 1872; x_wconf 90' lang='grc' dir='ltr'><strong><em>σωμάτων</em></strong></span> <span class='ocrx_word' id='word_1_140' title='bbox 1308 1808 1382 1871; x_wconf 88' lang='grc' dir='ltr'><strong><em>τυγ-</em></strong></span> 
     </span>
     <span class='ocr_line' id='line_1_15' title="bbox 120 1891 1383 1981; baseline -0.003 -23"><span class='ocrx_word' id='word_1_141' title='bbox 120 1899 280 1976; x_wconf 86' lang='grc' dir='ltr'><strong><em>χάνοντες</em></strong></span> <span class='ocrx_word' id='word_1_142' title='bbox 303 1895 376 1960; x_wconf 88' lang='grc' dir='ltr'><strong><em>οίδε</em></strong></span> <span class='ocrx_word' id='word_1_143' title='bbox 398 1898 495 1959; x_wconf 89' lang='grc' dir='ltr'><strong><em>είσίν.</em></strong></span> <span class='ocrx_word' id='word_1_144' title='bbox 534 1897 674 1981; x_wconf 89' lang='grc' dir='ltr'><strong><em>έωράθη</em></strong></span> <span class='ocrx_word' id='word_1_145' title='bbox 699 1893 735 1959; x_wconf 80' lang='grc' dir='ltr'><strong><em>δέ</em></strong></span> <span class='ocrx_word' id='word_1_146' title='bbox 756 1903 881 1976; x_wconf 80' lang='grc' dir='ltr'><strong><em>μικροῦ</em></strong></span> <span class='ocrx_word' id='word_1_147' title='bbox 902 1891 972 1959; x_wconf 84' lang='grc' dir='ltr'><strong><em>δεῖν</em></strong></span> <span class='ocrx_word' id='word_1_148' title='bbox 994 1897 1062 1958; x_wconf 89' lang='grc' dir='ltr'><strong><em>ύπδ</em></strong></span> <span class='ocrx_word' id='word_1_149' title='bbox 1085 1896 1224 1957; x_wconf 88' lang='grc' dir='ltr'><strong><em>πάντιον</em></strong></span> <span class='ocrx_word' id='word_1_150' title='bbox 1247 1893 1383 1976; x_wconf 88' lang='grc' dir='ltr'><strong><em>ἀνθρώ·</em></strong></span> 
     </span>
     <span class='ocr_line' id='line_1_16' title="bbox 75 1989 1382 2083; baseline -0.001 -24"><span class='ocrx_word' id='word_1_151' title='bbox 75 2009 104 2059; x_wconf 71' lang='grc'><strong><em>15</em></strong></span> <span class='ocrx_word' id='word_1_152' title='bbox 127 2019 212 2062; x_wconf 92' lang='grc' dir='ltr'><strong><em>πων.</em></strong></span> <span class='ocrx_word' id='word_1_153' title='bbox 252 1999 329 2061; x_wconf 87' lang='grc' dir='ltr'><strong><em>ούτε</em></strong></span> <span class='ocrx_word' id='word_1_154' title='bbox 342 1999 405 2083; x_wconf 88' lang='grc' dir='ltr'><strong><em>γάρ</em></strong></span> <span class='ocrx_word' id='word_1_155' title='bbox 420 1995 525 2073; x_wconf 88' lang='grc' dir='ltr'><strong><em>πόλις</em></strong></span> <span class='ocrx_word' id='word_1_156' title='bbox 541 1995 680 2077; x_wconf 89' lang='grc' dir='ltr'><strong><em>ούδεμέα</em></strong></span> <span class='ocrx_word' id='word_1_157' title='bbox 696 1996 763 2060; x_wconf 81' lang='grc' dir='ltr'><strong><em>τῶν</em></strong></span> <span class='ocrx_word' id='word_1_158' title='bbox 785 1991 930 2075; x_wconf 83' lang='grc' dir='ltr'><strong><em>ἐνδόξων</em></strong></span> <span class='ocrx_word' id='word_1_159' title='bbox 947 1997 1022 2060; x_wconf 88' lang='grc' dir='ltr'><strong><em>ούτε</em></strong></span> <span class='ocrx_word' id='word_1_160' title='bbox 1038 1999 1142 2074; x_wconf 86' lang='grc' dir='ltr'><strong><em>έθνος</em></strong></span> <span class='ocrx_word' id='word_1_161' title='bbox 1164 1989 1272 2075; x_wconf 80' lang='grc' dir='ltr'><strong><em>οὐδέν,</em></strong></span> <span class='ocrx_word' id='word_1_162' title='bbox 1296 1996 1382 2060; x_wconf 84' lang='grc' dir='ltr'><strong><em>ἐνθα</em></strong></span> 
     </span>
     <span class='ocr_line' id='line_1_17' title="bbox 125 2086 1382 2186; baseline -0.001 -24"><span class='ocrx_word' id='word_1_163' title='bbox 125 2103 169 2186; x_wconf 79' lang='grc' dir='ltr'><strong><em>μὴ</em></strong></span> <span class='ocrx_word' id='word_1_164' title='bbox 194 2102 353 2186; x_wconf 88' lang='grc' dir='ltr'><strong><em>ἀφίκετο·</em></strong></span> <span class='ocrx_word' id='word_1_165' title='bbox 376 2101 433 2162; x_wconf 82' lang='grc' dir='ltr'><strong><em>καί</em></strong></span> <span class='ocrx_word' id='word_1_166' title='bbox 448 2100 543 2185; x_wconf 82' lang='grc' dir='ltr'><strong><em>παρὰ</em></strong></span> <span class='ocrx_word' id='word_1_167' title='bbox 559 2086 809 2180; x_wconf 83' lang='grc' dir='ltr'><strong><em>πᾶσινδμοίως</em></strong></span> <span class='ocrx_word' id='word_1_168' title='bbox 831 2103 890 2186; x_wconf 80' lang='grc' dir='ltr'><strong><em>τῆν</em></strong></span> <span class='ocrx_word' id='word_1_169' title='bbox 907 2087 1011 2185; x_wconf 73' lang='grc' dir='ltr'><strong><em>ἀύτῆν</em></strong></span> <span class='ocrx_word' id='word_1_170' title='bbox 1033 2098 1102 2180; x_wconf 85' lang='grc' dir='ltr'><strong><em>εἶχε</em></strong></span> <span class='ocrx_word' id='word_1_171' title='bbox 1124 2097 1235 2178; x_wconf 86' lang='grc' dir='ltr'><strong><em>δόξαν,</em></strong></span> <span class='ocrx_word' id='word_1_172' title='bbox 1259 2101 1306 2175; x_wconf 81' lang='grc' dir='ltr'><strong><em>ὡς</em></strong></span> <span class='ocrx_word' id='word_1_173' title='bbox 1329 2099 1382 2162; x_wconf 90' lang='grc' dir='ltr'><strong><em>ού-</em></strong></span> 
     </span>
     <span class='ocr_line' id='line_1_18' title="bbox 127 2197 1382 2284; baseline 0 -20"><span class='ocrx_word' id='word_1_174' title='bbox 127 2199 205 2264; x_wconf 90' lang='grc' dir='ltr'><strong><em>δένα</em></strong></span> <span class='ocrx_word' id='word_1_175' title='bbox 229 2198 343 2265; x_wconf 83' lang='grc' dir='ltr'><strong><em>ίδοῦσι</em></strong></span> <span class='ocrx_word' id='word_1_176' title='bbox 363 2199 534 2266; x_wconf 88' lang='grc' dir='ltr'><strong><em>καλλίονα.</em></strong></span> <span class='ocrx_word' id='word_1_177' title='bbox 573 2206 592 2264; x_wconf 89' lang='grc' dir='ltr'><strong><em>ό</em></strong></span> <span class='ocrx_word' id='word_1_178' title='bbox 614 2200 650 2266; x_wconf 80' lang='grc' dir='ltr'><strong><em>δέ</em></strong></span> <span class='ocrx_word' id='word_1_179' title='bbox 672 2205 740 2265; x_wconf 91' lang='grc' dir='ltr'><strong><em>ύπδ</em></strong></span> <span class='ocrx_word' id='word_1_180' title='bbox 765 2199 935 2266; x_wconf 78' lang='grc' dir='ltr'><strong><em>πλείστων</em></strong></span> <span class='ocrx_word' id='word_1_181' title='bbox 956 2206 1018 2284; x_wconf 82' lang='grc' dir='ltr'><strong><em>μὲν</em></strong></span> <span class='ocrx_word' id='word_1_182' title='bbox 1031 2204 1263 2284; x_wconf 89' lang='grc' dir='ltr'><strong><em>θαυμασθείς,</em></strong></span> <span class='ocrx_word' id='word_1_183' title='bbox 1286 2204 1323 2264; x_wconf 86' lang='grc' dir='ltr'><strong><em>ἐν</em></strong></span> <span class='ocrx_word' id='word_1_184' title='bbox 1346 2197 1382 2265; x_wconf 82' lang='grc' dir='ltr'><strong><em>δέ</em></strong></span> 
     </span>
     <span class='ocr_line' id='line_1_19' title="bbox 125 2299 1384 2392; baseline 0.002 -28"><span class='ocrx_word' id='word_1_185' title='bbox 125 2307 200 2379; x_wconf 90' lang='grc' dir='ltr'><strong><em>τοῖς</em></strong></span> <span class='ocrx_word' id='word_1_186' title='bbox 221 2299 417 2379; x_wconf 87' lang='grc' dir='ltr'><strong><em>καλλίστοις</em></strong></span> <span class='ocrx_word' id='word_1_187' title='bbox 438 2300 544 2384; x_wconf 89' lang='grc' dir='ltr'><strong><em>μόνος</em></strong></span> <span class='ocrx_word' id='word_1_188' title='bbox 559 2305 643 2384; x_wconf 86' lang='grc' dir='ltr'><strong><em>έχων</em></strong></span> <span class='ocrx_word' id='word_1_189' title='bbox 665 2305 725 2390; x_wconf 80' lang='grc' dir='ltr'><strong><em>τῆν</em></strong></span> <span class='ocrx_word' id='word_1_190' title='bbox 739 2305 826 2389; x_wconf 81' lang='grc' dir='ltr'><strong><em>ὑπὲρ</em></strong></span> <span class='ocrx_word' id='word_1_191' title='bbox 842 2311 905 2366; x_wconf 80' lang='grc' dir='ltr'><strong><em>τοῦ</em></strong></span> <span class='ocrx_word' id='word_1_192' title='bbox 923 2301 1067 2380; x_wconf 81' lang='grc' dir='ltr'><strong><em>κάλλους</em></strong></span> <span class='ocrx_word' id='word_1_193' title='bbox 1083 2306 1197 2391; x_wconf 75' lang='grc' dir='ltr'><strong><em>φήμην</em></strong></span> <span class='ocrx_word' id='word_1_194' title='bbox 1213 2302 1314 2392; x_wconf 92' lang='grc' dir='ltr'><strong><em>δῆλον</em></strong></span> <span class='ocrx_word' id='word_1_195' title='bbox 1337 2305 1384 2379; x_wconf 84' lang='grc' dir='ltr'><strong><em>ὡς</em></strong></span> 
     </span>
     <span class='ocr_line' id='line_1_20' title="bbox 125 2398 1425 2492; baseline 0.001 -25"><span class='ocrx_word' id='word_1_196' title='bbox 125 2406 229 2480; x_wconf 88' lang='grc' dir='ltr'><strong><em>θείας</em></strong></span> <span class='ocrx_word' id='word_1_197' title='bbox 250 2408 343 2481; x_wconf 87' lang='grc' dir='ltr'><strong><em>τινός</em></strong></span> <span class='ocrx_word' id='word_1_198' title='bbox 359 2414 496 2492; x_wconf 80' lang='grc' dir='ltr'><strong><em>μορφῆς</em></strong></span> <span class='ocrx_word' id='word_1_199' title='bbox 518 2407 639 2486; x_wconf 85' lang='grc' dir='ltr'><strong><em>έτυχεν.</em></strong></span> <span class='ocrx_word' id='word_1_200' title='bbox 676 2407 741 2488; x_wconf 87' lang='grc' dir='ltr'><strong><em>ἐγύι</em></strong></span> <span class='ocrx_word' id='word_1_201' title='bbox 759 2404 817 2469; x_wconf 87' lang='grc' dir='ltr'><strong><em>οδν</em></strong></span> <span class='ocrx_word' id='word_1_202' title='bbox 833 2403 969 2490; x_wconf 85' lang='grc' dir='ltr'><strong><em>πρῶτον</em></strong></span> <span class='ocrx_word' id='word_1_203' title='bbox 983 2398 1206 2487; x_wconf 82' lang='grc' dir='ltr'><strong><em>εὐδαιμονίζω</em></strong></span> <span class='ocrx_word' id='word_1_204' title='bbox 1223 2414 1285 2469; x_wconf 81' lang='grc' dir='ltr'><strong><em>του·</em></strong></span> <span class='ocrx_word' id='word_1_205' title='bbox 1302 2403 1380 2469; x_wconf 90' lang='grc' dir='ltr'><strong><em>κάλ·</em></strong></span> <span class='ocrx_word' id='word_1_206' title='bbox 1405 2413 1425 2475; x_wconf 84' lang='grc'><strong>7</strong></span> 
     </span>
     <span class='ocr_line' id='line_1_21' title="bbox 76 2496 1385 2595; baseline -0.001 -24"><span class='ocrx_word' id='word_1_207' title='bbox 76 2521 107 2571; x_wconf 77' lang='lat'><strong><em>2⁰</em></strong></span> <span class='ocrx_word' id='word_1_208' title='bbox 130 2505 208 2584; x_wconf 90' lang='grc' dir='ltr'><strong><em>λους</em></strong></span> <span class='ocrx_word' id='word_1_209' title='bbox 224 2496 336 2586; x_wconf 84' lang='grc' dir='ltr'><strong><em>αύτόν,</em></strong></span> <span class='ocrx_word' id='word_1_210' title='bbox 360 2507 380 2570; x_wconf 86' lang='grc' dir='ltr'><em>ὃ</em></span> <span class='ocrx_word' id='word_1_211' title='bbox 396 2505 435 2595; x_wconf 83' lang='grc' dir='ltr'><strong><em>δῆ</em></strong></span> <span class='ocrx_word' id='word_1_212' title='bbox 451 2507 518 2572; x_wconf 81' lang='grc' dir='ltr'><strong><em>τιῖιν</em></strong></span> <span class='ocrx_word' id='word_1_213' title='bbox 540 2509 772 2594; x_wconf 86' lang='grc' dir='ltr'><strong><em>ἀνθρωπίνων</em></strong></span> <span class='ocrx_word' id='word_1_214' title='bbox 787 2509 878 2571; x_wconf 87' lang='grc' dir='ltr'><strong><em>ἐστίν</em></strong></span> <span class='ocrx_word' id='word_1_215' title='bbox 894 2506 1036 2590; x_wconf 85' lang='grc' dir='ltr'><strong><em>ἀγαθῶν</em></strong></span> <span class='ocrx_word' id='word_1_216' title='bbox 1050 2505 1306 2594; x_wconf 85' lang='grc' dir='ltr'><strong><em>ἀριδηλότατον,</em></strong></span> <span class='ocrx_word' id='word_1_217' title='bbox 1328 2509 1385 2571; x_wconf 87' lang='grc' dir='ltr'><strong><em>καί</em></strong></span> 
     </span>
     <span class='ocr_line' id='line_1_22' title="bbox 126 2607 1384 2696; baseline 0.002 -22"><span class='ocrx_word' id='word_1_218' title='bbox 126 2608 267 2695; x_wconf 78' lang='grc' dir='ltr'><strong><em>ἥδιστον</em></strong></span> <span class='ocrx_word' id='word_1_219' title='bbox 280 2613 342 2693; x_wconf 82' lang='grc' dir='ltr'><strong><em>μὲν</em></strong></span> <span class='ocrx_word' id='word_1_220' title='bbox 357 2611 466 2688; x_wconf 88' lang='grc' dir='ltr'><strong><em>θεοῖς,</em></strong></span> <span class='ocrx_word' id='word_1_221' title='bbox 483 2607 622 2696; x_wconf 81' lang='grc' dir='ltr'><strong><em>ἥδιστον</em></strong></span> <span class='ocrx_word' id='word_1_222' title='bbox 641 2609 677 2674; x_wconf 83' lang='grc' dir='ltr'><strong><em>δέ</em></strong></span> <span class='ocrx_word' id='word_1_223' title='bbox 692 2612 906 2696; x_wconf 86' lang='grc' dir='ltr'><strong><em>ἀνθρώποις,</em></strong></span> <span class='ocrx_word' id='word_1_224' title='bbox 929 2607 1144 2675; x_wconf 87' lang='grc' dir='ltr'><strong><em>ἀλυπότατον</em></strong></span> <span class='ocrx_word' id='word_1_225' title='bbox 1161 2610 1197 2675; x_wconf 83' lang='grc' dir='ltr'><strong><em>δέ</em></strong></span> <span class='ocrx_word' id='word_1_226' title='bbox 1209 2611 1257 2696; x_wconf 79' lang='grc' dir='ltr'><strong><em>τῷ</em></strong></span> <span class='ocrx_word' id='word_1_227' title='bbox 1274 2615 1384 2694; x_wconf 85' lang='grc' dir='ltr'><strong><em>έχοντι</em></strong></span> 
     </span>
     <span class='ocr_line' id='line_1_23' title="bbox 13 2692 1385 2800; baseline 0.004 -25"><span class='ocrx_word' id='word_1_228' title='bbox 13 2695 75 2798; x_wconf 50' lang='grc' dir='ltr'><strong><em>ἕηζ</em></strong></span> <span class='ocrx_word' id='word_1_229' title='bbox 83 2692 118 2794; x_wconf 64' lang='grc' dir='ltr'><strong><em>ζζζ</em></strong></span> <span class='ocrx_word' id='word_1_230' title='bbox 129 2714 186 2775; x_wconf 83' lang='grc' dir='ltr'><strong><em>καί</em></strong></span> <span class='ocrx_word' id='word_1_231' title='bbox 208 2714 468 2800; x_wconf 76' lang='grc' dir='ltr'><strong><em>ἐπιγνωσθῆναι</em></strong></span> <span class='ocrx_word' id='word_1_232' title='bbox 483 2712 620 2798; x_wconf 79' lang='grc' dir='ltr'><strong><em>ῥᾷστον.</em></strong></span> <span class='ocrx_word' id='word_1_233' title='bbox 657 2715 699 2776; x_wconf 88' lang='grc' dir='ltr'><strong><em>τά</em></strong></span> <span class='ocrx_word' id='word_1_234' title='bbox 714 2716 776 2795; x_wconf 78' lang='grc' dir='ltr'><strong><em>μέν</em></strong></span> <span class='ocrx_word' id='word_1_235' title='bbox 790 2714 853 2799; x_wconf 91' lang='grc' dir='ltr'><strong><em>γάρ</em></strong></span> <span class='ocrx_word' id='word_1_236' title='bbox 869 2709 955 2775; x_wconf 86' lang='grc' dir='ltr'><strong><em>ἀλλα</em></strong></span> <span class='ocrx_word' id='word_1_237' title='bbox 971 2714 1087 2796; x_wconf 87' lang='grc' dir='ltr'><strong><em>ἀγαθά</em></strong></span> <span class='ocrx_word' id='word_1_238' title='bbox 1104 2715 1166 2778; x_wconf 88' lang='grc' dir='ltr'><strong><em>κάν</em></strong></span> <span class='ocrx_word' id='word_1_239' title='bbox 1189 2712 1296 2779; x_wconf 83' lang='grc' dir='ltr'><strong><em>λάθοι</em></strong></span> <span class='ocrx_word' id='word_1_240' title='bbox 1317 2718 1385 2781; x_wconf 88' lang='grc' dir='ltr'><strong><em>τινί</em></strong></span> 
     </span>
     <span class='ocr_line' id='line_1_24' title="bbox 127 2812 1384 2904; baseline 0.002 -26"><span class='ocrx_word' id='word_1_241' title='bbox 127 2819 312 2901; x_wconf 88' lang='grc' dir='ltr'><strong><em>προσόντα,</em></strong></span> <span class='ocrx_word' id='word_1_242' title='bbox 334 2818 391 2879; x_wconf 83' lang='grc' dir='ltr'><strong><em>καί</em></strong></span> <span class='ocrx_word' id='word_1_243' title='bbox 413 2813 551 2901; x_wconf 85' lang='grc' dir='ltr'><strong><em>ἀνδρεία</em></strong></span> <span class='ocrx_word' id='word_1_244' title='bbox 566 2812 640 2898; x_wconf 82' lang='grc' dir='ltr'><strong><em>(καί</em></strong></span> <span class='ocrx_word' id='word_1_245' title='bbox 657 2813 880 2903; x_wconf 92' lang='grc' dir='ltr'><strong><em>σωφροσύνη&gt;</em></strong></span> <span class='ocrx_word' id='word_1_246' title='bbox 900 2819 957 2881; x_wconf 88' lang='grc' dir='ltr'><strong><em>καί</em></strong></span> <span class='ocrx_word' id='word_1_247' title='bbox 977 2819 1152 2901; x_wconf 88' lang='grc' dir='ltr'><strong><em>φρόνησις,</em></strong></span> <span class='ocrx_word' id='word_1_248' title='bbox 1175 2818 1206 2880; x_wconf 91' lang='grc' dir='ltr'><strong><em>εί</em></strong></span> <span class='ocrx_word' id='word_1_249' title='bbox 1220 2820 1265 2904; x_wconf 82' lang='grc' dir='ltr'><strong><em>μῆ</em></strong></span> <span class='ocrx_word' id='word_1_250' title='bbox 1288 2821 1384 2898; x_wconf 84' lang='grc' dir='ltr'><strong><em>τύχοι</em></strong></span> 
     </span>
     <span class='ocr_line' id='line_1_25' title="bbox 128 2915 1383 3003; baseline 0.003 -23"><span class='ocrx_word' id='word_1_251' title='bbox 128 2919 225 3003; x_wconf 82' lang='grc' dir='ltr'><strong><em>ἔργον</em></strong></span> <span class='ocrx_word' id='word_1_252' title='bbox 248 2921 342 2993; x_wconf 85' lang='grc' dir='ltr'><strong><em>τινός</em></strong></span> <span class='ocrx_word' id='word_1_253' title='bbox 367 2915 644 2994; x_wconf 88' lang='grc' dir='ltr'><strong><em>ἀποδεικνύντος·</em></strong></span> <span class='ocrx_word' id='word_1_254' title='bbox 673 2921 713 2981; x_wconf 87' lang='grc' dir='ltr'><strong><em>τό</em></strong></span> <span class='ocrx_word' id='word_1_255' title='bbox 744 2915 780 2981; x_wconf 79' lang='grc' dir='ltr'><strong><em>δὲ</em></strong></span> <span class='ocrx_word' id='word_1_256' title='bbox 808 2917 931 2995; x_wconf 89' lang='grc' dir='ltr'><strong><em>κάλλος</em></strong></span> <span class='ocrx_word' id='word_1_257' title='bbox 954 2921 1012 3000; x_wconf 85' lang='grc' dir='ltr'><strong><em>ούχ</em></strong></span> <span class='ocrx_word' id='word_1_258' title='bbox 1035 2921 1167 2984; x_wconf 85' lang='grc' dir='ltr'><strong><em>οἷόντε</em></strong></span> <span class='ocrx_word' id='word_1_259' title='bbox 1191 2917 1383 2984; x_wconf 89' lang='grc' dir='ltr'><strong><em>λανθάνειν.</em></strong></span> 
     </span>
     <span class='ocr_line' id='line_1_26' title="bbox 80 3013 1383 3108; baseline 0.002 -25"><span class='ocrx_word' id='word_1_260' title='bbox 80 3033 109 3084; x_wconf 74' lang='grc'><strong><em>25</em></strong></span> <span class='ocrx_word' id='word_1_261' title='bbox 133 3023 202 3099; x_wconf 90' lang='grc' dir='ltr'><strong><em>άμα</em></strong></span> <span class='ocrx_word' id='word_1_262' title='bbox 225 3019 358 3105; x_wconf 78' lang='grc' dir='ltr'><strong><em>γάρτῷ</em></strong></span> <span class='ocrx_word' id='word_1_263' title='bbox 387 3022 497 3100; x_wconf 85' lang='grc' dir='ltr'><strong><em>έχοντι</em></strong></span> <span class='ocrx_word' id='word_1_264' title='bbox 527 3024 702 3108; x_wconf 87' lang='grc' dir='ltr'><strong><em>φαίνεται·</em></strong></span> <span class='ocrx_word' id='word_1_265' title='bbox 733 3020 829 3086; x_wconf 85' lang='grc' dir='ltr'><strong><em>εἴποι</em></strong></span> <span class='ocrx_word' id='word_1_266' title='bbox 852 3013 885 3085; x_wconf 82' lang='grc' dir='ltr'><strong><em>δ’</em></strong></span> <span class='ocrx_word' id='word_1_267' title='bbox 910 3024 952 3086; x_wconf 88' lang='grc' dir='ltr'><strong><em>ἀν</em></strong></span> <span class='ocrx_word' id='word_1_268' title='bbox 974 3043 1027 3098; x_wconf 90' lang='grc' dir='ltr'><strong><em>τις</em></strong></span> <span class='ocrx_word' id='word_1_269' title='bbox 1048 3026 1102 3086; x_wconf 91' lang='grc' dir='ltr'><strong><em>δτι</em></strong></span> <span class='ocrx_word' id='word_1_270' title='bbox 1122 3023 1179 3085; x_wconf 84' lang='grc' dir='ltr'><strong><em>καί</em></strong></span> <span class='ocrx_word' id='word_1_271' title='bbox 1201 3025 1383 3107; x_wconf 91' lang='grc' dir='ltr'><strong><em>πρότερον·</em></strong></span> 
     </span>
     <span class='ocr_line' id='line_1_27' title="bbox 129 3119 1385 3209; baseline 0.002 -26"><span class='ocrx_word' id='word_1_272' title='bbox 129 3124 236 3198; x_wconf 91' lang='grc' dir='ltr'><strong><em>ούτως</em></strong></span> <span class='ocrx_word' id='word_1_273' title='bbox 265 3119 378 3199; x_wconf 86' lang='grc' dir='ltr'><strong><em>όξεῖαν</em></strong></span> <span class='ocrx_word' id='word_1_274' title='bbox 408 3121 575 3207; x_wconf 85' lang='grc' dir='ltr'><strong><em>αἴσθησιν</em></strong></span> <span class='ocrx_word' id='word_1_275' title='bbox 605 3124 710 3195; x_wconf 81' lang='grc' dir='ltr'><strong><em>αὐτού</em></strong></span> <span class='ocrx_word' id='word_1_276' title='bbox 738 3129 889 3209; x_wconf 86' lang='grc' dir='ltr'><strong><em>παρέχει.</em></strong></span> <span class='ocrx_word' id='word_1_277' title='bbox 933 3125 985 3187; x_wconf 85' lang='grc' dir='ltr'><strong><em>ότι</em></strong></span> <span class='ocrx_word' id='word_1_278' title='bbox 1014 3121 1050 3188; x_wconf 83' lang='grc' dir='ltr'><strong><em>δὲ</em></strong></span> <span class='ocrx_word' id='word_1_279' title='bbox 1079 3129 1153 3200; x_wconf 91' lang='grc' dir='ltr'><strong><em>τοῖς</em></strong></span> <span class='ocrx_word' id='word_1_280' title='bbox 1179 3126 1241 3204; x_wconf 80' lang='grc' dir='ltr'><strong><em>μὲν</em></strong></span> <span class='ocrx_word' id='word_1_281' title='bbox 1267 3120 1385 3200; x_wconf 87' lang='grc' dir='ltr'><strong><em>ἀλλοις</em></strong></span> 
     </span>
     <span class='ocr_line' id='line_1_28' title="bbox 129 3221 1384 3310; baseline 0.002 -25"><span class='ocrx_word' id='word_1_282' title='bbox 129 3224 277 3305; x_wconf 78' lang='grc' dir='ltr'><strong><em>ἀγαθοῖς</em></strong></span> <span class='ocrx_word' id='word_1_283' title='bbox 300 3225 334 3286; x_wconf 83' lang='lat' dir='ltr'><strong><em>oi</em></strong></span> <span class='ocrx_word' id='word_1_284' title='bbox 356 3221 514 3288; x_wconf 89' lang='grc' dir='ltr'><strong><em>πλεῖστοι</em></strong></span> <span class='ocrx_word' id='word_1_285' title='bbox 531 3224 704 3310; x_wconf 80' lang='grc' dir='ltr'><strong><em>φθονοῦσι</em></strong></span> <span class='ocrx_word' id='word_1_286' title='bbox 725 3228 781 3289; x_wconf 87' lang='grc' dir='ltr'><strong><em>καί</em></strong></span> <span class='ocrx_word' id='word_1_287' title='bbox 798 3224 973 3307; x_wconf 90' lang='grc' dir='ltr'><strong><em>δυσμενεῖς</em></strong></span> <span class='ocrx_word' id='word_1_288' title='bbox 988 3229 1174 3310; x_wconf 88' lang='grc' dir='ltr'><strong><em>γίγνονται·</em></strong></span> <span class='ocrx_word' id='word_1_289' title='bbox 1197 3229 1236 3289; x_wconf 89' lang='grc' dir='ltr'><strong><em>τδ</em></strong></span> <span class='ocrx_word' id='word_1_290' title='bbox 1254 3224 1289 3289; x_wconf 83' lang='grc' dir='ltr'><strong><em>δὲ</em></strong></span> <span class='ocrx_word' id='word_1_291' title='bbox 1307 3223 1384 3289; x_wconf 92' lang='grc' dir='ltr'><strong><em>κάλ-</em></strong></span> 
     </span>
     <span class='ocr_line' id='line_1_29' title="bbox 130 3323 1385 3414; baseline 0.003 -26"><span class='ocrx_word' id='word_1_292' title='bbox 130 3323 188 3401; x_wconf 86' lang='grc' dir='ltr'><strong><em>λος</em></strong></span> <span class='ocrx_word' id='word_1_293' title='bbox 209 3327 289 3401; x_wconf 88' lang='grc' dir='ltr'><strong><em>τούς</em></strong></span> <span class='ocrx_word' id='word_1_294' title='bbox 312 3327 585 3408; x_wconf 87' lang='grc' dir='ltr'><strong><em>αίσθυνομίνους</em></strong></span> <span class='ocrx_word' id='word_1_295' title='bbox 608 3328 712 3390; x_wconf 81' lang='grc' dir='ltr'><strong><em>αύτου·</em></strong></span> <span class='ocrx_word' id='word_1_296' title='bbox 727 3324 848 3414; x_wconf 89' lang='grc' dir='ltr'><strong><em>φίλους</em></strong></span> <span class='ocrx_word' id='word_1_297' title='bbox 864 3334 1018 3391; x_wconf 90' lang='grc' dir='ltr'><strong><em>ποιεῖται</em></strong></span> <span class='ocrx_word' id='word_1_298' title='bbox 1038 3331 1095 3392; x_wconf 85' lang='grc' dir='ltr'><strong><em>καί</em></strong></span> <span class='ocrx_word' id='word_1_299' title='bbox 1118 3327 1236 3392; x_wconf 90' lang='grc' dir='ltr'><strong><em>ούδένα</em></strong></span> <span class='ocrx_word' id='word_1_300' title='bbox 1259 3330 1385 3414; x_wconf 87' lang='grc' dir='ltr'><strong><em>ἐχθρόν</em></strong></span> 
     </span>
     <span class='ocr_line' id='line_1_30' title="bbox 128 3421 1428 3515; baseline 0.005 -24"><span class='ocrx_word' id='word_1_301' title='bbox 128 3427 169 3512; x_wconf 78' lang='grc' dir='ltr'><strong><em>ἐᾷ</em></strong></span> <span class='ocrx_word' id='word_1_302' title='bbox 184 3429 373 3511; x_wconf 88' lang='grc' dir='ltr'><strong><em>γίγνεσθαι.</em></strong></span> <span class='ocrx_word' id='word_1_303' title='bbox 411 3429 442 3491; x_wconf 90' lang='grc' dir='ltr'><strong><em>εί</em></strong></span> <span class='ocrx_word' id='word_1_304' title='bbox 458 3425 496 3491; x_wconf 86' lang='grc' dir='ltr'><strong><em>δέ</em></strong></span> <span class='ocrx_word' id='word_1_305' title='bbox 509 3431 562 3505; x_wconf 94' lang='grc' dir='ltr'><strong><em>τίς</em></strong></span> <span class='ocrx_word' id='word_1_306' title='bbox 586 3448 672 3515; x_wconf 89' lang='grc' dir='ltr'><strong><em>φησι</em></strong></span> <span class='ocrx_word' id='word_1_307' title='bbox 686 3427 829 3506; x_wconf 90' lang='grc' dir='ltr'><strong><em>κάλλους</em></strong></span> <span class='ocrx_word' id='word_1_308' title='bbox 850 3451 892 3510; x_wconf 89' lang='grc' dir='ltr'><strong><em>με</em></strong></span> <span class='ocrx_word' id='word_1_309' title='bbox 915 3433 1100 3495; x_wconf 91' lang='grc' dir='ltr'><strong><em>ποιεῖσθαι</em></strong></span> <span class='ocrx_word' id='word_1_310' title='bbox 1121 3434 1279 3515; x_wconf 86' lang='grc' dir='ltr'><strong><em>ἐγκώμια,</em></strong></span> <span class='ocrx_word' id='word_1_311' title='bbox 1303 3421 1379 3495; x_wconf 79' lang='grc' dir='ltr'><strong><em>ἀλλ’</em></strong></span> <span class='ocrx_word' id='word_1_312' title='bbox 1406 3433 1428 3497; x_wconf 86' lang='grc'>8</span> 
     </span>
     <span class='ocr_line' id='line_1_31' title="bbox 78 3527 1385 3619; baseline 0.006 -28"><span class='ocrx_word' id='word_1_313' title='bbox 78 3541 108 3591; x_wconf 75' lang='lat' dir='ltr'><strong><em>so</em></strong></span> <span class='ocrx_word' id='word_1_314' title='bbox 132 3531 205 3610; x_wconf 86' lang='grc' dir='ltr'><strong><em>ούχλ</em></strong></span> <span class='ocrx_word' id='word_1_315' title='bbox 226 3538 289 3593; x_wconf 84' lang='grc' dir='ltr'><strong><em>τού</em></strong></span> <span class='ocrx_word' id='word_1_316' title='bbox 309 3527 441 3615; x_wconf 89' lang='grc' dir='ltr'><strong><em>ἀνδρός,</em></strong></span> <span class='ocrx_word' id='word_1_317' title='bbox 466 3531 523 3593; x_wconf 88' lang='grc' dir='ltr'><strong><em>ούκ</em></strong></span> <span class='ocrx_word' id='word_1_318' title='bbox 545 3533 587 3596; x_wconf 87' lang='grc' dir='ltr'><strong><em>ἀν</em></strong></span> <span class='ocrx_word' id='word_1_319' title='bbox 610 3533 726 3618; x_wconf 82' lang='grc' dir='ltr'><strong><em>ὀρθῶς</em></strong></span> <span class='ocrx_word' id='word_1_320' title='bbox 749 3531 900 3616; x_wconf 79' lang='grc' dir='ltr'><strong><em>αἰτιῷτο.</em></strong></span> <span class='ocrx_word' id='word_1_321' title='bbox 941 3534 1058 3595; x_wconf 88' lang='grc' dir='ltr'><strong><em>αύτίκα</em></strong></span> <span class='ocrx_word' id='word_1_322' title='bbox 1080 3535 1143 3619; x_wconf 88' lang='grc' dir='ltr'><strong><em>γάρ</em></strong></span> <span class='ocrx_word' id='word_1_323' title='bbox 1166 3535 1308 3610; x_wconf 77' lang='grc' dir='ltr'><strong><em>ἔπαινος</em></strong></span> <span class='ocrx_word' id='word_1_324' title='bbox 1329 3537 1385 3599; x_wconf 88' lang='grc' dir='ltr'><strong><em>ἀν-</em></strong></span> 
     </span>
    </p>
   </div>
   <div class='ocr_carea' id='block_1_3' title="bbox 16 3789 1388 4643">
    <p class='ocr_par' dir='ltr' id='par_1_3' title="bbox 16 3789 1388 4643">
     <span class='ocr_line' id='line_1_32' title="bbox 216 3789 1387 3874; baseline 0.003 -19"><span class='ocrx_word' id='word_1_325' title='bbox 216 3796 394 3866; x_wconf 76' lang='grc' dir='ltr'><strong><em>ῖτοιούτοις</em></strong></span> <span class='ocrx_word' id='word_1_326' title='bbox 413 3798 446 3854; x_wconf 90' lang='grc' dir='ltr'><strong>Μ</strong></span> <span class='ocrx_word' id='word_1_327' title='bbox 548 3789 632 3858; x_wconf 72' lang='grc' dir='ltr'><strong><em>θύει</em></strong></span> <span class='ocrx_word' id='word_1_328' title='bbox 655 3801 744 3858; x_wconf 76' lang='lat' dir='ltr'><strong>hisU</strong></span> <span class='ocrx_word' id='word_1_329' title='bbox 848 3803 936 3858; x_wconf 72' lang='grc' dir='ltr'><strong><em>ἀκαί</em></strong></span> <span class='ocrx_word' id='word_1_330' title='bbox 957 3796 1027 3868; x_wconf 79' lang='grc' dir='ltr'><strong><em>τοὺς</em></strong></span> <span class='ocrx_word' id='word_1_331' title='bbox 1048 3801 1103 3857; x_wconf 85' lang='lat' dir='ltr'><strong><em>UM</em></strong></span> <span class='ocrx_word' id='word_1_332' title='bbox 1215 3802 1338 3874; x_wconf 79' lang='grc' dir='ltr'><strong><em>δεῖιφ</em></strong></span> <span class='ocrx_word' id='word_1_333' title='bbox 1356 3803 1387 3858; x_wconf 99' lang='grc' dir='ltr'><strong>Μ</strong></span> 
     </span>
     <span class='ocr_line' id='line_1_33' title="bbox 16 3878 1319 3960; baseline 0.001 -17"><span class='ocrx_word' id='word_1_334' title='bbox 16 3883 17 3892; x_wconf 71' lang='grc'>’</span> <span class='ocrx_word' id='word_1_335' title='bbox 131 3882 212 3945; x_wconf 84' lang='grc' dir='ltr'><strong><em>ούπω</em></strong></span> <span class='ocrx_word' id='word_1_336' title='bbox 229 3887 279 3944; x_wconf 91' lang='lat' dir='ltr'><strong><em>UB</em></strong></span> <span class='ocrx_word' id='word_1_337' title='bbox 366 3882 495 3944; x_wconf 70' lang='grc' dir='ltr'><strong><em>ἀπάντα</em></strong></span> <span class='ocrx_word' id='word_1_338' title='bbox 512 3900 563 3956; x_wconf 84' lang='lat' dir='ltr'><strong><em>pro</em></strong></span> <span class='ocrx_word' id='word_1_339' title='bbox 582 3881 699 3944; x_wconf 81' lang='grc' dir='ltr'><strong><em>πάνυῦ</em></strong></span> <span class='ocrx_word' id='word_1_340' title='bbox 802 3890 941 3958; x_wconf 84' lang='grc' dir='ltr'><strong><em>9μιιιροῦ</em></strong></span> <span class='ocrx_word' id='word_1_341' title='bbox 956 3886 987 3940; x_wconf 92' lang='grc' dir='ltr'><strong>Μ</strong></span> <span class='ocrx_word' id='word_1_342' title='bbox 1083 3878 1142 3954; x_wconf 73' lang='grc' dir='ltr'><strong><em>ἅμα</em></strong></span> <span class='ocrx_word' id='word_1_343' title='bbox 1160 3891 1269 3960; x_wconf 85' lang='grc' dir='ltr'><strong><em>τριῖσαι</em></strong></span> <span class='ocrx_word' id='word_1_344' title='bbox 1286 3888 1319 3944; x_wconf 91' lang='grc' dir='ltr'><strong>Μ</strong></span> 
     </span>
     <span class='ocr_line' id='line_1_34' title="bbox 131 3967 1386 4046; baseline 0.002 -20"><span class='ocrx_word' id='word_1_345' title='bbox 131 3977 158 4027; x_wconf 81' lang='lat'><strong><em>1¹</em></strong></span> <span class='ocrx_word' id='word_1_346' title='bbox 182 3972 285 4046; x_wconf 80' lang='grc' dir='ltr'><strong><em>ὀλίγον</em></strong></span> <span class='ocrx_word' id='word_1_347' title='bbox 300 3971 331 4026; x_wconf 98' lang='grc' dir='ltr'><strong>Μ</strong></span> <span class='ocrx_word' id='word_1_348' title='bbox 440 3969 513 4030; x_wconf 76' lang='grc' dir='ltr'><strong><em>ἀλλὰ</em></strong></span> <span class='ocrx_word' id='word_1_349' title='bbox 530 3967 587 4045; x_wconf 70' lang='grc' dir='ltr'><strong><em>μην</em></strong></span> <span class='ocrx_word' id='word_1_350' title='bbox 604 3988 666 4028; x_wconf 85' lang='lat' dir='ltr'><strong><em>cum</em></strong></span> <span class='ocrx_word' id='word_1_351' title='bbox 683 3971 774 4046; x_wconf 76' lang='grc' dir='ltr'><strong><em>όῆπου</em></strong></span> <span class='ocrx_word' id='word_1_352' title='bbox 791 3973 966 4028; x_wconf 81' lang='lat' dir='ltr'><strong>coniunctum</strong></span> <span class='ocrx_word' id='word_1_353' title='bbox 984 3970 1121 4041; x_wconf 73' lang='lat' dir='ltr'><strong>displicuit</strong></span> <span class='ocrx_word' id='word_1_354' title='bbox 1137 3971 1264 4042; x_wconf 77' lang='grc' dir='ltr'><strong><em>ΒείιΜο,</em></strong></span> <span class='ocrx_word' id='word_1_355' title='bbox 1283 3973 1386 4040; x_wconf 57' lang='lat' dir='ltr'><strong>(stelio,</strong></span> 
     </span>
     <span class='ocr_line' id='line_1_35' title="bbox 128 4047 1318 4131; baseline -0.001 -19"><span class='ocrx_word' id='word_1_356' title='bbox 128 4057 271 4129; x_wconf 74' lang='grc' dir='ltr'><strong><em>Ειυρετίος</em></strong></span> <span class='ocrx_word' id='word_1_357' title='bbox 289 4053 347 4131; x_wconf 81' lang='grc' dir='ltr'><strong><em>γὰρ</em></strong></span> <span class='ocrx_word' id='word_1_358' title='bbox 363 4047 400 4129; x_wconf 76' lang='grc' dir='ltr'><strong><em>ἦν</em></strong></span> <span class='ocrx_word' id='word_1_359' title='bbox 416 4056 450 4112; x_wconf 88' lang='lat' dir='ltr'><strong><em>R.</em></strong></span> <span class='ocrx_word' id='word_1_360' title='bbox 468 4047 505 4131; x_wconf 76' lang='grc' dir='ltr'><strong><em>ἦν</em></strong></span> <span class='ocrx_word' id='word_1_361' title='bbox 522 4057 554 4114; x_wconf 84' lang='lat' dir='ltr'><strong><em>G.</em></strong></span> <span class='ocrx_word' id='word_1_362' title='bbox 573 4062 662 4129; x_wconf 85' lang='grc' dir='ltr'><strong><em>μετῆν</em></strong></span> <span class='ocrx_word' id='word_1_363' title='bbox 679 4058 757 4128; x_wconf 80' lang='lat' dir='ltr'>Emp.</span> <span class='ocrx_word' id='word_1_364' title='bbox 828 4061 860 4112; x_wconf 80' lang='grc'><strong><em>13</em></strong></span> <span class='ocrx_word' id='word_1_365' title='bbox 877 4055 1025 4128; x_wconf 80' lang='grc' dir='ltr'><strong><em>δπιμελίας</em></strong></span> <span class='ocrx_word' id='word_1_366' title='bbox 1042 4057 1072 4112; x_wconf 92' lang='grc' dir='ltr'><strong>Μ</strong></span> <span class='ocrx_word' id='word_1_367' title='bbox 1152 4063 1184 4113; x_wconf 82' lang='lat'><strong><em>14</em></strong></span> <span class='ocrx_word' id='word_1_368' title='bbox 1201 4052 1229 4115; x_wconf 76' lang='grc' dir='ltr'><strong><em>οἱ</em></strong></span> <span class='ocrx_word' id='word_1_369' title='bbox 1247 4058 1277 4115; x_wconf 73' lang='grc' dir='ltr'><strong><em>δὲ</em></strong></span> <span class='ocrx_word' id='word_1_370' title='bbox 1294 4059 1318 4111; x_wconf 91' lang='grc' dir='ltr'>Β</span> 
     </span>
     <span class='ocr_line' id='line_1_36' title="bbox 132 4133 1387 4217; baseline -0.003 -16"><span class='ocrx_word' id='word_1_371' title='bbox 132 4139 248 4216; x_wconf 77' lang='grc' dir='ltr'><strong><em>ἑωράθη</em></strong></span> <span class='ocrx_word' id='word_1_372' title='bbox 264 4143 355 4214; x_wconf 72' lang='grc' dir='ltr'><strong><em>Εωρ,</em></strong></span> <span class='ocrx_word' id='word_1_373' title='bbox 372 4137 488 4215; x_wconf 68' lang='grc' dir='ltr'><strong><em>ἐπράθη</em></strong></span> <span class='ocrx_word' id='word_1_374' title='bbox 505 4143 534 4196; x_wconf 92' lang='grc' dir='ltr'><strong>Μ</strong></span> <span class='ocrx_word' id='word_1_375' title='bbox 553 4136 656 4217; x_wconf 79' lang='grc' dir='ltr'><strong><em>άράθη</em></strong></span> <span class='ocrx_word' id='word_1_376' title='bbox 671 4143 720 4201; x_wconf 87' lang='lat' dir='ltr'><strong><em>UB</em></strong></span> <span class='ocrx_word' id='word_1_377' title='bbox 825 4148 858 4198; x_wconf 82' lang='lat'><strong><em>20</em></strong></span> <span class='ocrx_word' id='word_1_378' title='bbox 875 4142 929 4214; x_wconf 72' lang='grc' dir='ltr'><strong><em>μὲν</em></strong></span> <span class='ocrx_word' id='word_1_379' title='bbox 945 4146 994 4201; x_wconf 85' lang='grc' dir='ltr'><strong><em>καί</em></strong></span> <span class='ocrx_word' id='word_1_380' title='bbox 1011 4133 1127 4215; x_wconf 70' lang='grc' dir='ltr'><strong><em>ἥδιστον</em></strong></span> <span class='ocrx_word' id='word_1_381' title='bbox 1143 4143 1206 4210; x_wconf 82' lang='lat' dir='ltr'><strong>(hoc</strong></span> <span class='ocrx_word' id='word_1_382' title='bbox 1223 4143 1292 4210; x_wconf 87' lang='lat' dir='ltr'>ord.)</span> <span class='ocrx_word' id='word_1_383' title='bbox 1311 4141 1387 4200; x_wconf 82' lang='lat' dir='ltr'><strong>stob.</strong></span> 
     </span>
     <span class='ocr_line' id='line_1_37' title="bbox 129 4221 1386 4303; baseline 0.003 -21"><span class='ocrx_word' id='word_1_384' title='bbox 129 4227 254 4283; x_wconf 80' lang='lat' dir='ltr'>Lxl119</span> <span class='ocrx_word' id='word_1_385' title='bbox 341 4232 375 4283; x_wconf 81' lang='lat'><strong><em>22</em></strong></span> <span class='ocrx_word' id='word_1_386' title='bbox 391 4231 447 4284; x_wconf 84' lang='grc' dir='ltr'><strong><em>τινί</em></strong></span> <span class='ocrx_word' id='word_1_387' title='bbox 464 4243 516 4283; x_wconf 88' lang='lat' dir='ltr'><strong><em>om.</em></strong></span> <span class='ocrx_word' id='word_1_388' title='bbox 535 4227 612 4285; x_wconf 73' lang='lat' dir='ltr'><strong>swb.</strong></span> <span class='ocrx_word' id='word_1_389' title='bbox 630 4228 647 4282; x_wconf 87' lang='lat'><strong><em>1.</em></strong></span> <span class='ocrx_word' id='word_1_390' title='bbox 665 4228 684 4283; x_wconf 88' lang='lat'><strong><em>1.</em></strong></span> <span class='ocrx_word' id='word_1_391' title='bbox 772 4231 805 4284; x_wconf 81' lang='lat'><strong><em>2³</em></strong></span> <span class='ocrx_word' id='word_1_392' title='bbox 824 4221 926 4301; x_wconf 79' lang='grc' dir='ltr'><strong><em>ἀνδρία</em></strong></span> <span class='ocrx_word' id='word_1_393' title='bbox 944 4228 975 4283; x_wconf 99' lang='grc' dir='ltr'><strong>Μ</strong></span> <span class='ocrx_word' id='word_1_394' title='bbox 1065 4231 1114 4286; x_wconf 84' lang='grc' dir='ltr'><strong><em>καί</em></strong></span> <span class='ocrx_word' id='word_1_395' title='bbox 1133 4224 1306 4303; x_wconf 85' lang='grc' dir='ltr'><strong><em>σωφροσύνη</em></strong></span> <span class='ocrx_word' id='word_1_396' title='bbox 1323 4228 1386 4286; x_wconf 75' lang='lat' dir='ltr'>add.</span> 
     </span>
     <span class='ocr_line' id='line_1_38' title="bbox 130 4303 1309 4384; baseline 0.002 -17"><span class='ocrx_word' id='word_1_397' title='bbox 130 4311 209 4368; x_wconf 83' lang='lat' dir='ltr'><strong>Dind.</strong></span> <span class='ocrx_word' id='word_1_398' title='bbox 296 4317 329 4369; x_wconf 72' lang='lat'><strong><em>24</em></strong></span> <span class='ocrx_word' id='word_1_399' title='bbox 347 4311 459 4372; x_wconf 83' lang='grc' dir='ltr'><strong><em>οίονται</em></strong></span> <span class='ocrx_word' id='word_1_400' title='bbox 477 4313 507 4368; x_wconf 93' lang='grc' dir='ltr'><strong>Μ</strong></span> <span class='ocrx_word' id='word_1_401' title='bbox 593 4319 696 4372; x_wconf 80' lang='grc' dir='ltr'><strong><em>λαθεῖν</em></strong></span> <span class='ocrx_word' id='word_1_402' title='bbox 712 4313 788 4370; x_wconf 74' lang='lat' dir='ltr'>Stob.</span> <span class='ocrx_word' id='word_1_403' title='bbox 875 4319 908 4370; x_wconf 78' lang='lat'><strong><em>26</em></strong></span> <span class='ocrx_word' id='word_1_404' title='bbox 927 4303 1019 4381; x_wconf 65' lang='grc' dir='ltr'><strong><em>οὕτως</em></strong></span> <span class='ocrx_word' id='word_1_405' title='bbox 1035 4313 1126 4380; x_wconf 60' lang='lat' dir='ltr'><strong>stoli,</strong></span> <span class='ocrx_word' id='word_1_406' title='bbox 1151 4303 1231 4384; x_wconf 71' lang='grc' dir='ltr'><strong><em>ὅμως</em></strong></span> <span class='ocrx_word' id='word_1_407' title='bbox 1247 4313 1309 4371; x_wconf 89' lang='lat' dir='ltr'><strong>iibri</strong></span> 
     </span>
     <span class='ocr_line' id='line_1_39' title="bbox 132 4391 1388 4471; baseline 0.002 -16"><span class='ocrx_word' id='word_1_408' title='bbox 132 4391 245 4464; x_wconf 80' lang='grc' dir='ltr'><strong><em>ύξειναν</em></strong></span> <span class='ocrx_word' id='word_1_409' title='bbox 257 4397 286 4452; x_wconf 89' lang='grc' dir='ltr'><strong>Μ</strong></span> <span class='ocrx_word' id='word_1_410' title='bbox 356 4391 445 4456; x_wconf 80' lang='grc' dir='ltr'><strong><em>αι’τοῦ</em></strong></span> <span class='ocrx_word' id='word_1_411' title='bbox 463 4397 487 4454; x_wconf 88' lang='lat' dir='ltr'>U</span> <span class='ocrx_word' id='word_1_412' title='bbox 567 4393 608 4457; x_wconf 80' lang='grc' dir='ltr'><strong><em>ἔτι</em></strong></span> <span class='ocrx_word' id='word_1_413' title='bbox 626 4399 656 4458; x_wconf 76' lang='grc' dir='ltr'><strong><em>δὲ</em></strong></span> <span class='ocrx_word' id='word_1_414' title='bbox 672 4399 736 4467; x_wconf 83' lang='grc' dir='ltr'><strong><em>ΒΜ,</em></strong></span> <span class='ocrx_word' id='word_1_415' title='bbox 752 4399 782 4454; x_wconf 88' lang='lat' dir='ltr'><strong><em>in</em></strong></span> <span class='ocrx_word' id='word_1_416' title='bbox 801 4398 824 4453; x_wconf 90' lang='lat' dir='ltr'>U</span> <span class='ocrx_word' id='word_1_417' title='bbox 843 4396 884 4458; x_wconf 78' lang='grc' dir='ltr'><strong><em>ἔτι</em></strong></span> <span class='ocrx_word' id='word_1_418' title='bbox 901 4402 1053 4457; x_wconf 65' lang='lat' dir='ltr'><strong>strumento</strong></span> <span class='ocrx_word' id='word_1_419' title='bbox 1071 4399 1216 4471; x_wconf 72' lang='lat' dir='ltr'>superfuso</span> <span class='ocrx_word' id='word_1_420' title='bbox 1234 4404 1345 4469; x_wconf 79' lang='lat' dir='ltr'>tectum,</span> <span class='ocrx_word' id='word_1_421' title='bbox 1362 4395 1388 4458; x_wconf 83' lang='grc' dir='ltr'><strong><em>εί</em></strong></span> 
     </span>
     <span class='ocr_line' id='line_1_40' title="bbox 131 4479 1336 4558; baseline 0.002 -18"><span class='ocrx_word' id='word_1_422' title='bbox 131 4481 203 4540; x_wconf 79' lang='grc' dir='ltr'><strong><em>δλΤ</em></strong></span> <span class='ocrx_word' id='word_1_423' title='bbox 272 4479 370 4550; x_wconf 82' lang='grc' dir='ltr'><strong><em>ἀλλοις</em></strong></span> <span class='ocrx_word' id='word_1_424' title='bbox 387 4499 439 4540; x_wconf 88' lang='lat' dir='ltr'><strong><em>om.</em></strong></span> <span class='ocrx_word' id='word_1_425' title='bbox 458 4483 534 4540; x_wconf 86' lang='lat' dir='ltr'><strong>Stob.</strong></span> <span class='ocrx_word' id='word_1_426' title='bbox 604 4489 636 4539; x_wconf 71' lang='lat'><strong><em>27</em></strong></span> <span class='ocrx_word' id='word_1_427' title='bbox 654 4485 827 4557; x_wconf 80' lang='grc' dir='ltr'><strong><em>γίνονταιΌ</em></strong></span> <span class='ocrx_word' id='word_1_428' title='bbox 908 4489 941 4542; x_wconf 76' lang='lat'><strong><em>29</em></strong></span> <span class='ocrx_word' id='word_1_429' title='bbox 960 4505 1027 4558; x_wconf 88' lang='grc' dir='ltr'><strong><em>φησι</em></strong></span> <span class='ocrx_word' id='word_1_430' title='bbox 1044 4486 1115 4556; x_wconf 83' lang='lat' dir='ltr'><strong>iibri,</strong></span> <span class='ocrx_word' id='word_1_431' title='bbox 1133 4481 1217 4558; x_wconf 80' lang='grc' dir='ltr'><strong><em>φήσει</em></strong></span> <span class='ocrx_word' id='word_1_432' title='bbox 1233 4485 1336 4542; x_wconf 75' lang='grc' dir='ltr'><strong><em>διεοδο</em></strong></span> 
     </span>
     <span class='ocr_line' id='line_1_41' title="bbox 129 4563 786 4643; baseline -0.003 -16"><span class='ocrx_word' id='word_1_433' title='bbox 129 4569 183 4640; x_wconf 75' lang='grc' dir='ltr'><strong><em>μὲν</em></strong></span> <span class='ocrx_word' id='word_1_434' title='bbox 199 4583 251 4638; x_wconf 82' lang='lat' dir='ltr'><strong><em>pro</em></strong></span> <span class='ocrx_word' id='word_1_435' title='bbox 268 4587 305 4638; x_wconf 83' lang='grc' dir='ltr'><strong><em>με</em></strong></span> <span class='ocrx_word' id='word_1_436' title='bbox 322 4567 347 4624; x_wconf 90' lang='lat' dir='ltr'>U</span> <span class='ocrx_word' id='word_1_437' title='bbox 416 4573 449 4624; x_wconf 80' lang='lat'><strong><em>³0</em></strong></span> <span class='ocrx_word' id='word_1_438' title='bbox 468 4565 587 4638; x_wconf 77' lang='grc' dir='ltr'><strong><em>ἔπαινος</em></strong></span> <span class='ocrx_word' id='word_1_439' title='bbox 604 4563 738 4643; x_wconf 83' lang='grc' dir='ltr'><strong><em>ἀνδρείας</em></strong></span> <span class='ocrx_word' id='word_1_440' title='bbox 754 4569 786 4625; x_wconf 94' lang='grc' dir='ltr'><strong>Μ</strong></span> 
     </span>
    </p>
   </div>
   <div class='ocr_carea' id='block_1_4' title="bbox 0 0 1756 5264">
    <p class='ocr_par' dir='ltr' id='par_1_4' title="bbox 0 0 1756 5264">
     <span class='ocr_line' id='line_1_42' title="bbox 0 0 1756 5264; baseline 0 0"><span class='ocrx_word' id='word_1_441' title='bbox 0 0 1756 5264; x_wconf 95' lang='lat' dir='ltr'><strong><em> </em></strong></span> 
     </span>
    </p>
   </div>
  </div>
 </body>
</html>
