3466 5268
298 374 338 433 94
609 377 733 435 DIONIS
751 375 955 435 Rsscusmo
973 377 1232 435 memmius

296 553 424 614 τούτων
448 549 483 614 δέ
507 553 668 616 ἁπάντων
691 555 880 639 ἅνθρωπος
903 549 1096 618 δεινότατόν
1119 556 1194 617 ἐστι
1214 556 1271 617 καί
1287 553 1450 642 πλείστην
1472 558 1548 638 ἕχον
1563 572 1690 624 (ειτΒΙῐ)

298 655 448 717 σύνεσιν·
487 655 573 718 ὥστε
609 655 699 739 κακῷ
732 660 793 736 μέν
828 660 967 743 ηγεμόνι
1003 659 1139 720 πάντων
1168 657 1393 742 ἐχθρότατον,
1428 658 1477 743 τῷ
1512 658 1548 724 δέ

298 754 420 839 ἀγαθῷ
444 760 582 821 πάντων
612 761 842 822 εὐνούστατον.
891 756 953 843 ηδύ
981 762 1043 840 μὲν
1072 763 1179 836 οὕτως
1206 765 1280 836 τοῖς
1308 763 1552 842 ἐπισταμένοις

297 861 335 921 τό
359 861 488 944 ἄρχειν·
514 859 665 941 χαλεπόν
689 859 724 925 δέ
748 863 806 924 οὐκ
828 863 869 924 ἂν
892 862 943 948 εἴη
968 869 1103 948 πρᾶγμα
1128 859 1224 926 ούδέν
1252 861 1300 947 τῷ
1328 861 1551 949 μελετήσαντι
1565 873 1614 924 (⁵87
1627 875 1663 927 Μ)

257 957 336 1038 θέξ
357 963 460 1049 ἀρχῆς
487 965 543 1027 καί
572 971 873 1049 παρεσκευασμένῳ
898 968 985 1051 πρὸς
1014 967 1104 1029 αύτό.
1157 968 1175 1028 δ
1205 963 1240 1028 δέ
1270 964 1317 1049 τῴ
1348 969 1420 1030 όντι
1450 964 1585 1052 φιλόο

299 1084 409 1153 σοφός
425 1069 482 1130 ούκ
497 1065 580 1130 άλλο
596 1089 630 1130 τι
646 1069 836 1153 φανήσεται
857 1067 1124 1149 διαπονούμενος
1146 1069 1165 1155 ἢ
1188 1071 1284 1145 δπως
1306 1069 1420 1154 ἄρχειν
1441 1067 1552 1146 καλῶς

299 1168 477 1256 δυνήσεται
499 1173 555 1234 καί
578 1172 682 1234 αὑτοῦ
701 1173 758 1234 καί
780 1173 889 1247 οἰκίας
910 1173 966 1234 καί
989 1169 1122 1247 πόλεως
1142 1180 1202 1258 τῆς
1222 1173 1382 1258 μεγίστης
1395 1173 1453 1234 καί
1476 1169 1552 1234 συλ-

300 1271 423 1360 λήβδην
453 1277 614 1338 ἁπάντων
643 1275 856 1359 ἀνθρώπων,
884 1276 925 1338 δν
955 1277 1185 1360 ἐπιτρέπωσι,
1213 1277 1271 1339 καί
1299 1277 1400 1350 αύτδς
1427 1273 1490 1354 μέν
1513 1275 1551 1336 ού

299 1378 550 1464 προσδεήσεται
579 1375 715 1454 οὐδενός
743 1379 905 1461 άρχοντος
935 1367 1010 1438 ἀλλ’
1041 1377 1061 1462 ἢ
1091 1374 1272 1461 τοῦλόγου
1295 1377 1351 1440 καί
1373 1378 1551 1457 τοῦθεοῦ,

298 1489 365 1544 τῶν
398 1480 434 1544 δὲ
468 1477 579 1543 ἄλλων
613 1481 809 1565 ἀνθρώπων
841 1477 1087 1558 ἐπιμελεῖσθαι
1118 1481 1175 1541 καί
1209 1475 1401 1566 φροντίζειν
1435 1481 1548 1556 ἱκανός
1572 1499 1601 1550 ιο

298 1585 404 1647 ἐσται.
456 1586 513 1647 καί
540 1591 639 1645 τούτο
663 1580 739 1644 ούδδ
766 1584 845 1658 τούς
874 1579 1037 1662 βασιλέας
1066 1583 1187 1658 αύτούς
1217 1580 1360 1668 λέληθεν
1384 1581 1461 1646 ούδὲ
1484 1589 1551 1646 τῶν

298 1685 334 1747 ἐν
356 1690 433 1761 ταῖς
456 1683 670 1761 δυναστείαις
691 1687 768 1747 όσοι
789 1687 833 1771 μή
858 1682 980 1761 τελέως
1002 1687 1158 1771 ἄφρονες.
1196 1687 1342 1770 τῶνγὰρ
1366 1683 1552 1749 πεπαιδευ-

297 1793 407 1869 μένων
442 1791 477 1852 ἐν
511 1794 584 1864 τοῖς
611 1789 784 1870 μεγίστοις
821 1785 955 1850 δέονται
986 1785 1195 1869 συμβούλους
1226 1789 1327 1869 σφίσι
1360 1789 1552 1872 γίγνεσθαι,

299 1894 356 1956 καί
377 1897 450 1968 τοῖς
472 1887 591 1968 ἄλλοις
612 1893 883 1975 προστάττοντες
906 1891 1003 1954 αύτοί
1024 1883 1109 1976 παρ’
1143 1891 1277 1955 ἐκείνων
1306 1893 1551 1974 προστάγματα

259 2003 278 2060 4
303 1992 531 2077 λαμβάνουσιν
560 1996 581 2056 δ
610 1990 666 2058 δεῖ
689 1996 850 2078 πράττειν
878 1996 935 2057 καί
963 1994 1064 2057 τίνων
1098 1995 1310 2074 ἀπέχεσθαι·
1347 1996 1462 2080 ὥσπερ
1490 1997 1549 2056 τόν
1571 2013 1601 2066 15

295 2087 527 2179 Ἀγαμέμνονα
542 2089 689 2184 Ὅμηρός
712 2112 817 2182 φησιν
840 2097 894 2159 άεί
916 2093 1152 2182 προσδεῖσθαι
1174 2105 1233 2183 τῆς
1255 2099 1388 2184 γνώμης
1411 2105 1473 2160 τοῦ
1486 2100 1552 2161 Νέ-

301 2217 421 2284 στορος
447 2201 504 2264 καί
532 2203 650 2276 δσάκις
679 2197 769 2282 αύτῷ
803 2195 1065 2280 συμβουλεύοντι
1092 2201 1137 2285 μη
1167 2201 1333 2286 ἐπείσθη,
1364 2198 1553 2284 ὀδύρεσθαι
1565 2221 1697 2274 (man)

297 2305 355 2366 καί
387 2311 591 2390 παραχρῆμα
623 2307 810 2382 μετανοεῖν.
870 2298 1050 2376 Φίλιππος
1079 2298 1133 2378 δέ,
1167 2303 1205 2378 δς
1237 2300 1333 2365 δοκεῖ
1362 2299 1556 2377 δεινότατος

299 2405 462 2487 γενέσθαι
484 2411 551 2467 τῶν
572 2402 758 2486 βασιλέων,
777 2393 1014 2489 Ἀριστοτέλην
1036 2406 1223 2490 ἐπηγάγετο
1246 2404 1295 2487 τῷ
1316 2407 1389 2468 υἱεῖ
1402 2396 1555 2481 Ἀλεξάν-

300 2505 367 2590 δρῳ
392 2503 596 2569 διδάσκαλον
616 2508 674 2569 καί
694 2507 855 2586 ἄρχοντα,
884 2507 931 2580 ὡς
954 2507 1055 2581 αύτός
1078 2508 1136 2586 ούχ
1159 2507 1272 2582 ἱκανός
1293 2509 1340 2570 ὢν
1366 2504 1552 2571 παιδεῦσαι
1572 2523 1604 2575 2⁰

299 2611 358 2695 την
388 2605 566 2694 βασιλικὴν
594 2609 801 2692 ἐπιστήμην·
833 2603 918 2670 ἀλλά
947 2614 1015 2670 τῶν
1043 2609 1105 2688 μέν
1133 2604 1245 2671 ἄλλων
1270 2607 1477 2674 Μακεδόνων
1498 2612 1556 2673 καί

302 2708 443 2794 Θρᾳκῶν
471 2710 528 2773 καί
550 2701 717 2794 Ἰλλυριῶν
745 2710 801 2772 καί
828 2715 896 2772 τῶν
920 2700 1081 2793 Ἑλλήνων
1116 2711 1277 2772 ἁπάντων
1305 2709 1401 2798 ηξίου
1430 2715 1554 2798 ἄρχειν,

300 2814 358 2874 τόν
382 2810 418 2876 δέ
440 2815 514 2875 υἱόν
529 2816 631 2897 ἑτέρῳ
649 2808 835 2897 παρεδίδου
852 2812 1119 2896 ἀρχθησόμενον,
1141 2813 1198 2876 καί
1212 2816 1396 2890 τοσαύταις
1412 2818 1554 2898 μυριάσι

300 2917 523 3000 προστάττων
546 2918 596 2978 ἐνί
617 2917 731 2998 ἐκείνῳ
757 2917 981 2999 προστάττειν
1005 2915 1063 2994 ούχ
1091 2915 1265 2996 ὑπέμενεν.
1318 2917 1356 2978 ού
1384 2918 1448 3002 γάρ
1478 2916 1553 2980 ἴσον

298 3023 412 3105 ἡγεῖτο
434 3017 586 3082 κίνδυνον
609 3017 697 3081 εἶναι
720 3016 827 3100 αύτῷ,
858 3019 889 3079 εί
918 3019 998 3101 περί
1025 3019 1104 3093 τούς
1133 3015 1255 3094 ἄλλους
1282 3016 1509 3104 ἐξαμαρτάνοι
1528 3021 1549 3106 ἢ
1572 3033 1602 3085 26

260 3125 279 3186 5
302 3121 338 3184 εί
354 3144 389 3184 τι
412 3124 491 3206 περί
512 3124 570 3184 τόν
593 3122 675 3183 υἱόν.
720 3122 833 3184 καίτοι
855 3124 1021 3206 πρότερον
1044 3121 1144 3197 αύτός
1167 3124 1202 3185 ἐν
1227 3120 1358 3209 Θήβαις
1380 3125 1552 3209 όμηρεόων

298 3221 481 3307 Πελοπίδᾳ
496 3244 532 3286 τε
549 3233 659 3310 συνῆν,
675 3220 772 3308 ἀνδρί
787 3221 1058 3306 πεπαιδευμένῳ,
1082 3226 1169 3288 ὥστε
1189 3229 1246 3290 καί
1261 3227 1404 3314 ἐραστην
1414 3228 1553 3313 έφασαν

300 3328 403 3390 αὐτοῦ
430 3330 489 3390 τόν
518 3323 718 3389 Πελοπίδαν
746 3329 924 3409 γενέσθαι,
957 3328 1013 3391 καί
1038 3318 1307 3408 Ἐπαμεινώνδου
1336 3331 1378 3391 τά
1407 3350 1444 3393 τε
1472 3330 1552 3413 ἔργα

299 3431 389 3514 ἐώρα
410 3432 555 3494 καὶτῶν
578 3426 685 3512 λόγων
708 3427 744 3492 δὲ
766 3431 894 3516 ἤκουεν,
917 3429 955 3506 δς
978 3431 1037 3492 ούκ
1058 3431 1129 3492 δπδ
1151 3432 1363 3510 ταύτομάτου
1389 3436 1552 3492 τοσοῦτον

301 3529 435 3611 ἴσχυσεν
457 3533 492 3594 ἐν
520 3536 593 3607 τοῖς
607 3523 744 3616 Ἕλλησι
765 3534 822 3595 καί
850 3535 1016 3618 τοσαύτην
1037 3529 1227 3619 μεταβολὴν
1255 3533 1434 3616 ἐποίησεν,
1464 3532 1550 3591 ὥστε
1570 3541 1600 3592 ³⁰

388 3801 469 3855 ίκαί
486 3827 520 3839 -
538 3801 553 3852 2
570 3793 686 3857 σύνεσιν
701 3799 796 3854 omli
880 3793 949 3869 ἔχον
965 3797 1074 3862 licinio,
1091 3792 1166 3868 ἔχων
1181 3793 1246 3850 iibri
1330 3787 1599 3864 θεύνούστερονΔ

298 3883 372 3950 libri,
391 3898 460 3940 οοεε.
479 3882 581 3940 Βάιίω
599 3899 632 3940 ex
649 3883 764 3953 interpr.
884 3883 1007 3939 desidero
1025 3871 1078 3940 οδν
1094 3884 1157 3951 pout
1174 3874 1224 3952 ἡδύ
1241 3879 1295 3950 μὲν
1426 3885 1554 3950 τεταρα-

302 3968 545 4039 σκευασαμένῳΒ
615 3961 706 4027 αὐτὸν
722 3969 752 4023 Μ
821 3964 1081 4037 ύόιαπονούμενος
1098 3965 1226 4022 Βείείύιιι
1243 3960 1466 4034 διακονούμενος
1482 3961 1555 4028 libri,

300 4049 505 4124 διανοούμενος
523 4054 640 4110 casaub.
744 4049 762 4126 ἢ
780 4043 861 4120 δτιως
878 4052 984 4122 scripsi,
1002 4048 1020 4124 ἢ
1037 4050 1073 4109 τδ
1091 4055 1154 4117 παῖς
1171 4051 1234 4106 libri
1339 4054 1370 4104 1⁰
1388 4041 1556 4122 άνθρυίιιων

299 4154 353 4195 σοι.
371 4138 420 4197 UT
509 4145 539 4196 1³
558 4136 732 4212 συμβούλοις
749 4137 797 4195 UT
883 4155 955 4206 σφιν
971 4135 1002 4192 Μ
1105 4142 1138 4192 14
1156 4133 1372 4210 πρόσταγμαΤ
1461 4139 1492 4191 16
1510 4124 1556 4193 ἀεὶ

299 4224 415 4296 δείδω,
432 4217 452 4285 διι
469 4229 512 4284 δεῖ
527 4225 590 4281 limi
658 4229 694 4297 τῇ
710 4223 810 4297 γνώμη
828 4221 901 4279 ὓΒΤ
971 4227 1003 4278 20
1021 4216 1064 4280 σίν
1081 4214 1134 4295 ούχ
1152 4217 1253 4289 ἱκανὸς
1269 4223 1331 4289 (hoc
1348 4221 1418 4286 ord.)
1434 4218 1509 4276 UB'I*

301 4314 334 4365 23
352 4305 575 4384 ἀρχθησόμενον
591 4310 693 4366 Reinke
710 4304 915 4382 άχθησόμενον
931 4306 995 4364 libri
1082 4312 1115 4364 25
1133 4301 1212 4384 αι’τῷ
1228 4307 1300 4376 libri,
1318 4323 1388 4363 corr.
1406 4303 1487 4376 Emp.
1545 4359 1546 4364 ,

301 4399 334 4451 26
352 4393 383 4453 εί
395 4395 513 4455 τιΒεί
525 4417 566 4463 τις
583 4395 663 4452 UMT
749 4387 958 4452 28αύτδνΒΠ
974 4392 1399 4464 οι.ρι·.,ἰσΜ-οῦίοεεσιιη
1467 4395 1558 4450 Πελο-

301 4483 370 4539 πίδα
389 4479 462 4538 UBT
512 4473 752 4552 ἐπαμιναίνδουΤ
805 4485 837 4536 29
856 4475 910 4538 τὸν
927 4478 1057 4554 λδγονΒ
1108 4476 1232 4552 ἤκουσεν
1248 4479 1319 4548 libri,
1339 4494 1410 4535 corr.
1428 4478 1510 4548 Emp.

302 4561 343 4634 ὥς
359 4583 410 4638 pro
429 4561 463 4634 δς
479 4566 554 4624 UBT
