3476 5264
338 421 405 488 258
786 418 911 478 mons
928 417 981 475 m:
996 417 1156 475 MSSU

342 593 448 684 καλῶς
476 597 620 677 εὐωχίας
644 597 680 660 έν
710 595 914 679 ἀνθρώποις
942 591 1145 680 τρισχιλίοις
1172 596 1229 656 καί
1258 590 1432 673 πλείοσιν,
1461 593 1543 680 ἧκον
1575 597 1613 658 έν

346 701 499 782 πρώτοις
522 695 611 761 πάνυ
634 698 785 782 θαρρῶν.
821 698 894 777 είμί
916 693 952 759 δὲ
971 693 1134 782 φιλήκοος
1149 697 1206 758 καί
1222 694 1434 781 φιλόμουσος
1448 697 1613 777 ἀτεχνῶς,

347 801 386 864 ού
409 803 499 864 πάνυ
521 801 685 883 ἔμπειρος
707 802 754 862 ῶν
775 807 956 885 μουσικῆς·
988 799 1076 862 ὥστε
1096 796 1196 880 είπορ
1219 799 1334 879 ἔτυχον
1356 801 1500 883 γεγονώς
1522 801 1611 863 κατά

345 904 468 968 ταύτύν
486 892 620 988 Ὀρφεῖ,
652 898 739 966 δοκῶ
760 921 839 982 μοι,
870 907 1010 986 πρῶτος
1030 902 1078 963 άν
1102 899 1376 986 ἐπηκολούθουν,
1405 905 1437 965 εί
1457 905 1516 966 καί
1537 900 1731 966 έδειιιετιιο

344 1006 430 1088 μετὰ
459 1006 586 1087 νεβρῶν
615 1025 717 1068 τινων
745 1005 766 1090 ἢ
795 1007 948 1084 μόσχων,
979 1000 1075 1066 οὐδὲν
1104 1001 1321 1085 αίδούμενος·
1354 1007 1433 1068 έπεί
1459 1007 1518 1070 καί
1546 1014 1648 1068 rsus

345 1109 448 1170 ταύτδ
470 1115 570 1170 τούτο
594 1110 715 1186 πάσχω
739 1103 915 1184 πολλάκις,
938 1103 1081 1169 ἐπειδάν
1097 1106 1332 1190 εἰσαφίκωμαι
1348 1115 1528 1194 σοφιστοῦ,
1550 1105 1612 1172 διά

346 1211 407 1296 την
430 1211 627 1294 προσοῦσάν
649 1229 710 1289 μοι
733 1210 899 1293 ἀκρασίαν
921 1210 1002 1293 περί
1023 1211 1103 1284 τούς
1126 1205 1260 1291 λόγους,
1287 1202 1367 1293 [καί]
1388 1211 1473 1289 μετά
1496 1213 1611 1273 τοιού·
1627 1223 1679 1274 (ιω
1692 1223 1721 1270 m

347 1333 415 1375 των
433 1307 699 1394 συναγελάζομαι
714 1313 934 1397 θρεμμάτων,
958 1311 1093 1395 ὡραίων
1108 1313 1165 1372 καί
1180 1307 1301 1389 καλῶν,
1324 1308 1437 1386 άλλως
1453 1308 1489 1374 δέ
1504 1313 1614 1397 θορυ-

306 1415 501 1496 4βούντων
529 1416 586 1477 καί
615 1421 750 1497 σκιρτᾶν
779 1415 1084 1498 προθυμουμένων.
1135 1419 1235 1474 τοῦτο
1266 1409 1302 1474 δέ
1332 1414 1498 1477 πέπονθα
1521 1418 1612 1499 πρός

348 1519 428 1592 τούς
445 1518 614 1602 σοφιστάς
630 1537 666 1580 τε
680 1518 737 1578 καί
751 1517 898 1600 ῥήτορας
913 1517 1069 1591 ἅπαντας
1086 1512 1212 1594 σχεδόν.
1248 1515 1408 1600 καθάπερ
1426 1518 1460 1578 ol
1475 1520 1609 1598 πτωχοί
1633 1526 1665 1577 1⁰

348 1619 405 1680 καί
425 1619 504 1692 τούς
526 1619 673 1702 μετρίως
695 1619 862 1703 εὐπόρους
883 1613 1111 1704 μακαρίζουσι
1142 1614 1199 1680 διά
1228 1619 1287 1703 τήν
1317 1620 1428 1682 αὐτῶν
1451 1620 1612 1705 ἀπορίαν,

348 1720 438 1801 κάγὼ
462 1720 541 1794 τούς
564 1721 720 1804 ἁμῃγέπῃ
745 1717 907 1796 δυνατούς
931 1717 1037 1803 λέγειν
1060 1714 1227 1800 θαυμάζω
1257 1721 1314 1783 καί
1341 1722 1463 1803 ἀγαπῶ
1492 1719 1548 1784 διδ
1573 1725 1612 1784 τό

351 1821 452 1897 αότδς
474 1818 640 1897 ἀδύνατος
662 1821 752 1886 εἶναι
775 1819 891 1906 λέγειν.
941 1824 980 1884 τό
1009 1827 1128 1903 μέντοι
1156 1829 1224 1886 τῶν
1252 1820 1459 1905 κιθαρῳδῶν
1488 1845 1525 1886 τε
1555 1826 1615 1887 καί

350 1925 388 2010 νη
411 1925 481 1988 Δία
504 1931 571 1988 τῶν
592 1925 785 2008 ὑποκριτῶν
808 1925 846 1987 ού
870 1916 956 2010 παρ’
981 1921 1095 2007 ὀλίγον
1117 1945 1180 2004 μοι
1204 1921 1301 1988 δοκεῖ
1318 1913 1495 2011 διαφέρειν
1525 1928 1614 2011 πρός

349 2023 482 2114 ηδονην.
540 2022 599 2113 (ἦ)
626 2049 663 2092 τε
684 2029 747 2113 γάρ
772 2029 867 2115 φωνι)
890 2023 1014 2109 μείζων
1042 2030 1098 2090 καί
1127 2023 1229 2111 δῆλον
1259 2029 1313 2089 ότι
1341 2024 1568 2111 έμμελεστέρα
1593 2031 1615 2114 ἦ
1640 2035 1672 2088 15

351 2151 388 2196 τε
412 2128 502 2210 λέξις
525 2133 583 2196 ούκ
605 2131 841 2214 αύτοοχέδιος,
871 2133 988 2216 ὥσπερ
1010 2135 1030 2215 η
1059 2138 1127 2194 τῶν
1155 2132 1310 2216 ρητόρων
1338 2125 1376 2206 έξ
1397 2131 1548 2212 ύπογύου
1572 2131 1615 2192 τὰ

352 2231 463 2298 πολλά
486 2240 707 2320 πειρωμένων
731 2233 848 2318 λέγειν,
871 2232 956 2298 ἀλλά
981 2241 1134 2318 ποιητῶν
1157 2227 1330 2311 ἐπιμελῶς
1350 2233 1408 2296 καί
1429 2233 1514 2295 κατά
1538 2249 1615 2312 σχο-

313 2339 333 2401 5
356 2333 416 2423 λην
438 2340 687 2423 πεποιηκότων.
731 2340 788 2401 καί
808 2339 851 2400 τό
874 2357 910 2419 γε
933 2332 1045 2399 πολλὰ
1068 2338 1177 2398 αύτῶν
1194 2335 1324 2418 άρχαῐό
1347 2337 1422 2398 ἐστι
1443 2336 1500 2398 καί
1525 2332 1617 2398 πολύ

355 2445 561 2524 σοφωτέρων
584 2437 715 2524 ἀνδρῶν
735 2441 757 2524 ἢ
780 2447 848 2503 τῶν
871 2447 943 2502 νύν·
966 2440 1009 2502 τά
1031 2441 1092 2519 μέν
1111 2447 1171 2524 τῆς
1185 2435 1366 2519 κωμῳδίας
1382 2439 1533 2501 ἅπαντα·
1556 2446 1618 2524 τῆς

354 2536 390 2601 δὲ
414 2537 603 2622 τραγῳδίας
624 2541 666 2603 τά
688 2543 750 2620 μὲν
773 2543 903 2626 ίσχυρά,
926 2542 973 2616 ὡς
987 2541 1086 2617 έοικε,
1109 2545 1220 2621 μένε-ι·
1244 2537 1328 2622 λέγω
1345 2536 1381 2602 δὲ
1397 2540 1439 2602 τά
1455 2540 1614 2621 ἰαμβεῖα·
1639 2548 1670 2600 m

353 2641 410 2704 καί
431 2641 560 2703 τούτων
588 2647 673 2726 μέρη
695 2639 864 2718 διεξίασιν
891 2644 927 2705 έν
956 2647 1029 2717 τοῖς
1052 2643 1232 2727 θεάτροις·
1261 2643 1302 2705 τὰ
1333 2639 1369 2706 δέ
1391 2638 1615 2726 μαλακώτερα
1630 2653 1730 2706 (mn

354 2739 529 2828 ἐξερρύηκε
558 2744 600 2806 τά
630 2746 710 2828 περὶ
736 2745 779 2807 τά
807 2741 910 2828 μέλη·
948 2745 1064 2828 ὥσπερ
1094 2743 1193 2824 οἶμαι
1223 2751 1291 2810 τῶν
1320 2745 1518 2830 ἀνθρώπων
1547 2751 1615 2810 τῶν

355 2842 513 2908 παλαιῶν
535 2848 599 2908 ύσα
617 2850 682 2926 Ιμέν
702 2848 780 2908 έστι
803 2846 921 2930 στερεά
944 2853 1007 2908 τού
1029 2848 1203 2927 σώματος,
1234 2848 1397 2928 ὑπομένει
1425 2845 1474 2929 τῷ
1494 2849 1616 2932 χρόνῳ,

355 2950 398 3010 τᾶ
427 2968 463 3010 τε
492 2949 579 3012 ὀστᾶ
606 2950 719 3011 καλοί
746 2951 844 3029 μύες,
874 2944 980 3012 τᾶλλα
1010 2945 1046 3010 δέ
1069 2946 1199 3011 ἐλάττω
1225 2951 1383 3031 γίγνεται.
1434 2950 1552 3012 ούκούν
1573 2950 1617 3011 τά

358 3053 499 3131 σώματα
522 3052 641 3134 δρᾶται
663 3051 704 3112 τά
720 3057 788 3113 τῶν
803 3048 979 3126 παντελῶς
993 3053 1158 3135 γερόντων
1173 3047 1380 3114 ἐνδεδωκότα
1395 3054 1452 3116 καί
1468 3049 1613 3136 λαγαρά·
1636 3063 1669 3112 25

357 3155 435 3216 ὅσοι
457 3144 490 3214 δ’
516 3151 561 3215 αδ
580 3157 702 3231 παχεῖς
722 3157 876 3238 γέροντες
898 3153 965 3215 ύπδ
990 3149 1140 3216 πλούτου
1162 3154 1219 3216 καί
1241 3163 1380 3239 τρυφῆς,
1405 3156 1545 3239 ίσχυρού
1557 3156 1620 3233 μὲν

359 3251 495 3329 ούδενύς
523 3257 714 3337 προσόντος
742 3255 810 3332 ἔτι,
840 3251 986 3340 πιμελῆς
1009 3252 1045 3318 δέ
1068 3257 1145 3318 ἀντί
1167 3263 1235 3320 τῶν
1259 3263 1407 3341 σαρκῶν,
1438 3257 1620 3343 εὐτραφεῖς

357 3353 399 3442 ,δὴ
425 3357 571 3438 ὁρῶνται
592 3359 649 3420 καί
671 3358 830 3442 νεώτεροι
852 3362 925 3434 τοῖς
948 3353 1100 3433 πολλοῖς.
1117 3354 1134 3392 *
1149 3354 1197 3392 **

447 3560 598 3644 ίῆκωνλλ
669 3568 841 3643 ίφιλήκοος
857 3571 1061 3644 (ηαυοιτ.)ῐλ
1130 3567 1232 3632 θείατ’
1250 3565 1341 3632 αὐτὸν
1357 3573 1388 3629 Μ
1447 3567 1554 3632 ίόοκδ
1570 3593 1622 3643 μοι

361 3656 385 3713 U
403 3673 439 3713 m.
457 3672 499 3728 pr.
586 3653 798 3716 έπικολούθουν
816 3658 839 3713 U
857 3675 892 3712 m.
909 3674 951 3729 pr.
1047 3652 1230 3731 ύάφίκομαι
1247 3657 1288 3726 είς
1304 3657 1477 3723 Herum,
1495 3672 1549 3728 quo
1566 3673 1622 3713 non

361 3758 431 3811 opus
518 3735 697 3817 ῗάκρασίαν
715 3743 842 3808 casaub„
861 3737 1005 3818 α’κρόαοιν
1022 3744 1072 3800 UB
1089 3741 1232 3816 α’κροᾶσιν
1249 3743 1279 3798 Μ
1368 3747 1418 3800 καί
1435 3759 1489 3800 om.
1507 3742 1536 3796 M

364 3833 391 3882 11
414 3821 550 3885 αύτιδνῐλ
624 3832 655 3884 12
673 3822 743 3901 άμῆι
760 3828 793 3902 γέ
810 3829 891 3901 πηῦ
964 3835 993 3884 13
1013 3849 1044 3887 τε
1062 3829 1163 3886 ουκΜ
1238 3833 1271 3884 14
1288 3823 1363 3901 πρὸς
1380 3824 1486 3901 ἡδονήν
1502 3846 1534 3885 τε
1549 3826 1624 3896 libri,

364 3919 394 3968 15
413 3904 431 3984 ἦ
448 3913 509 3970 εδδ.
525 3913 605 3984 Emp.
678 3919 709 3968 15
727 3913 931 3989 έπιμελεστέρα
948 3914 1020 3980 libri,
1039 3931 1110 3972 corr.
1128 3914 1194 3970 Wil.
1278 3919 1308 3969 16
1326 3912 1398 3981 λέξις
1414 3912 1551 3982 Βείιλιίσι,
1568 3909 1624 3981 ἕξις

361 3998 416 4054 ΒΜ
434 3995 524 4065 ἔξιςΰ
597 4003 626 4054 18
645 3997 681 4057 τά
699 4019 734 4072 γε
749 3999 886 4066 Muluius,
905 3995 941 4058 τά
958 4020 991 4057 τε
1008 4000 1070 4056 libri
1127 4003 1160 4055 2⁰
1178 3995 1214 4058 τά
1232 4001 1347 4055 alterum
1364 4000 1457 4056 om.B
1526 4003 1559 4054 2³
1576 4013 1624 4053 ει-

362 4087 532 4154 spectamus:
553 4079 606 4142 τὸν
622 4079 734 4157 χρόνον
848 4089 880 4140 24
898 4085 929 4142 δὲ
946 4101 996 4155 pro
1013 4084 1086 4142 τοῦ
1172 4085 1294 4155 μυίεςλ]
1386 4087 1517 4158 γίγνεται
1534 4083 1625 4154 Emp„

362 4170 486 4228 τείνεται
504 4168 583 4225 UBM
651 4162 705 4228 οὐκ
723 4164 794 4228 ὄντα
812 4186 863 4242 pro
882 4164 988 4228 οὐκοῦν
1004 4166 1040 4227 τὰ
1059 4171 1089 4223 Μ
1167 4175 1200 4226 25
1219 4168 1310 4245 δρᾶτε
1327 4169 1407 4226 UBM
1426 4163 1572 4244 δρᾶταιΤ

364 4261 395 4312 27
414 4260 547 4327 πειμελῆς
564 4255 593 4310 Μ
657 4260 690 4312 2⁸
708 4255 738 4315 δὲ
753 4273 805 4327 pro
822 4255 854 4328 δὴ
873 4257 922 4314 UB
992 4251 1130 4328 νεώτεροι
1146 4259 1182 4322 (ω
1200 4273 1217 4312 ο
1234 4255 1358 4320 σοπηῐ]
1418 4255 1450 4309 ln
1466 4255 1523 4310 fine
1539 4253 1628 4310 multa

363 4341 458 4398 δεεειε
475 4339 543 4397 vidit
559 4341 658 4397 selden

894 4482 1096 4492 ———-—.
