3452 5264
687 305 909 364 PRAEFATIO.
1400 305 1425 361 V

151 503 258 550 usum
289 481 426 549 vertisse
455 501 537 565 quae
566 482 607 549 de
631 480 722 549 Getis
751 482 773 546 i.
796 499 824 548 e.
848 480 946 546 Dacis
968 478 1111 546 Moesiae
1139 477 1328 562 provinciae
1355 475 1425 543 fini·

152 585 255 652 timis
285 591 475 650 narraverat
496 583 570 651 Dio.
614 583 698 649 Mam
728 583 761 648 in
789 583 891 649 altera
921 581 978 647 illa
1003 587 1095 666 parte
1116 599 1200 664 quae
1221 581 1275 647 vel
1298 579 1426 648 disertis

153 687 275 755 verbis
297 685 340 752 ad
362 685 500 751 Dionem
523 681 702 751 referuntur
723 685 777 751 vel
801 705 842 751 ex
865 703 904 751 eo
929 683 1044 750 hausta
1065 703 1136 750 esso
1157 683 1287 768 probari
1310 688 1426 767 potest,

156 789 202 855 iis
230 789 326 872 quasi
349 785 556 853 fundamento
577 787 688 852 nititur
710 793 778 853 tota
797 786 947 853 narratio.
984 787 1096 869 Itaque
1111 791 1223 852 auctor
1242 785 1329 850 illius
1344 783 1425 850 divi·

157 891 270 957 sionis
294 890 315 955 i.
339 909 367 955 e.
389 887 547 954 Ablabius
570 888 706 954 Diouem
729 907 903 972 usurpasse
925 888 1103 955 censendus
1126 894 1183 954 est.

255 991 405 1058 Dubitari
435 996 556 1075 potest,
586 997 691 1056 utrum
715 991 757 1058 ad
780 991 917 1075 primam
941 1011 1068 1075 quoque
1090 996 1214 1074 partem
1236 990 1426 1056 narrationis

158 1114 253 1178 qnae
276 1101 326 1160 est
348 1092 390 1159 do
411 1091 528 1159 Gothis
550 1092 702 1177 paludem
717 1093 914 1160 Maeotidem
928 1093 1147 1160 accolentibus
1169 1112 1211 1158 au
1232 1091 1275 1158 ad
1289 1092 1426 1158 alteram

158 1201 291 1262 tanturn
320 1193 434 1260 Dionis
462 1213 544 1277 epus
573 1192 721 1261 adhiberi
748 1196 899 1278 potuerit.
942 1194 1074 1261 Poterat
1101 1194 1246 1278 profecto
1274 1195 1339 1258 iam
1362 1193 1426 1262 Dio

158 1316 308 1382 narrare,
331 1297 431 1363 Getas
454 1315 472 1361 e
495 1294 626 1362 sedibus
648 1295 690 1362 ad
706 1295 901 1362 Maeotidem
923 1296 993 1363 sitis
1017 1296 1048 1360 in
1065 1296 1199 1362 Daciam
1224 1302 1256 1361 et
1271 1295 1426 1362 Moesiam

160 1400 336 1466 invasisse.
366 1397 409 1463 At
423 1397 554 1483 probari
568 1403 675 1482 potest
691 1397 774 1464 hanc
788 1403 914 1482 partem
929 1396 1143 1463 Iordanianae
1158 1397 1350 1464 narrationis
1362 1417 1426 1465 nou

162 1521 183 1568 e
201 1501 319 1584 Dione,
341 1499 400 1567 sed
421 1520 462 1567 ex
484 1499 558 1566 aliis
580 1500 721 1567 lontibus
738 1498 886 1568 haustam
904 1517 985 1568 esse.
1023 1499 1107 1565 Nam
1123 1519 1151 1565 c.
1166 1499 1208 1583 X,
1225 1502 1265 1564 et
1281 1507 1426 1566 narratur

161 1609 242 1688 post
264 1602 432 1671 victoriam
453 1622 474 1667 a
489 1601 622 1685 Tomyri
637 1602 791 1668 Getarum
806 1603 919 1686 regina
937 1601 979 1668 de
994 1601 1102 1668 Persis
1117 1607 1311 1684 reportatam
1326 1602 1425 1668 Getas

162 1707 202 1771 in
223 1705 378 1772 Moesiam
401 1704 562 1771 transisse.
600 1701 692 1781 Quae
714 1704 756 1770 de
771 1703 847 1788 Gyri
863 1705 950 1771 bello
967 1724 1039 1771 cum
1054 1701 1186 1788 Scythis
1200 1710 1292 1787 gesto
1308 1711 1425 1786 narrat,

163 1807 323 1892 Pompeio
345 1807 453 1890 Trogo
482 1805 595 1872 deberi
622 1804 693 1889 ipse
714 1805 869 1872 Iordanes
898 1805 1068 1890 significat.
1113 1805 1250 1871 Dionem
1280 1824 1357 1871 vero
1384 1824 1426 1870 ex

164 1928 196 1974 e.
219 1909 267 1974 IX
289 1907 480 1990 intelligitur
501 1908 568 1973 iam
589 1907 667 1973 belli
689 1907 822 1974 Troiani
845 1914 952 1974 aetate
967 1907 1122 1975 Moesiam
1142 1908 1184 1974 ab
1200 1907 1314 1974 eadem
1329 1911 1425 1990 gente

27 2055 46 2072 2
163 2007 345 2077 habitatam
367 2009 519 2092 voluisse,
544 2027 628 2091 quae
649 2009 827 2075 Domitiani
849 2015 882 2075 et
903 2009 1034 2075 Traiani
1057 2015 1164 2076 aetate
1187 2008 1233 2074 ibi
1257 2007 1425 2074 habitaret.

159 2110 252 2180 Hine
281 2111 471 2195 intelligitur
499 2109 542 2178 ad
571 2110 674 2178 solem
697 2111 831 2176 alteram
860 2117 984 2194 partem
1011 2111 1201 2177 narrationis
1224 2110 1360 2177 Diouem
1382 2112 1424 2177 ab

161 2213 309 2281 Ablabio
330 2212 480 2280 adhiberi
501 2213 655 2298 petuisse.
692 2211 729 2276 ln
752 2209 815 2278 hoc
829 2218 937 2276 autem
951 2213 1035 2277 inter
1050 2213 1218 2295 primarios
1233 2213 1337 2279 fontes
1352 2231 1425 2278 eum

165 2315 279 2398 inisse,
302 2317 366 2381 iam
390 2334 431 2381 ex
454 2334 480 2380 c.
497 2314 537 2398 V,
554 2315 594 2380 39
617 2313 839 2396 vaticinamur,
862 2313 917 2380 ubi
939 2315 1105 2398 preposita
1126 2316 1184 2381 illa
1199 2316 1368 2397 divisione,
1384 2315 1426 2381 de

170 2438 236 2501 qua
264 2417 364 2484 locuti
387 2436 511 2502 sumus,
535 2417 642 2484 statim
670 2415 823 2482 nonnulla
844 2417 1099 2500 praecipiuntur,
1123 2437 1206 2501 quae
1228 2415 1272 2482 ad
1293 2417 1427 2483 alteram

167 2519 347 2588 Gothorum
369 2518 479 2586 aedem
501 2520 673 2603 pertinent.
717 2518 802 2584 Nam
824 2518 915 2586 testis
938 2539 1050 2586 eorum
1073 2520 1136 2586 Dic
1159 2519 1273 2585 editur.

251 2622 406 2705 Fragm.
422 2621 447 2686 L
485 2621 544 2704 „Iu
559 2619 703 2688 secunda
716 2620 798 2701 (scil.
813 2620 914 2704 sede),
942 2621 977 2688 id
1000 2629 1049 2690 est
1064 2622 1186 2689 Daciae
1202 2621 1426 2704 Thraciaequc

166 2730 199 2791 et
213 2724 337 2808 Mysiae
358 2723 428 2791 solo
444 2723 622 2790 zalmoxen
644 2723 726 2800 (scil.
749 2742 859 2807 regem
877 2722 1077 2808 habuerunt),
1095 2743 1190 2807 quem
1205 2724 1307 2790 mirae
1321 2721 1425 2807 philo-

164 2824 302 2912 sophiae
329 2825 519 2892 ernditionis
548 2825 647 2893 luisse
675 2832 832 2893 testantur
860 2827 1008 2910 plerique
1043 2827 1215 2909 scriptores
1247 2825 1423 2892 annalium.

20 2985 35 3008 „
164 2929 249 2994 Mam
279 2933 311 2994 et
332 2928 466 2994 Zeutam
492 2929 582 3013 prius
609 2926 791 2994 habuerunt
819 2926 994 3010 eruditum,
1024 2935 1098 3013 post
1126 2929 1224 2994 etiam
1255 2928 1425 2994 Dicineum

168 3027 308 3114 [tertium
331 3029 525 3113 Zalmoxen,
549 3029 676 3114 dequo
702 3031 850 3114 superius
873 3025 1036 3116 diximus}
1079 3049 1140 3096 nec
1162 3029 1347 3112 defuerunt,
1370 3029 1426 3111 qni

166 3153 222 3200 eos
244 3131 435 3215 sapientiam
458 3131 629 3198 emdirent.
673 3132 758 3198 unde
792 3138 825 3199 et
858 3151 941 3217 pene
970 3133 1118 3199 omuibus
1151 3132 1296 3199 barbaris
1326 3128 1426 3199 Gothi

165 3235 378 3320 sapientiores
401 3253 528 3316 semper
551 3236 724 3300 extiterunt
746 3233 945 3318 Graecisque
967 3255 1052 3319 pene
1067 3235 1262 3318 consimiles,
1279 3241 1314 3300 ut
1329 3234 1427 3301 refert

166 3337 248 3421 Dio,
277 3336 332 3420 qui
361 3334 513 3402 historias
537 3354 644 3400 eorum
667 3338 864 3420 annalesque
886 3337 1014 3403 Graeco
1037 3337 1110 3404 stilo
1134 3339 1324 3421 composuit.
1369 3335 1425 3419 qui

167 3438 247 3506 dicit
268 3439 405 3523 primum
421 3436 683 3520 Tarabosteseos,
706 3436 824 3505 deinde
845 3445 979 3506 vocatos
1001 3439 1153 3523 pilleatos
1176 3437 1245 3524 hos,
1269 3439 1324 3523 qui
1343 3439 1426 3504 inter

167 3560 223 3607 eos
246 3539 393 3623 generosi
417 3540 581 3623 extabant,
605 3557 646 3605 ex
671 3539 787 3623 quibus
809 3541 857 3608 eis
879 3547 912 3609 et
933 3560 1026 3626 reges
1049 3549 1082 3608 et
1097 3542 1281 3610 sacerdotes
1297 3541 1424 3608 ordina-

166 3637 315 3710 bantur.“

253 3742 343 3823 Quae
366 3750 517 3811 secuntur
538 3743 581 3810 de
595 3743 706 3810 Martis
728 3743 816 3829 apud
831 3744 930 3812 Getas
953 3746 1039 3813 cultu
1054 3747 1096 3812 ab
1112 3747 1152 3814 iis
1168 3766 1251 3830 quae
1267 3744 1425 3828 exscripsi

167 3847 369 3932 segreganda
390 3854 472 3932 suut,
496 3848 572 3931 quia
594 3848 796 3914 sententiaa
820 3848 1089 3930 praecedentibus
1111 3869 1240 3935 prorsus
1263 3848 1423 3915 abhorret.

34 4009 39 4015 .
165 3949 281 4033 Meque
311 3951 395 4016 enim
419 3951 482 4017 Dio
511 3955 682 4033 postquam
712 3950 924 4018 eruditionem
951 3951 1104 4019 Getarum
1132 3959 1164 4019 et
1193 3950 1424 4018 humanitatem

167 4054 314 4120 Graecae
337 4054 475 4120 similem
498 4052 660 4136 laudavit,
685 4059 811 4137 poterat
840 4054 881 4122 de
909 4054 1012 4121 Marte
1040 4056 1240 4138 captivorum
1268 4053 1425 4135 sanguiue

165 4157 294 4239 placato
318 4152 416 4238 loqui.
454 4153 568 4221 Cetera
591 4156 717 4222 Dionea
740 4162 822 4223 sunt
859 4157 942 4223 Mam
966 4176 1050 4241 quae
1068 4157 1178 4224 Diouis
1197 4175 1313 4221 nomen
1336 4159 1425 4220 ante·

166 4256 285 4324 cedunt
314 4277 386 4325 cum
415 4259 622 4341 sequentibus
653 4277 750 4324 unam
780 4266 813 4326 et
842 4263 1024 4326 continuam
1053 4259 1244 4326 sententiam
1273 4256 1424 4323 efficiunt.

166 4358 291 4427 Seclusi
314 4360 415 4426 verba
436 4360 636 4444 ineptissima
659 4362 807 4444 „tertium
830 4361 1018 4445 Zalmoxen,
1042 4362 1162 4445 dequo
1178 4360 1324 4443 superius
1340 4359 1423 4425 dixi-

166 4459 269 4540 mus“,
297 4482 361 4529 nen
390 4482 453 4546 quo
475 4463 606 4530 lordaui
628 4461 864 4546 abiudicarem‚
890 4464 948 4531 sed
971 4471 1006 4530 ut
1027 4463 1141 4530 Dionis
1163 4465 1355 4530 sententiam
1376 4481 1423 4530 re·
