3466 5268
332 347 373 406 66
800 344 925 402 DIONIS
942 344 1114 401 POLITICA

283 527 321 589 10
333 524 494 586 τάναντία
529 522 581 597 είς
609 523 722 584 έποίει
757 523 946 606 Σωκράτης.
1002 523 1102 601 έτίμα
1132 542 1168 584 τε
1202 523 1265 605 γάρ
1298 523 1378 596 τοδς
1406 523 1512 598 θεοὺς
1546 526 1597 599 ώς

334 623 444 701 οάδείς
466 621 569 700 ἀλλος
590 626 647 687 καί
669 630 798 686 παιᾶνα
821 625 983 709 έποίησεν
1005 625 1054 699 είς
1071 626 1129 710 τήν
1149 616 1307 688 Ἀπόλλω
1329 626 1386 688 καί
1400 627 1461 710 τήν
1477 616 1596 710 ’Ἀρτε-

332 750 408 808 μιν,
439 723 570 810 [τοῦτον
598 728 637 790 δν
659 728 723 810 έγώ
747 734 804 789 νῦν
827 718 928 810 ᾅδω,]
957 728 1014 790 καί
1041 729 1121 802 τούς
1151 732 1246 804 νέους
1274 723 1397 790 ἐκώλυε
1428 724 1595 813 διαφθεί-

333 832 461 914 ρεσθαι
484 831 523 892 οδ
544 832 658 910 μόνον,
682 824 768 890 ἀλλά
790 830 847 891 καί
867 830 946 904 τοδς
969 829 1218 913 πρεσβυτέρους
1233 824 1406 906 ὀνειδίζων
1427 832 1485 893 καί
1507 849 1596 914 προ-

334 938 449 1020 φέρων
477 934 608 1010 αδτοῖς,
637 931 673 994 εί
697 952 750 1007 τις
778 926 953 1015 ἄπληστος
982 932 1002 1016 ἢ
1031 929 1220 1008 ἀκόλαστος
1246 933 1266 1017 ἠ
1297 933 1339 994 τά
1367 940 1427 1018 τῆς
1453 928 1592 1008 πόλεως
1627 942 1643 992 1

332 1033 528 1120 ήργολάβει,
552 1037 631 1110 τοὺς
651 1036 713 1115 μὲν
735 1030 896 1095 ἀπολύων
918 1025 976 1094 ἀπ’
1002 1035 1168 1120 ἀργυρίῳ,
1191 1037 1271 1109 τούς
1297 1031 1332 1097 δέ
1359 1041 1594 1120 συκοφαντῶν,

333 1140 412 1213 τσδς
448 1134 484 1200 δὲ
520 1139 691 1223 νησιώτας
727 1138 807 1212 τούς
842 1133 1083 1221 ταλαιπώρους
1118 1133 1288 1222 λκηλατῶν
1321 1139 1381 1200 έπί
1413 1137 1594 1222 προφάσει

334 1243 451 1327 φόρων
472 1241 492 1326 ή
515 1237 684 1324 καταλογῇ
707 1246 940 1323 στρατιωτῶν,
975 1239 1091 1323 ὥσπερ
1114 1241 1201 1302 ένιοι
1224 1247 1366 1302 ποιοῦσι
1388 1231 1474 1323 παρ’
1499 1243 1591 1324 ήμῖν.

284 1340 319 1401 11
336 1340 392 1405 διδ
415 1351 520 1405 ταῦτα
542 1350 721 1422 μισοῦντες
743 1342 844 1404 αάτδν
866 1343 999 1428 ἔφασαν
1023 1338 1242 1428 διαφθείρειν
1265 1345 1345 1418 τοὺς
1367 1347 1471 1417 νέους.
1508 1346 1529 1426 ή
1554 1333 1589 1402 δ’

333 1446 395 1531 έμή
418 1447 530 1531 γραφή
561 1440 685 1525 μείζων
712 1447 769 1508 καί
796 1449 1011 1528 γενναιοτέρα
1043 1441 1162 1524 σχεδδν
1190 1442 1246 1530 ἦν,
1275 1445 1424 1531 κρυφαία
1446 1465 1516 1522 τις,
1545 1445 1594 1518 ὡς
1617 1451 1646 1502 lo

334 1549 457 1610 έοικεν·
484 1537 616 1611 Ἀδικεῖ
632 1549 743 1624 Δίων,
767 1549 846 1622 τοὺς
867 1548 929 1627 μέν
951 1546 1057 1622 θεοὺς
1078 1551 1123 1634 μή
1149 1555 1258 1627 τιμῶν
1279 1538 1358 1633 μήτ’
1391 1549 1426 1610 έν
1448 1548 1594 1623 θυσίαις

332 1643 413 1736 μήτ’
440 1653 475 1713 έν
498 1651 627 1730 δμνοις,
648 1645 825 1712 καταλύων
840 1651 901 1724 τάς
918 1650 1083 1729 πατρίους
1105 1653 1234 1734 ἑορτάς,
1257 1651 1448 1725 ἀναπείσας
1463 1646 1499 1712 δὲ
1518 1654 1592 1734 ήγε-

333 1753 420 1833 μόνα
443 1756 593 1838 πονηρὸν
617 1754 703 1816 ώστε
726 1754 785 1814 τδν
806 1753 867 1831 μὲν
892 1749 997 1837 δῆμον
1019 1753 1205 1832 βασανίσαι
1226 1753 1284 1814 καί
1310 1748 1469 1829 έξελάσαι
1490 1755 1594 1827 ὅσους

335 1857 375 1918 ἀν
393 1853 532 1940 δυ’νηται
547 1852 739 1932 πλείστους,
762 1856 872 1930 ένίους
888 1851 924 1917 δέ
939 1856 996 1918 καί
1011 1855 1221 1932 ἀποκτεῖναι,
1246 1855 1431 1935 παρασχών
1447 1854 1592 1936 ἀνάγκην

334 1957 451 2032 αὐτοῖς
473 1958 634 2032 ἑκουσίως
656 1957 850 2020 ἀποθανεῖν
873 1953 930 2021 διδ
952 1958 991 2020 τδ
1013 1960 1058 2043 μή
1083 1953 1256 2019 δυ’νασθαι
1278 1957 1472 2040 πρεσβύτας
1488 1957 1590 2029 ὄντας
1612 1961 1642 2012 15
1656 1963 1722 2014 (⁵⁰81

336 2064 454 2146 φυγεῖν
474 2056 560 2146 μηδὲ
582 2062 765 2141 ὑπομένειν
786 2057 986 2123 καταλιπεῖν
1015 2063 1074 2146 τήν
1104 2055 1271 2140 πατρίδα·
1302 2061 1529 2142 συμπράττων
1553 2054 1590 2120 δὲ

334 2164 390 2225 καί
412 2167 469 2224 νῦν
492 2164 628 2224 ἅπαντα
655 2159 703 2244 τῷ
732 2162 973 2245 τυραννήσαντι
1003 2170 1065 2225 τοῦ
1086 2163 1225 2239 έθνους,
1253 2163 1309 2224 καί
1336 2164 1433 2236 ὅπως
1460 2162 1589 2235 ἐκεῖνος
1602 2167 1682 2216 (m
1697 2166 1723 2214 11

334 2262 445 2341 καλῶς
467 2265 663 2348 ἀγωνιεῖται
690 2266 746 2327 καί
772 2264 858 2326 κατά
886 2266 1009 2347 κράτος
1036 2262 1282 2352 παραλήψεται
1310 2263 1371 2338 τδς
1394 2259 1514 2337 πόλεις
1535 2263 1593 2324 καί

335 2371 414 2441 τούς
437 2365 563 2452 δήμους
592 2361 864 2442 κατασκευάζων,
894 2368 974 2428 δσον
1003 2368 1095 2429 ἐστίν
1118 2358 1178 2428 ἀπ’
1204 2364 1295 2448 αὐτῷ
1317 2359 1593 2440 κατασκευάζειν·

287 2465 555 2554 15διαφθείρων
584 2465 620 2530 δέ
649 2469 705 2530 καί
732 2470 791 2529 τδν
814 2463 919 2552 δῆμον
950 2469 1050 2543 αάτδς
1077 2470 1304 2553 έφιστάμενος
1324 2469 1510 2552 κατήγορος
1534 2467 1592 2528 καί
1614 2473 1644 2526 ²)

336 2576 409 2646 τοῖς
431 2571 536 2632 αὐτοῦ
562 2571 691 2655 βήμασι
718 2571 774 2632 καί
802 2577 843 2654 τῇ
871 2566 1000 2653 γλώττῃ
1032 2577 1239 2651 παρανομῶν
1262 2571 1312 2645 είς
1334 2573 1414 2645 τούς
1436 2567 1593 2647 πολίτας,

337 2677 386 2750 είς
415 2675 494 2748 τοὺς
523 2669 688 2758 δημότας,
717 2673 774 2735 καί
802 2668 914 2733 πολλά
943 2675 1039 2756 ἕτερα
1073 2679 1198 2750 ποιῶν,
1229 2673 1251 2734 ά
1274 2673 1477 2754 αἰσχύνομαι
1504 2663 1590 2734 καθ’

336 2780 476 2840 ἕκαστον
500 2772 622 2858 λέγειν·
646 2776 795 2859 πονηρδν
819 2771 855 2837 δέ
878 2771 1094 2858 παράδειγμα
1120 2780 1277 2859 παρέχων
1301 2777 1420 2836 έαυτδν
1434 2776 1491 2837 καὶ
1512 2794 1593 2836 νεω-

336 2885 449 2964 τέροις
461 2880 518 2942 καὶ
534 2878 777 2962 πρεσβυτέροις
792 2879 939 2953 ἀπονίας
954 2879 1010 2940 καί
1025 2886 1155 2963 τρυφῆς
1170 2879 1226 2940 καὶ
1242 2878 1423 2952 ἀπιστίας·
1448 2871 1593 2953 δεκάζων

337 2978 373 3045 δὲ
389 2983 428 3043 τδ
444 2977 591 3066 πλῆθος,
616 2980 670 3042 ίνα
684 2975 803 3065 μηδείς
819 2979 909 3063 αὐτῷ
931 2985 1088 3065 προφέρῃ
1111 2979 1153 3041 τά
1176 2983 1254 3043 τότε
1269 2980 1480 3066 πραχθέντα,
1502 2977 1588 3042 ἀλλά
1611 2980 1641 3034 21

336 3091 398 3146 τοῦ
417 3084 540 3163 μίσους
561 3085 618 3145 καί
639 3089 699 3165 τῆς
721 3079 906 3168 έπιβσυίής
929 3078 1040 3166 λήθην
1062 3081 1138 3144 τινά
1170 3085 1392 3168 ποιήσωνται.
1446 3087 1529 3169 φέρε
1552 3079 1592 3168 δή

338 3187 425 3268 πρὸς
453 3192 558 3246 ταῦτα
581 3179 860 3270 ἀπολογήσομαι,
890 3181 1059 3266 ώάνδρες
1081 3186 1291 3265 Προυσαεῖς,
1320 3186 1381 3247 κάν
1411 3182 1492 3269 δοκῇ
1515 3188 1593 3264 ὑμῖν

337 3289 519 3363 ἀκούσασι,
541 3287 835 3373 κατεψηφίσασθέ
855 3300 937 3367 μου·
967 3289 1024 3350 καί
1045 3287 1108 3368 γάρ
1132 3295 1193 3350 τοῦ
1213 3289 1413 3371 Σωκράτους
1435 3288 1469 3348 οὶ
1488 3279 1593 3371 Ἀθη-

337 3395 429 3454 ναῖοι
451 3390 655 3464 ἀκούσαντες
677 3391 969 3474 κατεψηφίσαντο.

587 3541 745 3548 ..ἡ-...φ-

424 3611 435 3660 l
457 3626 489 3665 τε
506 3621 558 3663 om.
577 3607 601 3662 T
664 3609 680 3661 2
699 3601 820 3676 κάνητα
837 3605 888 3677 τήν
905 3605 929 3660 'l'
982 3609 997 3660 3
1016 3610 1123 3664 τοῦτον
1141 3637 1173 3647 -
1192 3603 1252 3683 ςίάω
1271 3605 1383 3662 seclusit
1393 3607 1484 3680 Emp„
1502 3609 1594 3667 δεῖευ-

335 3691 484 3747 δυα11111.
500 3694 529 3748 εί
545 3691 641 3759 Bothe,
659 3691 706 3761 qui
721 3691 807 3766 (καί)
823 3695 873 3750 νῦν
941 3692 1069 3746 ίιυεΙῙιυ
1094 3684 1147 3748 οὐκ
1162 3686 1306 3761 (αὐτοὺς)
1321 3689 1417 3761 μόνον
1470 3695 1593 3769 5an-

335 3795 405 3843 στος
422 3766 492 3849 (ἦν)
509 3776 574 3833 wu.
644 3771 831 3836 δάνιολλδων
850 3777 898 3835 UB
949 3774 982 3834 έν
999 3771 1128 3851 ἀργυρίῳ
1145 3776 1216 3842 libri,
1234 3791 1304 3832 corr.
1324 3775 1451 3833 thoeiuz
1511 3784 1594 3837 ’ίτα-

335 3857 494 3932 λαιπάρους
502 3861 527 3918 U
535 3877 571 3917 m.
583 3878 623 3932 pr.
679 3867 711 3918 ¹⁰
722 3865 848 3936 κρυφαία
860 3883 903 3930 τις
915 3861 986 3920 UBT
998 3858 1094 3937 κρύφα
1106 3882 1149 3929 τις
1160 3861 1201 3932 Μ,
1211 3862 1358 3934 κορυφαῖα
1371 3881 1413 3930 τις
1424 3861 1548 3933 impasti

338 3951 368 4003 12
386 3943 583 4013 καταλύοντας
600 3950 740 4020 πατρίους
757 3949 787 4003 11
841 3953 872 4004 11
890 3951 1005 4016 πλείους
1021 3949 1101 4006 ΜΠΤ
1163 3953 1195 4004 16
1213 3949 1400 4006 καταλείπειν
1417 3947 1447 4002 Μ
1498 3949 1529 4008 δέ
1544 3953 1594 4008 καί

335 4028 445 4100 Βείεὶε,
463 4051 496 4089 τε
511 4034 561 4089 καί
577 4031 641 4088 libri
728 4037 759 4088 11
777 4036 831 4091 τοῦ
847 4029 950 4098 ἔθνους
966 4034 1072 4103 smmi,
1091 4029 1159 4100 τοὺς
1176 4029 1265 4100 θεοὺς
1281 4032 1344 4088 libri
1453 4037 1484 4089 21
1504 4029 1595 4092 αὐτοῦ

335 4114 408 4182 libri,
426 4131 496 4172 corr.
513 4115 593 4186 Emp.
663 4119 696 4171 24
714 4109 841 4186 ἀπορίας
857 4115 927 4182 libri,
945 4109 1071 4183 ἀπονίας
1089 4118 1199 4173 (helius
1272 4119 1381 4190 τρυφῆς
1398 4117 1509 4186 Reme,
1527 4139 1592 4193 τρο-

336 4204 391 4274 φῆς
409 4201 473 4256 libri
542 4205 573 4255 21
593 4195 630 4260 ἀν
646 4200 677 4255 M
745 4203 778 4256 18
796 4203 1043 4274 καταψηφίσασθε
1060 4207 1086 4268 (ε
1104 4217 1121 4257 ε
1139 4208 1219 4271 corr.)
1237 4202 1262 4260 11
