3454 5272
393 380 621 438 TESTIMONIA
639 379 689 435 DE
707 379 797 434 vm
814 379 937 436 1310le
954 378 1148 447 (SYNESIUS)
1344 375 1410 436 ³10

148 560 200 644 τηῐ
223 557 374 640 ὀνόματι.
410 559 431 619 δ
454 555 490 620 δὲ
504 558 659 642 προδστη
682 575 719 619 τε
736 552 900 639 λαμπρῶς
915 559 989 616 τοῑν
1004 555 1094 636 βίοιο
1111 559 1268 640 ἐκατέρου
1292 559 1408 638 χωρίς,

150 664 207 726 καί
225 665 304 737 ταῖς
325 661 519 724 ὑποθέσεσι
540 661 684 740 μὺχειυι
704 663 782 734 ταῖς
805 659 906 732 αὑτός
928 661 1065 736 ἐαυτοῦ,
1090 655 1208 740 λόγους
1228 656 1410 742 ἐξενεγκὼν

149 767 222 828 όπὺ
245 771 313 827 τῶν
328 764 489 826 ἐναντίων
504 755 705 825 ένστόσιων.
747 763 809 846 χρη
826 757 938 846 δηπου
952 761 1009 823 καί
1022 751 1071 822 δι’
1090 761 1194 845 αὑτην
1210 763 1269 841 οὑχ
1286 764 1407 847 ἥκιστα

150 871 210 954 νην
232 868 268 930 ἐν
288 870 364 942 Υτοῖς
388 857 502 946 λόγοις
521 859 695 950 διαφορὰν
723 865 767 949 μη
798 863 1007 948 σεσιγῆσθαι
1035 863 1076 924 τό
1106 864 1186 946 περί
1208 865 1266 925 τόν
1286 861 1406 949 ἄνδρα.

147 973 234 1053 ὅπερ
263 969 328 1053 γὰρ
349 971 387 1032 ἐν
409 972 482 1042 τοῖς
504 967 589 1048 μετὰ
610 968 717 1028 ταῦτα
739 981 863 1052 φησιν,
886 961 1047 1028 ἀπολύων
1070 966 1171 1027 αὑτὸν
1193 967 1309 1040 αίτίας
1332 981 1407 1028 συν-
1429 975 1447 1028 ⁸

148 1073 256 1135 θέντα
276 1073 420 1134 ἔπαινον
443 1071 503 1132 ἐπί
524 1068 682 1152 ψιττακηῖ
701 1067 751 1152 τῷ
772 1068 907 1153 ὑρνιθν·
931 1071 1103 1153 σοφιστοῦ
1123 1067 1185 1150 χείρ
1206 1066 1297 1130 εἶναι
1319 1063 1406 1152 μηδέ

146 1177 277 1237 τούτων
299 1170 490 1257 ὑπεριδεῖν·
513 1173 619 1234 αὑτοῦ
631 1173 693 1253 μέν
708 1173 749 1235 όν
763 1168 898 1254 όλεγχος
921 1167 1010 1233 εἶναι
1033 1165 1153 1246 δόξειε,
1177 1163 1406 1252 προειπόντος

145 1280 291 1340 δαιτῶν
313 1279 637 1361 συκοφαντουμένων
668 1277 761 1338 ἐστίν
783 1275 802 1335 δ
822 1274 924 1359 ἀνήρ,
953 1276 1048 1348 ὅστις
1069 1268 1266 1357 φιλόσοφος
1286 1273 1334 1334 ὠν
1356 1273 1407 1346 είς

147 1381 208 1441 τόν
231 1380 402 1464 σοφιστὴν
424 1375 564 1441 ἐλεεται.
612 1374 700 1459 λέγει
720 1375 783 1461 γάρ
806 1377 913 1438 οὕτω·
941 1375 1118 1461 Σοφιστὰς
1146 1369 1182 1436 de
1205 1374 1240 1435 οί
1262 1369 1407 1436 παλαιοί

146 1473 370 1560 ἐπωνόμαζον
392 1481 431 1542 οδ
458 1473 565 1559 μόνον
594 1486 661 1543 τῶν
688 1473 842 1563 ρητόρων
870 1479 950 1552 τοὺς
977 1473 1265 1562 ὑπερφωνοῦντός
1292 1495 1329 1538 τε
1350 1477 1408 1539 καί
1429 1489 1458 1542 ιο

148 1579 336 1667 λαμπρούς,
357 1579 444 1644 όλλό
467 1583 524 1644 καί
537 1587 606 1644 τῶν
621 1578 826 1667 φιλοσόφων
848 1583 928 1655 τοὺς
943 1582 1004 1642 σόν
1018 1579 1135 1662 εδροίφ
1151 1581 1406 1663 ἐρμηνεόοντος,

146 1687 233 1769 ὑπέρ
256 1681 304 1746 ῶν
324 1681 451 1768 ἀνάγκη
474 1681 644 1768 πρότερον
666 1683 787 1761 εἰπεῖν,
807 1680 929 1768 ἐπειδὴ
953 1683 1012 1744 οὑκ
1033 1683 1127 1756 όντες
1150 1681 1325 1766 σοφισταί,
1348 1677 1406 1744 δό-

145 1784 264 1865 ξαντες
287 1783 334 1863 δέ,
358 1781 540 1872 παρῆλθον
561 1787 613 1861 είς
627 1788 687 1872 την
700 1787 899 1866 ἐπωνυμίαν
914 1786 1055 1869 ταύτην·
1077 1781 1151 1846 εἶτα
1169 1787 1290 1869 σαφῶς
1307 1780 1406 1869 φιλο·

146 1885 279 1976 σόφους
308 1885 434 1968 ἄνδρας
463 1883 720 1972 ἐξαριθμεῖται·
754 1879 838 1968 μεθ’
870 1886 918 1949 ὧν
945 1883 985 1972 δη
1014 1887 1072 1949 καί
1099 1887 1158 1948 τὺν
1187 1887 1321 1962 Δίωνα,
1351 1887 1407 1948 καί

144 1992 231 2071 μετὰ
245 1991 365 2053 Δίωνα
389 1986 522 2066 ἄλλους,
546 1987 592 2051 ῶν
616 1991 696 2073 περί
717 1997 779 2052 τοῦ
799 1987 991 2051 τελευταίου
1008 1985 1211 2068 παυόμενος,
1238 1991 1405 2064 Τοσαῦτα,
1429 1999 1457 2051 ιο

148 2095 245 2179 φησί,
267 2094 349 2176 περί
368 2099 436 2154 τῶν
451 2089 765 2177 φιλοσοφησάντων
786 2093 822 2153 ἐν
845 2086 925 2174 δόξῃ
940 2097 1003 2152 τοὺ
1018 2096 1259 2175 σοφιστεῦσαι·
1282 2089 1405 2151 ταὺτὺν

145 2200 271 2280 ἐτέρας
293 2195 419 2272 είπών,
441 2196 497 2256 ότι
516 2196 561 2280 μη
586 2195 680 2269 όντες
702 2194 867 2279 σοφισταί
889 2199 951 2254 τοῦ
972 2189 1141 2272 ὀνόματος
1162 2185 1404 2272 ἐπεβάτευσαν.

145 2295 260 2357 καίτοι
281 2291 407 2376 μεταξό
431 2298 499 2357 ποὺ
523 2311 630 2382 φησιν
653 2297 796 2379 ἀπορεῖν
812 2294 852 2356 οί
859 2302 965 2380 χοροῦ
977 2291 1073 2372 τόξει
1087 2295 1146 2357 τόν
1167 2289 1284 2376 ἄνδρα,
1308 2311 1405 2377 περι·

145 2393 259 2474 δίξιον
280 2395 322 2483 δη
344 2417 421 2460 τινα
444 2399 535 2460 ὄντα.
581 2401 616 2460 τί
638 2397 696 2460 οόν
718 2403 901 2483 προεῖπας,
923 2397 959 2460 τί
980 2393 1017 2460 δλ
1039 2399 1205 2472 ἐπείπας,
1228 2397 1282 2457 ότι
1302 2403 1403 2458 τοῦτο

143 2501 207 2580 μέν
228 2500 332 2577 ἐστιν,
354 2501 462 2562 ἐκεῖνο
484 2497 522 2562 δέ
546 2503 715 2586 φαίνεται.
754 2491 831 2562 ἀλλ’
856 2501 959 2582 έχωγε
975 2501 1013 2562 οὑ
1028 2495 1294 2583 μικρολογοῦμαι
1315 2499 1404 2582 πρός
1426 2511 1456 2562 ιο

145 2601 207 2677 τδς
229 2598 498 2685 ἐναντιολσχίας·
523 2611 680 2688 συγχωρῶ
705 2600 741 2666 δί
756 2605 815 2664 τόν
830 2604 949 2664 Δίωνα
972 2599 1167 2688 φιλόσοφον
1183 2603 1262 2664 όντα
1279 2597 1404 2678 παῖξαι

6 2697 7 2700 '
142 2703 186 2766 τό
210 2711 397 2790 σοφιστῶν,
420 2706 451 2767 εί
471 2702 577 2785 μόνον
599 2703 711 2783 πρᾶός
725 2707 800 2768 ἐστι
814 2707 870 2768 καί
886 2701 984 2780 ίλεως
1000 2700 1203 2790 φιλοσοφίᾳ,
1226 2703 1282 2774 καί
1296 2701 1404 2789 μηδα-

140 2813 211 2886 μοὺ
230 2802 335 2892 μηδὲν
357 2809 542 2892 έπηρέακεν
558 2809 651 2894 αὑτῇ,
672 2799 754 2892 μηδ’
780 2799 840 2870 ἐπ’
865 2808 969 2894 αδεην
985 2807 1180 2870 συντέθεικα
1197 2803 1315 2889 λόγους
1329 2807 1401 2868 ίτα·

141 2911 228 2984 μυός
255 2931 291 2972 τε
319 2911 376 2972 καί
396 2911 588 2996 κακοήθεις.
638 2903 715 2973 ἀλλ’
742 2900 841 2986 οὗτός
869 2931 906 2994 γε
936 2907 1081 2973 πλεῖστα
1112 2906 1151 2995 δὴ
1174 2910 1231 2971 καί
1251 2905 1403 2988 μάλιστα

144 3019 321 3097 σοφιστῶν
349 3014 399 3087 είς
428 3008 643 3099 φιλοσόφους
679 3033 716 3076 τε
750 3016 808 3077 καί
838 3011 1049 3099 φιλοσοφίαν
1078 3013 1398 3096 ἀπηναισχιίντηκεν.
1424 3022 1453 3074 νο

141 3114 203 3174 ἅτε
223 3105 302 3195 χόρ,
326 3111 439 3192 οἶμαι,
464 3115 600 3198 φόσεως
623 3111 732 3193 λαχὼν
754 3117 895 3200 ἐχούσης
919 3116 1031 3194 ίσχὺν,
1060 3114 1116 3177 καί
1146 3115 1184 3175 τό
1208 3115 1403 3198 ῥητορεύειν

142 3215 225 3276 αὑτό
248 3211 423 3300 ηληθευεν,
444 3215 584 3294 ἄμεινον
605 3216 902 3296 ἀνοπεπεισμένος
923 3216 1012 3279 εἶναι
1034 3224 1096 3278 τοῦ
1117 3211 1174 3300 ζῆν
1194 3216 1279 3277 κατὰ
1303 3212 1403 3300 φιλσν

148 3316 277 3401 σοφίαν
300 3318 339 3378 τό
363 3311 421 3401 ζην
442 3316 526 3378 κατὰ
548 3317 610 3392 τός
634 3319 751 3393 κοινός
771 3314 980 3402 ὑπολήψεις·
1008 3319 1093 3381 όθεν
1117 3321 1137 3380 ό
1157 3337 1194 3380 τε
1221 3319 1306 3380 κατὰ
1336 3323 1403 3380 τῶν

145 3415 349 3503 φιλοσόφων
374 3416 464 3501 αὑτηὶ
489 3415 587 3501 λόγος
608 3418 847 3506 ἐσπουδάσθη,
872 3418 1006 3506 σφόδρα
1024 3422 1324 3506 ἀπηγκοινιομένος
1345 3423 1402 3484 καί

141 3515 241 3583 οὐδέν
263 3528 373 3606 σχῆμα
398 3522 551 3606 δκνησας,
577 3525 634 3585 καί
657 3525 676 3585 ό
700 3525 788 3605 πρός
809 3525 1016 3586 Μουσώνιον
1038 3527 1152 3607 ἔτερος
1173 3529 1338 3599 τοιοῦτος,
1362 3525 1402 3585 οὑ
1425 3537 1454 3589 σο

6 3665 8 3692 ι
143 3616 486 3706 προσχυμναζσμένου
508 3622 558 3706 τῷ
579 3627 675 3706 τόπῳ
698 3633 761 3687 τοῦ
780 3626 924 3703 Δίωνος,
947 3616 1023 3687 ἀλλ’
1048 3627 1085 3687 ἐκ
1108 3621 1301 3700 διαθέσεως
1322 3625 1402 3708 χρό-

144 3741 280 3808 φοντος,
305 3725 352 3800 ὑς
375 3726 439 3807 ἐγὼ
464 3723 600 3813 σφόδρα
623 3723 891 3812 διισχυρίζομαι·
913 3729 1074 3808 πείσαιμι
1096 3719 1129 3790 δ’
1147 3729 1189 3790 ὑν
1209 3730 1267 3790 καί
1288 3725 1400 3806 ἄλλον,

139 3827 237 3901 ὅστις
259 3827 418 3906 εὔστοχος
440 3829 551 3914 ἤθους
572 3831 747 3914 εἰρωνείαν
775 3851 812 3894 τε
840 3833 897 3893 καί
919 3828 1087 3916 ἀληθειαν
1115 3833 1151 3894 ἐκ
1174 3826 1401 3893 παντοδαποῦ

143 3923 242 4009 λόγου
260 3937 440 4014 φωρᾶσαι·
463 3929 584 4017 ἐπειδή
600 3951 636 3994 τε
659 3930 924 4019 ἐφιλοσόφησεν,
947 3934 1097 3996 ἐνταῦθα
1121 3931 1160 4019 δὴ
1179 3936 1235 3997 καί
1250 3931 1399 4014 μάλιστα

139 4032 160 4113 η
184 4029 280 4114 ῥώμη
304 4039 365 4117 της
389 4034 525 4117 φύσεως
547 4034 651 4096 αὑτοῦ
666 4032 852 4120 διεδείχθη.
894 4035 1010 4121 ῶσπερ
1033 4038 1095 4120 γὰρ
1111 4039 1315 4122 ἐπιχνοόσης
1332 4038 1400 4119 ὀψὲ
1423 4047 1453 4102 35

226 4290 305 4354 ὑόιόι
323 4293 414 4372 τὴνίι
467 4295 649 4368 Ίόόξειενῐι
732 4301 841 4376 euya
858 4299 916 4378 γὰρ
934 4295 1025 4364 οὑτοι
1043 4303 1089 4361 vit.
1108 4303 1186 4376 soph.
1204 4303 1218 4361 I
1235 4322 1263 4375 p.
1282 4309 1331 4361 2⁰4

143 4383 174 4434 12
192 4381 343 4454 προτέραν
359 4385 451 4458 λέγειν
467 4385 647 4443 Philostratus
742 4394 774 4443 15
790 4390 861 4446 ιίιεε
879 4393 958 4462 soph.
979 4391 993 4446 1
1009 4408 1036 4460 p.
1053 4395 1103 4446 208
1198 4396 1229 4447 18
1247 4415 1257 4449 ι
1274 4393 1302 4447 in
1321 4389 1398 4461 τάξει

138 4467 283 4522 emumh
336 4472 368 4526 26
386 4466 422 4528 τὸ
441 4485 458 4526 ε
475 4472 588 4527 εοεαίι
657 4477 689 4528 27
708 4467 839 4534 αότδνίι
921 4481 952 4532 31
972 4476 1250 4549 προγυμναζομένοο
1268 4484 1400 4549 (εορεεο

141 4556 249 4621 mura)
265 4553 290 4609 L
351 4561 393 4614 τῶ
410 4554 496 4616 τόποι
513 4558 536 4613 L
554 4571 590 4613 m.
607 4575 648 4628 pr.
667 4559 779 4636 (τρόπῳ
797 4575 877 4628 corr„
893 4563 1043 4632 κείμενον·
1062 4566 1104 4618 τιό
1121 4559 1201 4635 λόγω
1217 4569 1296 4634 ται-ς.)
