3476 5264
617 347 754 404 ORATIO
771 349 873 406 XVIII.
1312 353 1373 412 255

117 548 154 590 τε
176 527 239 610 γάρ
264 522 475 610 διανοήματα
500 531 593 610 σαφή
616 524 672 584 καλ
695 521 791 586 ἁπλᾶ
803 525 860 587 καλ
874 525 979 587 παντὶ
992 519 1096 608 ῥᾴδια
1114 529 1312 611 φαινόμενα,
1336 530 1375 588 τό

117 650 154 691 τε
177 626 267 704 εἶδος
289 636 350 712 τῆς
372 623 582 709 ἀπαγγελίας
603 628 772 711 προσηνές
793 628 850 689 καὶ
863 631 1102 708 κεχαρισμένον
1116 630 1173 690 καὶ
1189 631 1374 706 πειστικόν,

118 727 249 817 πολλήν
269 733 331 811 μέν
353 732 430 810 έχον
445 729 675 814 πιθανότητα,
698 724 828 814 πολλήν
844 725 880 791 δέ
900 731 999 812 χάριν
1014 730 1071 790 καὶ
1089 725 1263 814 ἐπιβολήν,
1287 730 1375 793 ὥστε

115 833 160 918 μή
186 829 293 914 λόγων
315 828 485 916 δεινότητι
509 834 623 911 μόνον,
647 825 810 893 ἀλλὰκαὶ
831 833 969 916 γοητείᾳ
985 832 1132 893 ἐοικέναι
1145 833 1205 916 τήν
1221 829 1373 913 δύναμιν.

81 944 97 994 ύ
120 935 151 997 εἰ
172 941 251 1017 γοῦν
273 932 476 1019 ἐθελήσειας
492 933 596 995 αὐτοῦ
609 941 650 1017 τῇ
673 935 754 1017 περὶ
774 935 833 1019 τήν
852 925 1035 1015 Ἀνάβασιν
1051 935 1265 1018 πραγματεία
1288 937 1373 1020 σφό-
1388 939 1426 1002 15

7 1049 105 1102 lm)
119 1034 182 1120 δρα
205 1034 376 1117 ἐπιμελῶς
405 1038 567 1114 ἐντυχεῖν,
598 1032 717 1097 οὐδένα
742 1031 839 1117 λόγον
862 1037 1015 1120 εὑρήσεις
1036 1041 1103 1097 τῶν
1125 1037 1193 1097 ύπύ
1221 1043 1284 1097 σοῦ
1306 1032 1376 1115 λεχ-

118 1139 226 1224 θῆναι
249 1135 492 1223 δυνησομένων,
515 1137 553 1200 δν
570 1139 608 1199 ού
626 1134 823 1222 διείληπται
837 1141 893 1200 καὶ
907 1141 1048 1213 κανόνος
1063 1139 1104 1200 όν
1119 1141 1247 1222 τρόπον
1269 1140 1377 1201 ύπόσ·

117 1260 175 1319 χοι
197 1238 245 1323 τῴ
269 1242 357 1325 πρός
373 1240 473 1302 αὐτόν
495 1240 691 1302 ἀπευθῦναι
711 1241 731 1325 ή
750 1241 974 1326 μιμήσασθαι
988 1237 1192 1322 βουλομένῳ.
1230 1239 1298 1304 εἴτε
1312 1242 1375 1324 γὰρ

120 1344 293 1428 θαρρῦναι
314 1344 394 1417 τούς
417 1339 550 1428 σφόδρα
572 1346 884 1418 καταπεπτωκότας
898 1345 1064 1428 χρήσιμον
1080 1340 1245 1426 πολιτικῷ
1269 1341 1378 1425 ἀνδρί,

72 1459 102 1510 10
123 1447 180 1508 καὶ
202 1442 366 1520 πολλάκις
389 1446 435 1520 ὡς
454 1447 515 1530 χρή
540 1452 639 1507 τοῦτο
663 1450 777 1508 ποιεῖν
801 1442 983 1508 δείκνυσιν·
1013 1443 1081 1508 εἴτε
1105 1450 1302 1530 προτρέψαι
1322 1446 1379 1507 καὶ

7 1563 112 1616 τεειιο
122 1544 374 1633 παρακαλέσαι,
405 1544 514 1622 οὐδεὶς
532 1539 721 1633 Ἑλληνικῆς
750 1555 866 1633 φωνῆς
894 1549 1026 1610 ἐπαΐων
1057 1549 1114 1610 ούκ
1142 1549 1183 1610 ἂν
1206 1548 1377 1632 ἐπαρθείη

122 1655 196 1725 τοῖς
218 1655 482 1734 προτρεπτικοῖς
502 1644 727 1735 Ξενοφῶντος
750 1646 863 1732 λόχοις
884 1649 973 1730 (ἐμοὶ
994 1657 1072 1732 γοῦν
1094 1655 1238 1712 κινεῖται
1259 1654 1279 1734 ή
1304 1645 1377 1711 διά·
1391 1653 1430 1718 16

122 1773 198 1816 νοια
226 1754 283 1815 καλ
310 1753 419 1814 ένῖοτε
450 1749 581 1834 δακρύω
604 1748 729 1832 μεταξύ
750 1746 846 1835 <διύ>
867 1754 1039 1815 τοσούτων
1064 1754 1149 1814 ἐτῶν
1170 1757 1244 1828 τοῖς
1267 1749 1380 1834 λόγοις

123 1857 342 1938 ἐντυγχάνων)
364 1853 432 1918 εἴτε
450 1859 534 1936 μέγα
556 1861 721 1939 φρονοῦσι
735 1856 792 1916 καὶ
805 1855 1011 1938 ἐπηρμένοις
1026 1851 1188 1939 ὁμιλῆσαι
1205 1857 1380 1940 φρονίμως

75 1968 106 2020 16
125 1961 182 2021 καὶ
202 1960 286 2043 μήτε
309 1959 439 2021 παθεῖν
462 1977 496 2019 τι
520 1946 578 2019 ὑπ’
605 1957 714 2019 αὐτῶν
738 1954 1009 2039 δυσχερανάντων
1024 1958 1109 2041 μήτε
1123 1958 1289 2040 ἀπρεπῶς
1305 1955 1380 2020 δου-

126 2057 235 2123 λῶσαι
256 2062 316 2145 τήν
340 2062 443 2122 αὑτοῦ
465 2056 619 2122 διάνοιαν
641 2057 698 2120 καὶ
719 2061 757 2120 τύ
780 2059 922 2132 ἐκείνοις
943 2063 1181 2140 κεχαρισμένον
1199 2061 1236 2121 ἐκ
1251 2061 1380 2134 παντὸς

126 2171 282 2248 ποιησαι,
304 2165 361 2224 καὶ
383 2169 487 2224 ταῦτα
510 2162 648 2223 ἐνεστιν.
690 2163 747 2224 καὶ
769 2162 978 2246 ἀπορρήτοις
1008 2159 1044 2223 δέ
1068 2158 1180 2242 λόχοις
1202 2163 1249 2236 ὡς
1272 2176 1379 2245 προσ-

125 2268 200 2351 ήκει
218 2264 418 2350 χρήσασθαι
432 2265 489 2326 καὶ
503 2265 591 2348 πρός
607 2265 813 2348 στρατηγούς
834 2265 913 2325 ἄνευ
936 2260 1094 2349 πλήθους
1114 2266 1171 2326 καὶ
1194 2265 1280 2346 πρὸς
1296 2259 1380 2347 πλῆ-

126 2367 194 2442 θος
215 2362 290 2448 <ού>
311 2367 395 2428 κατὰ
415 2367 527 2444 ταύτδ,
550 2368 607 2429 καλ
627 2363 818 2446 βασιλικοῖς
833 2368 908 2429 τύνα
924 2363 1053 2450 τρόπον
1070 2363 1302 2452 διαλεχθῆναι,
1325 2365 1382 2426 καὶ

69 2481 102 2533 2⁰
123 2466 339 2555 ἐξαπατήσαι
367 2471 462 2544 όπως
492 2465 677 2548 πολεμίους
704 2470 765 2548 μέν
794 2469 854 2530 ἐπὶ
881 2464 1008 2552 βλάβῃ,
1039 2465 1160 2554 φίλους
1189 2457 1221 2529 δ’
1247 2468 1307 2530 ἐπὶ
1333 2464 1382 2547 τῷ

129 2575 346 2656 συμφέροντι,
368 2572 425 2633 καλ
445 2572 554 2655 μάτην
576 2575 840 2655 ταραττομένοις
855 2567 995 2646 ἀλύπως
1013 2568 1163 2657 τάληθὲς
1177 2572 1234 2633 καὶ
1249 2575 1382 2644 πιστῶς

128 2675 248 2752 εἰπεῖν,
270 2675 328 2735 καὶ
348 2675 386 2735 τό
408 2675 453 2759 μή
477 2670 606 2757 ῥᾳδίως
629 2675 803 2736 πιστεύειν
825 2678 898 2748 τοῖς
916 2675 1128 2756 ὑπερέχουσι,
1151 2670 1218 2752 [καὶ
1240 2673 1293 2748 οῖς
1307 2668 1382 2749 ἐξα-

127 2783 283 2838 πατῶσιν
313 2777 347 2837 οὶ
374 2769 607 2861 ὑπερέχοντες]
629 2777 686 2838 καὶ
711 2776 764 2850 οῖς
784 2783 1097 2861 καταστρατηγοῦσι
1118 2777 1175 2838 καλ
1195 2791 1382 2859 καταστρα-

127 2885 306 2962 τηγοῦνται
328 2879 530 2962 ἅνθρωποι,
557 2881 669 2940 πάντα
692 2885 797 2940 ταῦτα
822 2879 943 2954 ἱκανῶς
965 2881 1003 2940 τύ
1029 2880 1199 2961 σύνταγμα
1222 2881 1381 2959 περιέχει.

78 2993 108 3043 25
130 2981 188 3042 ἅτε
216 2981 279 3061 γάρ
309 2978 405 3059 οἶμαι
433 2983 551 3061 μιγνύς
578 2985 654 3056 ταῖς
684 2977 830 3064 πράξεσι
858 2983 937 3056 τούς
967 2977 1100 3062 λόχους,
1130 2981 1188 3043 ούιι
1215 2975 1252 3056 ἐξ
1278 2979 1433 3062 άκοήςΠ

128 3078 337 3167 παραλαβὼν
361 3079 436 3144 οὐδὲ
459 3081 703 3166 μιμησάμενος,
727 3073 802 3144 ἀλλ’
829 3085 930 3159 αύτδς
946 3076 1079 3168 πράξας
1094 3085 1163 3163 ἅμα
1185 3084 1242 3144 καὶ
1263 3081 1381 3155 εἰπών,

129 3173 397 3258 πιθανωτάτους
418 3186 580 3269 ἐποίησεν
602 3187 638 3247 ἐν
654 3187 767 3247 ἅπασί
781 3206 817 3248 τε
832 3192 905 3262 τοῖς
922 3184 1131 3268 συντάγμασι
1144 3186 1201 3247 καὶ
1215 3185 1251 3246 ἐν
1273 3185 1381 3263 τούτῳ

128 3277 288 3368 μάλιστα,
313 3284 355 3348 ού
373 3287 602 3372 ἐπιμνησθεὶς
623 3290 811 3369 ἐτύγχανον.
848 3291 904 3352 καὶ
926 3289 965 3350 εδ
979 3288 1068 3366 ἴσθι,
1093 3283 1211 3349 οὐδένα
1230 3303 1285 3348 σοι
1307 3286 1382 3370 τρό-

129 3408 196 3452 πον
217 3386 458 3474 μεταμελήσει,
487 3386 572 3452 ἀλλύ
600 3393 656 3452 καὶ
685 3393 720 3453 ἐν
742 3387 847 3475 βουλή
874 3393 931 3453 καὶ
953 3393 987 3452 ἐν
1011 3387 1104 3476 δήμῳ
1129 3391 1304 3473 όρέγοντός
1328 3404 1384 3449 σοι

216 3593 228 3642 1
247 3592 297 3646 καὶ
314 3594 377 3643 ante
395 3581 475 3645 ἁπλοῖ
491 3602 543 3642 om.
560 3585 591 3640 M
677 3593 691 3643 2
710 3583 844 3646 κιοτιιιδν
861 3587 949 3659 UBM,
967 3583 1115 3646 πειστικὸν
1132 3587 1155 3642 Τ
1237 3593 1252 3642 3
1270 3582 1345 3658 ἔχων
1362 3587 1385 3639 Β

131 3671 214 3747 ἔχειν
231 3678 303 3741 (cum
320 3673 469 3740 ταιαιιήῐ]
537 3669 734 3747 έπιβουλήνῑ]
804 3672 988 3747 ῦέθιλησίας
1006 3673 1035 3727 M
1109 3666 1179 3731 τόν
1196 3673 1333 3736 Βείιῖύαι,
1352 3664 1385 3737 ύς

130 3761 193 3816 libri
294 3755 453 3833 ύνιδσχοιτο
474 3759 521 3816 UB
642 3763 734 3817 Βτοῖν
750 3755 826 3834 πρὸς
843 3753 933 3818 αὐτὸν
951 3759 1005 3816 MU
1025 3775 1059 3813 m.
1077 3775 1117 3828 pr.
1136 3763 1164 3824 (ν
1180 3758 1209 3812 in
1225 3760 1285 3814 τάν
1302 3757 1387 3810 erasit

131 3853 278 3914 corrector)
347 3841 506 3918 α’τιευθῆναι
524 3845 554 3900 Μ
626 3851 656 3900 10
673 3850 760 3904 τοῦτο
780 3846 925 3903 Πτούτον
943 3847 964 3899 Β
983 3840 1017 3902 τὸ
1037 3845 1066 3898 Μ
1152 3841 1316 3901 άεέκνυσιῦ
1380 3863 1382 3872 ·

133 3937 161 3988 11
181 3929 294 4006 φύσεως
311 3949 361 4002 pro
378 3933 516 4005 φωνῆςῐ]
604 3923 847 3990 ούκοῖνούκΠΒ
944 3934 974 3985 11
992 3923 1090 4002 ἐμο1γ’
1110 3921 1201 3987 ούνΒ
1293 3931 1321 3980 13
1339 3930 1385 3983 όα-

131 4015 227 4088 κρύων
244 4021 267 4073 Β
335 4016 407 4088 μετά
426 4034 477 4087 pro
493 4012 599 4087 μεταξύ
617 4017 645 4070 Μ
724 4013 769 4074 όιδ
787 4011 937 4074 τοσούτων
953 4013 1028 4072 ἐτοῖν
1045 4014 1150 4084 scripsi,
1168 4016 1311 4070 τοσοῦτον
1328 4016 1388 4067 ταῖν

132 4100 225 4177 ἔργον
243 4103 272 4156 Μ
289 4099 440 4161 τοσούτων
456 4107 519 4168 (om.
539 4099 641 4175 ἔργον)
660 4102 682 4155 Β
701 4096 850 4159 τοσούτων
867 4097 961 4172 ἔργων
979 4101 1001 4156 U
1091 4105 1122 4154 14
1138 4099 1211 4172 μέγα
1229 4102 1387 4172 φρονοῦσιν

132 4189 162 4243 M
178 4194 430 4263 μεγαλοφρονούσι
449 4187 498 4243 UB
582 4188 740 4261 φρονὴμως
757 4187 833 4248 Mm.
851 4201 892 4256 pr.
982 4191 1011 4240 11
1031 4181 1162 4243 ἐνεστιΒ
1245 4188 1276 4238 19
1294 4175 1328 4239 ού
1345 4181 1386 4234 in-

133 4276 207 4330 serui
274 4279 436 4348 βασιλικοῑς
453 4274 483 4329 M
500 4278 656 4347 βασιλικῶς
673 4273 721 4328 UB
809 4273 873 4348 τζνα
892 4271 980 4340 Eum..
998 4269 1062 4328 τινά
1081 4269 1144 4324 libri
1230 4273 1262 4321 22
1280 4267 1386 4322 malim:

133 4359 167 4416 τό
186 4355 224 4432 μὴ
241 4360 334 4430 (δεῖν)
401 4355 590 4431 ύπερέχουοιν
608 4359 662 4413 UM
739 4361 788 4415 καὶ
806 4353 1049 4427 ολς“ἐξαπατῶσιν
1065 4354 1093 4412 οἳ
1110 4350 1300 4429 ὓπερὲκοντεε
1317 4351 1389 4406 (18101

132 4443 211 4512 Emp.
320 4449 353 4499 18
369 4448 419 4501 καὶ
436 4436 467 4502 ού
485 4440 545 4500 ἴσθι
563 4448 616 4499 ete.
640 4444 708 4499 haec
725 4460 780 4499 non
799 4448 864 4500 ειύι
936 4457 988 4498 εει
1004 4443 1130 4500 videntur
1148 4457 1209 4496 cum
1226 4437 1389 4495 anteceden-

132 4529 220 4592 τίσεις
237 4529 343 4586 malim:
362 4521 394 4588 εύ
411 4521 464 4587 σύν
480 4527 540 4588 ύσύι
558 4521 645 4601 (δτι),
664 4529 764 4586 omisso
781 4531 832 4587 καί
878 4438 971 4619 Ἃη
986 4528 1015 4583 M
1084 4527 1178 4586 σοοΒ
