3454 5272
328 361 391 421 316
824 361 1014 419 APPENDIX
1031 365 1081 419 111.

329 550 389 628 τής
420 544 556 628 φύσεως
583 540 622 601 τό
653 541 777 602 οἰκεῖον
804 540 911 623 έργον,
941 539 980 602 οδ
1007 539 1094 602 κατά
1122 542 1252 622 μικρόν,
1291 531 1365 600 ἀλλ’
1398 537 1492 614 ὅλοις
1520 545 1603 616 τοῖς

332 646 458 719 ἱστίοις
480 642 659 727 ἀπηνέχθη
683 650 743 728 τής
767 651 970 728 σοφιστικῆς
986 645 1240 725 προαιρέσεως·
1261 645 1298 717 ός
1320 644 1430 723 γεκαὶ
1452 643 1516 718 τάς
1538 645 1604 728 ῥη-

330 748 469 831 τορικάς
490 752 558 807 τών
579 746 784 807 ὑποθέσεων
808 746 918 808 οὐκέτι
942 747 1145 830 ῥητορικῶς,
1175 740 1261 807 ἀλλά
1289 742 1477 820 πολιτικῶς
1498 765 1601 824 μετε-

328 851 504 935 χειρίσατο
519 883 560 894 -
577 845 612 910 εἴ
629 868 683 922 τις
706 848 825 928 ἀγνοεῖ
835 850 895 933 τήν
911 849 946 910 ἐν
961 845 1075 930 ταύτῷ
1098 842 1316 931 προβλήματι
1339 844 1512 933 διαφοράν
1535 856 1605 910 τοῦ

293 959 308 1009 υ
334 950 514 1014 πολιτικοῦ
533 951 590 1014 καί
611 957 673 1012 τοῦ
693 952 846 1036 ῥήτορος,
870 947 1049 1012 ἐπελθέτω
1073 950 1158 1030 μετά
1181 956 1243 1012 νοῦ
1262 953 1321 1012 τὸν
1340 941 1538 1026 Ἀσπασίας
1559 971 1601 1013 τε

329 1057 388 1118 καί
408 1047 614 1137 Περικλέους
636 1053 824 1137 ἐπιτάφιον
843 1049 1051 1115 Θουκυδίδου
1074 1053 1130 1114 καί
1145 1049 1342 1130 Πλάτωνος,
1367 1050 1414 1114 ὥν
1437 1054 1601 1136 έκάτερος

330 1157 482 1236 θατέρου
506 1155 600 1239 παρά
625 1151 712 1216 πολι)
734 1150 881 1217 καλλίων
903 1155 994 1231 ἐστί,
1024 1156 1098 1229 τοῖς
1128 1155 1268 1228 οἰκείοις
1297 1158 1418 1218 κανόσι
1438 1158 1601 1238 κρινόμε·

331 1279 398 1335 νος.
439 1261 457 1320 ό
481 1251 513 1320 δ’
540 1257 598 1319 οδν
612 1258 708 1320 Δίων
730 1257 819 1318 ἔοικε
841 1257 1047 1341 θεωρήμασι
1067 1258 1130 1337 μὲν
1152 1261 1316 1335 τεχνικοῖς
1338 1258 1374 1319 έν
1400 1254 1600 1343 φιλοσοφίᾳ

330 1363 376 1449 μή
395 1357 752 1447 προσταλαιπωρήοαι
766 1357 852 1445 μηδέ
876 1365 1128 1443 προσανασχεῖν
1153 1363 1311 1445 φυσικοῖς
1335 1357 1511 1441 δόγμασιν,
1536 1362 1601 1423 ἅτε

279 1471 309 1524 10
333 1465 400 1546 όψέ
423 1471 485 1525 τοῦ
504 1470 626 1547 καιροῦ
645 1463 947 1543 μετατεθειμένος·
978 1463 1131 1524 ὄνασθαι
1161 1457 1196 1524 δέ
1226 1469 1286 1548 τής
1319 1468 1422 1536 στοάς
1450 1465 1514 1523 όοα
1546 1465 1601 1537 είς

331 1560 422 1649 ήθος
443 1567 547 1628 τείνει
569 1565 625 1626 καί
647 1564 867 1648 ήρρενῶσθαι
894 1554 980 1645 παρ’
1006 1565 1158 1626 ὁντινοῦν
1181 1570 1249 1625 τῶν
1270 1552 1329 1649 ἐφ’
1356 1567 1494 1641 ἑαυτοῦ,
1516 1565 1597 1627 έπι·
1613 1578 1691 1630 (τινα)

331 1667 469 1728 θέσθαι
497 1664 533 1729 δὲ
555 1665 605 1749 τῷ
634 1667 811 1728 νουθετεῖν
840 1666 1049 1750 ἀνθρώπους
1076 1667 1133 1728 καί
1160 1668 1350 1749 μονάρχους
1374 1665 1431 1728 καί
1454 1663 1599 1742 ἰδιώτας
1615 1681 1688 1732 tm>

331 1770 388 1830 καί
415 1760 501 1830 καθ’
532 1772 590 1831 ένα
619 1769 677 1830 καί
705 1767 875 1848 ἀθρόους,
905 1768 954 1842 είς
977 1767 997 1828 δ
1022 1767 1224 1852 χρήσασθαι
1253 1771 1531 1852 προαποκειμένῃ
1554 1777 1601 1854 τῇ

334 1878 531 1956 παρασκευῇ
559 1879 618 1956 τῆς
647 1866 806 1955 γλώττης.
852 1866 907 1931 διό
934 1889 996 1949 μοι
1026 1867 1122 1932 δοκεῖ
1146 1866 1257 1945 καλῶς
1280 1871 1367 1950 ἐχειν
1390 1871 1600 1955 ἐπιγράφειν

284 1981 312 2034 15
336 1975 448 2034 άπασι
470 1978 543 2048 τοῖς
556 1973 692 2049 Δίωνος
715 1969 838 2055 λόγοις,
861 1975 915 2035 ότι
937 1974 1005 2055 πρὸ
1029 1981 1089 2058 τῆς
1113 1981 1219 2058 φυγής
1241 1973 1261 2057 ή
1284 1973 1370 2052 μετά
1394 1975 1454 2058 τήν
1478 1975 1599 2059 φυγήν,

337 2077 397 2155 οὐχ
420 2075 699 2161 υίςέμφαίνεται
720 2079 839 2157 μόνοις
861 2079 881 2160 ή
907 2077 1012 2161 φυγή,
1040 2075 1202 2158 καθάπερ
1229 2077 1431 2160 ἐπέγραψαν
1460 2072 1523 2160 ήδη
1548 2097 1601 2138 τι·

335 2182 400 2254 νές,
423 2169 499 2240 ἀλλ’
525 2176 762 2256 ἁπαξάπασιν.
808 2180 896 2240 οὕτω
927 2178 989 2261 γάρ
1012 2179 1053 2239 ἀν
1076 2176 1191 2262 εἴημεν
1219 2179 1299 2253 τοάς
1320 2198 1359 2241 τε
1381 2174 1602 2264 φιλοσόφους

334 2282 392 2343 καί
421 2284 501 2358 τους
530 2283 611 2344 αάτδ
641 2289 741 2343 τοῦτο
773 2282 995 2367 σοφιστικοδς
1025 2277 1144 2363 λόγους
1174 2275 1390 2365 διειληφότες
1420 2283 1602 2363 έκατέρους

332 2385 455 2464 χωρίς,
484 2377 558 2446 ἀλλ’
594 2385 652 2464 οὐχ
682 2385 797 2467 ὥσπερ
828 2386 863 2446 ἐν
892 2384 1097 2466 νυκτομαχίᾳ
1128 2378 1403 2466 περιτευξόμεθα
1428 2382 1519 2465 αὐτῷ
1540 2391 1602 2446 νῦν

283 2497 313 2550 20
334 2487 396 2566 μέν
418 2483 578 2568 βάλλοντι
599 2488 780 2571 Σωκράτην
801 2487 858 2548 καί
880 2487 1021 2570 Ζήνωνα
1044 2490 1118 2560 τοῖς
1140 2485 1176 2546 ἐκ
1197 2486 1391 2548 Διονυσίων
1417 2485 1602 2564 σκώμμασι

335 2588 393 2649 καί
414 2590 493 2663 τοδς
522 2579 586 2648 ἀπ’
614 2589 724 2650 αὐτῶν
753 2583 906 2664 ἀξιοῦντι
935 2589 1050 2672 πάσης
1072 2584 1282 2650 ἐλαύνεσθαι
1307 2595 1367 2672 γής
1388 2588 1446 2650 καί
1467 2583 1601 2648 θαλάτ-

335 2710 411 2774 της,
446 2689 493 2764 ώς
521 2689 619 2765 δντυς
643 2691 759 2775 Κῆρας
782 2686 916 2752 πόλεών
945 2709 982 2751 τε
1011 2691 1068 2752 καί
1098 2686 1293 2766 πολιτείας,
1327 2695 1384 2750 νῦν
1412 2687 1447 2750 δέ
1473 2706 1601 2774 στεφα-

335 2792 449 2854 νοῦντί
470 2811 507 2853 τε
530 2792 652 2865 αότυάς
674 2793 730 2853 καί
745 2788 964 2875 παράδειγμα
986 2793 1157 2874 τιθεμένῳ
1177 2793 1331 2874 γενναίου
1354 2793 1431 2874 βίου
1453 2794 1511 2855 καί
1533 2793 1601 2853 σώ-

338 2912 474 2979 φρονος.

288 3009 316 3060 λέ
427 2991 662 3074 Φιλόστρατος
692 2992 727 3057 δέ
756 2996 814 3057 καί
841 3003 941 3057 τοῦτο
975 2995 1251 3082 ἀπεριμερίμνως
1279 2998 1338 3058 τὸν
1367 2997 1510 3059 ἐπαινον
1539 3003 1603 3056 τοῦ

336 3105 508 3177 ψιττακοῦ
528 3099 585 3160 καί
606 3100 665 3160 τδν
682 3098 810 3179 Εὐβοέα
833 3106 893 3184 τής
917 3099 1019 3185 αὐτῆς
1035 3102 1270 3184 προαιρέσεως
1290 3095 1411 3176 οἴεται,
1433 3099 1491 3159 καί
1510 3098 1599 3181 ὑπὲρ

337 3202 468 3287 ἀμφοῖν
497 3201 624 3280 δμοίως
653 3201 702 3275 είς
724 3197 915 3282 ἀπολογίαν
936 3201 1148 3264 καθίσταται
1177 3202 1238 3286 τήν
1261 3201 1347 3284 ὑπὲρ
1370 3207 1433 3262 τοῦ
1452 3201 1600 3276 Δίωνος,

337 3304 384 3376 ὡς
414 3305 458 3388 μή
494 3302 554 3365 ἐπί
581 3307 655 3377 τοῖς
690 3309 846 3382 τυχοῦσιν
877 3299 1126 3365 ἐσπουδακέναι
1164 3300 1284 3365 δοκεῖν.
1333 3309 1434 3364 τοῦτο
1469 3292 1502 3364 δ’
1533 3297 1598 3386 ήδη

338 3401 443 3466 πλέον
471 3405 545 3467 ἐστί
576 3405 798 3489 ποιήσασθαι
827 3405 986 3488 θάτερον.
1032 3406 1052 3465 ό
1081 3405 1143 3488 γάρ
1175 3405 1405 3489 ἀναγορεύσας
1433 3403 1536 3467 αδτδν
1564 3404 1601 3466 ἐν

284 3518 314 3569 ³⁰
336 3512 412 3583 τοῖς
434 3499 482 3570 δι’
509 3503 691 3592 ὁλοκλήρου
720 3514 783 3568 τοῦ
801 3508 879 3588 βίου
908 3503 1171 3591 φιλοσοφήσααι
1200 3507 1333 3591 προϊών
1361 3507 1398 3567 οὐ
1420 3508 1527 3586 μόνον
1549 3508 1601 3568 ἐν·

338 3606 463 3673 δέδωκε
491 3612 578 3693 πρδς
606 3612 645 3671 τό
673 3611 730 3672 καί
759 3612 960 3695 σοφιστικόν
988 3630 1022 3671 τι
1051 3611 1148 3694 έργον
1179 3609 1364 3693 εἰργάσθαι
1386 3611 1445 3672 τὸν
1468 3610 1600 3687 Δίωνα,

339 3709 427 3776 ἀλλά
452 3716 736 3796 πρασαποστερεῖ
753 3713 811 3774 τόν
834 3709 940 3797 ἀνδρα
968 3713 1025 3774 καί
1045 3718 1114 3774 τῶν
1136 3713 1241 3774 όντων
1262 3713 1298 3773 έκ
1320 3719 1380 3797 τῆς
1403 3708 1600 3796 φιλοσόφου

337 3813 492 3900 μερίδος,
523 3819 725 3899 προσνέμων
754 3814 838 3876 αὐτὰ
868 3820 941 3890 τοῖς
972 3818 1199 3899 σοφιστικοῖς.
1243 3816 1274 3877 εί
1302 3814 1364 3897 γάρ
1387 3815 1446 3876 τόν
1468 3813 1600 3894 Εὐβοέα

338 3939 391 3993 τις
419 3918 650 4004 ἀφαιρήσεται
678 3924 740 3978 τοῦ
768 3915 958 3980 σπουδαῖον
988 3915 1077 3981 εἶναι
1105 3919 1161 3980 καί
1189 3919 1275 4000 ὑπὲρ
1301 3913 1500 3978 σπουδαίων
1524 3932 1601 3998 συγ-

285 4029 316 4081 85
337 4020 495 4096 κεῖσθαι,
526 4019 566 4080 οὔ
592 4039 654 4100 μοι
684 4016 781 4082 δοκεῖ
804 4008 905 4104 ῥᾷστ’
931 4021 972 4083 ἂν
999 4021 1017 4081 ό
1040 4027 1195 4095 τοιοῦτος
1222 4021 1372 4103 έγκρῖναί
1396 4039 1472 4081 τινα
1502 4014 1601 4101 λόγον

339 4129 407 4185 τῶν
428 4123 579 4200 Δίωνος,
608 4123 695 4186 ώστε
723 4123 780 4186 καί
803 4119 997 4208 φιλόσοφον
1026 4113 1089 4185 ὑπ’
1116 4123 1221 4186 αὐτοῦ
1241 4123 1507 4208 προσειρῆσθαι.
1554 4123 1601 4197 ὡς

426 4372 514 4443 ὃμὲν
529 4368 702 4446 θεωρήμασι
720 4371 782 4435 (hoc
801 4371 909 4438 ord.)L
999 4376 1029 4426 10
1050 4362 1194 4438 δσαέςίι
1294 4368 1375 4444 ίίοή
1393 4387 1443 4442 pro
1461 4371 1532 4430 έλΙι

338 4460 382 4532 τῷ
401 4473 453 4512 om.
471 4457 495 4511 L
568 4463 597 4512 Π
618 4448 697 4524 ἅπαξ
712 4447 823 4514 ἅπασιν
841 4460 899 4522 (καὶ
918 4471 1053 4526 ευρεηεε.
1070 4473 1089 4512 α
1104 4473 1175 4513 man.
1195 4462 1260 4524 rec.)
1277 4456 1301 4510 L
1371 4455 1467 4530 εἴημεν
1483 4451 1521 4515 άν
1538 4456 1602 4520 (hoc

337 4541 453 4608 ord.)L
522 4545 555 4597 22
573 4537 688 4608 πόλεώς
704 4541 776 4600 tels
847 4546 879 4597 30
897 4541 1091 4600 ἐνδέδωκενΙι
1161 4546 1193 4598 36
1211 4533 1255 4600 δίο
1271 4563 1305 4615 γε
1322 4542 1412 4599 καλλι
