3526 5264
343 354 405 414 190
824 354 948 411 motus
965 354 1017 410 DE
1036 354 1124 409 FIDE

340 535 462 610 μένους
484 530 617 610 ἀγαθόν
639 549 673 590 τι
689 525 876 591 ἀπολαύειν
897 530 954 591 καί
976 529 1098 604 αὐτούς
1112 538 1172 614 της
1188 532 1338 606 πίστεως
1345 553 1357 606 ;
1379 533 1435 595 καί
1458 531 1502 594 αδ
1522 534 1603 608 τούς

340 634 409 694 ὑπὸ
432 639 498 694 τῶν
521 629 668 694 ἰδιωτῶν
685 636 953 711 πιστευομένους
968 620 989 716 ἢ
1005 651 1163 714 γυναικας

340 735 501 816 καθάπερ
526 733 623 813 οἶμαι
645 731 770 795 πολλοί
790 736 1001 818 ἐπιτρόπους
1028 737 1085 797 καὶ
1111 732 1298 820 κηδεμόνας
1324 732 1601 813 καταλείπουσιν,

341 839 375 898 οῖ
396 839 457 916 μὲν
480 834 745 922 ἀποδημοῦντες,
769 838 803 898 οί
826 834 861 899 δέ
878 837 1166 923 ἀποθνήσκοντες,
1191 840 1225 899 οί
1248 835 1283 900 δὲ
1307 840 1601 925 παρακαταθήκας

341 936 496 1002 διδόασιν
524 941 603 1002 ἀνευ
630 942 826 1024 μαρτύρων,
857 941 895 1003 οδ
924 937 1074 1015 δεδιότες
1095 942 1139 1026 μή
1163 941 1422 1027 ἀφαιρεθῶσιν,
1451 942 1538 1004 ἐνιοι
1560 936 1636 1003 δλσ

339 1049 407 1104 τῶν
429 1045 543 1122 νόμων
566 1044 847 1124 ἀπαγορευόντων
868 1045 913 1130 μή
936 1041 1139 1106 καταλιπεῖν
1164 1040 1392 1129 κληρονόμους
1422 1045 1481 1118 οδς
1502 1044 1601 1106 αδτοί

339 1143 534 1226 βούλονται,
558 1150 694 1230 ἐτέρους
715 1143 996 1225 καταλείπουσιν,
1019 1143 1248 1227 ἐντειλάμενοι
1271 1147 1312 1209 τά
1333 1147 1489 1232 χρήματα
1512 1146 1599 1207 ἀπο-

299 1245 460 1326 4δσῦναι
486 1254 560 1324 τοῖς
590 1250 700 1312 αὐτῶν
728 1246 940 1333 ἐπιτηδείοις
967 1281 1010 1292 --
1042 1253 1177 1325 τούτοις
1213 1247 1252 1335 δή
1288 1257 1377 1312 πάσι
1414 1244 1599 1310 λυσιτελεῖν

340 1359 458 1438 φῶμεν
480 1354 518 1414 τό
543 1357 679 1436 πρᾶγμα
701 1353 757 1413 καί
779 1352 838 1436 τήν
862 1348 980 1430 δόξαν,
1010 1352 1050 1437 ἦν
1072 1353 1205 1431 ἔχοντες
1228 1353 1308 1436 περί
1331 1353 1441 1413 αὐτῶν
1464 1351 1599 1432 ἐπιτρί-

341 1470 467 1516 πουσιν
490 1453 607 1528 αὐτοῖς
630 1454 664 1514 σί
685 1453 726 1514 τά
751 1458 898 1538 σφέτερα
928 1456 1187 1537 ἐπιτρέποντες,
1216 1450 1365 1534 μάλιστα
1389 1451 1425 1518 δέ
1447 1457 1521 1527 τοῖς
1543 1472 1596 1513 τε·
1619 1463 1649 1515 1ο

339 1552 509 1630 λευταίοις
536 1561 610 1630 τοῖς
641 1559 849 1640 παρανόμως
878 1558 1109 1619 πιστεύεσθαι
1144 1554 1317 1620 δοκοῦσιν·
1355 1545 1375 1642 ἢ
1404 1554 1600 1617 τοόναντίσν

336 1655 486 1738 χαλεπόν
515 1656 604 1720 είναι
633 1661 673 1720 τό
700 1665 857 1721 τοιοῦτον
887 1661 944 1722 καί
972 1656 1102 1746 πολλῆς
1131 1656 1294 1738 ἀσχολίας
1322 1661 1379 1722 καί
1408 1652 1599 1745 φροντίδων

339 1758 459 1837 αἴτιον,
482 1761 592 1822 ἐνίοτέ
612 1755 685 1842 <γε>
704 1764 769 1847 μήν
791 1762 847 1823 καί
869 1759 1031 1824 κινδύνων
1053 1769 1120 1824 τῶν
1141 1764 1330 1844 μεγίστων,·

424 1859 535 1939 ἔξεστι
558 1860 595 1924 δὲ
620 1869 759 1927 σκοπεῖν
782 1865 887 1938 εδθδς
910 1865 981 1926 ἀπό
1004 1871 1071 1927 τῶν
1094 1861 1282 1926 δοκούντων
1305 1862 1393 1926 εἶναι
1412 1863 1598 1944 μεγίστων·

339 1963 434 2029 σότοι
454 1966 518 2052 γάρ
541 1973 608 2029 τῶν
629 1969 690 2046 μὲν
714 1964 811 2029 ίδίων
834 1964 871 2044 ἐξ
893 1967 1038 2052 ἀνάγκης
1060 1964 1226 2047 ἀμελοῦσι
1253 1968 1311 2028 καί
1334 1967 1516 2050 χρημάτων
1537 1963 1595 2024 καί
1616 1973 1646 2026 13

337 2073 470 2146 τέκνων,
494 2073 701 2152 προσέχουσι
725 2065 760 2130 δὲ
783 2074 857 2144 τοῖς
877 2075 1006 2145 κοινοῖς
1027 2072 1083 2132 καί
1104 2070 1165 2132 ἐπί
1183 2070 1312 2131 τούτων
1328 2069 1412 2130 είσί·
1435 2066 1492 2127 καί
1514 2060 1598 2126 πολ-

339 2168 434 2247 λάκις
455 2173 517 2251 μὲν
540 2172 607 2234 δπδ
631 2177 698 2233 τῶν
727 2168 1017 2250 ἐπιβουλευόντων
1045 2177 1122 2246 ταῖς
1151 2169 1294 2234 πόλεσιν
1322 2159 1342 2256 ἢ
1373 2165 1549 2248 πολεμίων
1576 2154 1596 2250 ἢ

338 2271 489 2336 πολιτῶν
511 2293 613 2335 τινων
636 2270 862 2350 ἀπόλλυνται,
893 2271 1057 2348 πολλάκις
1085 2270 1121 2336 δέ
1144 2265 1207 2336 ὑπ’
1234 2274 1345 2336 αὐτῶν
1370 2279 1438 2334 τῶν
1461 2265 1595 2332 πόλεων
1611 2285 1728 2332 (mus

338 2373 462 2450 ἀδίκως
479 2371 734 2459 διαβληθέντες.
773 2376 807 2437 οί
828 2379 890 2455 μὲν
912 2376 974 2458 γάρ
998 2376 1117 2450 οὐσίας
1132 2376 1370 2462 ἀφῃρέθησαν,
1394 2375 1473 2448 τούς
1489 2369 1598 2434 δὲκαὶ

338 2473 449 2560 δνείδη
475 2480 594 2562 συνέβη
617 2479 814 2564 κτήσασθαι
827 2475 1143 2553 καταδικασθέντας
1156 2475 1301 2564 κλοπῆς·
1326 2478 1360 2538 οί
1378 2473 1414 2538 δέ
1430 2471 1594 2551 ἐξέπεσον
1614 2486 1645 2536 3]

298 2591 317 2652 5
340 2581 376 2640 ἐκ
390 2587 457 2641 τῶν
474 2577 658 2662 πατρίδων,
683 2583 717 2642 σί
732 2579 768 2644 δέ
783 2583 840 2643 καί
854 2581 1048 2643 ἀπέθανον·
1072 2582 1188 2664 ὥσπερ
1205 2580 1262 2642 σόν
1279 2577 1413 2662 λέγουσι
1428 2572 1597 2660 Περικλέα

336 2683 397 2760 μὲν
426 2677 555 2744 ἁλῶναι
583 2679 713 2768 κλοπῆς
748 2683 843 2767 παρὰ
869 2674 1070 2767 Ἀθηναίοις
1099 2685 1157 2744 τόν
1190 2679 1354 2745 κάλλιστα
1388 2682 1445 2743 καί
1471 2682 1596 2764 ἀριστα

336 2787 532 2868 προστάντα
555 2793 615 2871 τῆς
638 2783 785 2864 πόλεως,
812 2782 1042 2866 Θεμιστοκλέα
1067 2782 1102 2847 δὲ
1126 2788 1281 2848 ἐκπεσεῖν
1305 2787 1352 2860 ὡς
1375 2779 1596 2868 προδιδόντα,

336 2887 374 2962 δς
402 2885 612 2972 παραλαβὼν
641 2888 765 2963 αύτούς
795 2890 833 2949 οδ
864 2885 1067 2968 δυναμένους
1102 2890 1140 2950 τδ
1176 2885 1305 2973 ἐδαφος
1340 2895 1400 2973 τῆς
1429 2881 1596 2968 πατρίδος

337 2991 451 3067 οίκεῖν,
475 2987 560 3052 ἀλλά
584 2999 871 3075 παραχωροῦντας
893 2996 966 3066 τοῖς
983 2988 1163 3070 πολεμίοις
1187 2991 1291 3052 αὐτοῦ
1310 2995 1372 3050 τοῦ
1392 2989 1515 3062 άστεος
1535 2987 1592 3048 καί
1613 2997 1643 3046 13
1751 3013 1753 3032 ·

335 3099 403 3154 τῶν
434 3094 548 3176 ίερῶν,
578 3083 617 3154 οδ
646 3095 751 3171 μόνον
780 3100 885 3154 ταῦτα
908 3096 1020 3155 πάντα
1043 3090 1234 3168 ἀπέδωκεν,
1265 3082 1343 3153 ἀλλ’
1375 3092 1427 3153 έτι
1447 3091 1504 3151 καί
1525 3095 1695 3157 vamum

332 3185 493 3278 Ἑλλήνων
515 3197 680 3279 ήγεμόνας
701 3195 872 3280 ἐποίησεν,
896 3192 1106 3280 ἀφελόμενος
1121 3191 1418 3274 Λακεδαιμονίους
1433 3188 1470 3269 ἐξ
1491 3193 1594 3276 ἀρχῆς

294 3305 314 3367 6
337 3297 474 3375 ἔχοντας
497 3300 556 3383 τήν
579 3301 678 3384 τιμήν
700 3300 834 3381 ταύτην.
879 3294 1075 3382 Μιλτιάδης
1099 3294 1135 3359 δὲ
1158 3298 1177 3359 ό
1196 3303 1333 3381 πρῶτος
1355 3297 1494 3380 νικήσας
1515 3295 1595 3368 τούς

333 3399 527 3482 βαρβάρους
548 3400 633 3479 μετὰ
653 3402 767 3479 μόνων
782 3407 850 3462 τῶν
866 3397 1016 3462 πολιτῶν
1031 3402 1088 3462 καί
1102 3401 1141 3461 τό
1156 3400 1300 3480 Περσῶν
1317 3399 1474 3483 φρόνημα
1490 3395 1593 3457 καθε-

335 3497 417 3579 λών,
447 3502 467 3564 δ
495 3505 661 3586 πρότερον
689 3499 779 3582 εἶχον
807 3504 854 3578 ὡς
882 3505 1043 3565 ἁπάντων
1072 3501 1269 3584 ἀνθρώπων
1289 3501 1462 3584 κρείττους
1485 3500 1588 3573 όντες,
1610 3506 1641 3557 31)

335 3603 434 3680 οὗτος
454 3596 530 3684 μετ’
557 3596 595 3667 οὐ
619 3600 727 3666 πολύν
746 3607 867 3688 χρόνον
891 3607 941 3680 είς
962 3607 1000 3667 τδ
1032 3601 1266 3689 δεσμωτήριον
1294 3592 1357 3665 ἀπ’
1390 3593 1501 3664 αὐτῶν
1524 3600 1593 3661 ἐνέ-

334 3725 429 3787 πεσε,
451 3710 507 3770 καί
530 3712 674 3791 προσέτι
697 3708 716 3769 ό
737 3710 811 3782 υίδς
834 3699 936 3769 αὐτοῦ
959 3707 1080 3786 Κίμων
1102 3708 1225 3786 ἄτιμος
1248 3701 1287 3790 ἦν
1310 3707 1351 3767 ἀν
1373 3707 1432 3767 τόν
1456 3705 1592 3764 ἅπαντα

330 3812 461 3894 χρόνον,
486 3811 516 3871 εί
538 3812 583 3895 μή
606 3812 666 3896 τήν
682 3806 833 3896 ἀδελφήν
845 3801 1033 3894 Ἐλπινίκην
1048 3805 1207 3885 ἐξέδωκεν
1223 3805 1321 3893 ἀνδρί
1342 3804 1493 3890 ταπεινῷ
1512 3797 1591 3890 [καί]

421 4025 499 4079 Ικαί
518 4016 623 4090 αὐτοὺς
641 4023 697 4080 MU
715 4039 749 4078 m.
768 4040 809 4093 pr.
828 4024 849 4078 P
866 4027 916 4081 καί
933 4039 985 4080 om.
1003 4023 1054 4078 BH
1140 4023 1382 4080 θκαταλίνισυσιν
1399 4023 1429 4077 Μ
1515 4024 1592 4077 ὁδε-

332 4105 441 4175 όιιότες
458 4109 482 4164 Β
569 4113 583 4162 7
601 4111 810 4167 καταλίπουοιν
828 4109 882 4165 UM
968 4105 1153 4180 ἐντηλάμενσι
1171 4109 1192 4162 Ρ
1283 4113 1298 4164 3
1317 4101 1414 4166 αάτιῖυ
1430 4106 1503 4173 libri,
1520 4121 1591 4161 corr.

332 4196 411 4264 Ειορ.
484 4199 514 4248 10
533 4195 563 4252 δὲ
581 4194 685 4263 Ρδοςλι,
703 4192 735 4267 δή
754 4195 816 4249 libri
870 4198 901 4248 ¹2
920 4195 1076 4267 φροντίδος
1093 4195 1140 4250 UP
1158 4196 1320 4268 φροντίδας
1339 4193 1369 4249 Μ
1429 4197 1460 4247 13
1478 4210 1511 4264 γε
1529 4190 1591 4245 εδδ

330 4279 432 4336 Βείείιο
500 4283 548 4336 καί
566 4295 619 4334 om.
638 4279 716 4335 UBM
768 4283 828 4337 ταῖν
844 4294 879 4335 ex
896 4275 989 4337 τδνΡ
1056 4284 1086 4334 16
1103 4276 1151 4337 ἐπί
1169 4284 1222 4338 τοῦ
1239 4275 1390 4338 τούτωκΡ
1446 4281 1477 4334 13
1495 4273 1591 4335 ἀπαλλ·

331 4367 469 4424 λυνταιΒ
537 4365 568 4423 δὲ
585 4367 634 4422 καί
651 4365 672 4419 P
690 4364 731 4428 (όέ
748 4381 782 4419 ex
798 4365 862 4436 μὲν)
914 4371 947 4420 20
966 4364 1108 4438 ξυνέβηΒ
1166 4370 1199 4420 24
1218 4362 1402 4437 τοδόαφοςΒ
1471 4365 1504 4416 25
1523 4351 1590 4418 ἀλλ’

331 4445 561 4522 ἀποχωροῦντας
578 4455 653 4519 (mrg.
671 4470 715 4523 γρ.
736 4457 826 4523 παρα)
843 4451 869 4507 U
973 4454 1006 4506 26
1024 4447 1120 4507 πάντα
1138 4465 1190 4506 σοι.
1211 4451 1231 4506 Ρ
1319 4453 1352 4504 ‘29
1369 4445 1465 4518 μόνον
1483 4448 1504 4500 Β

332 4541 362 4590 31
383 4527 476 4600 οὕτως
493 4535 517 4590 Β
535 4525 654 4602 οὗιαιις
670 4540 742 4601 (cum
759 4540 868 4602 rasura)
886 4537 911 4594 U
981 4540 1013 4592 33
1031 4540 1080 4593 καί
1098 4536 1198 4591 seclusi
1217 4540 1328 4590 mutus
1346 4533 1504 4603 Emperium
