3476 5264
342 398 406 458 260
781 397 907 455 morus
924 397 976 455 DE
994 395 1152 454 ssscnssu

345 581 413 637 τῶν
434 571 608 658 βλαβερῶν
630 575 688 636 καί
708 573 918 658 ἀσυμφόρων
940 574 1134 656 πράττοντα
1159 567 1325 635 διατελεῖν
1345 579 1524 652 πανταχοῦ
1538 591 1616 634 τοι·

346 677 431 740 αῦτά
453 677 547 737 έστιν
568 676 625 738 καί
653 677 691 737 τό
722 671 971 758 συνδιατρίβειν
999 675 1052 737 ἀεί
1080 671 1128 756 τῷ
1157 675 1328 753 ἐντυχόντι
1357 671 1614 754 ἀδολεσχοῦντα

345 779 403 840 καί
430 779 594 841 ἀκούοντα
623 774 729 860 λόγων
759 773 856 840 ούδέν
882 779 1057 862 χρησίμων
1086 764 1107 861 ἢ
1136 778 1216 861 περί
1237 777 1279 838 τά
1307 773 1477 858 βασιλέως
1500 778 1616 860 πράμ-

304 889 324 950 4
346 901 438 962 ματα
462 878 648 964 διατρίβειν
670 867 690 963 ἢ
713 880 755 941 τά
777 886 840 941 τοῦ
860 876 980 957 δεῖνος,
1004 880 1051 954 ὡς
1073 879 1139 964 ἔφη
1162 899 1225 954 τις.
1264 880 1303 941 ού
1317 881 1381 964 χάρ
1396 880 1491 942 ἐστιν
1506 881 1614 964 ἀνόη-

345 1003 405 1058 τος
426 991 486 1070 τῆς
513 984 617 1046 αὑτοῦ
643 989 753 1069 ψυχῆς
779 983 911 1066 κύριος,
940 977 1026 1044 ἀλλά
1055 982 1263 1067 ῥεμβόμενός
1290 1001 1327 1044 τε
1354 984 1411 1045 καί
1440 983 1650 1064 ἀχόμενοςι

347 1083 475 1170 ῥᾳδίοις
497 1085 565 1146 ύπδ
588 1092 649 1171 τῆς
670 1086 834 1169 τυχούσης
856 1085 1067 1170 προφάσεως
1089 1086 1146 1148 καί
1168 1081 1313 1165 δμιλίας.

431 1180 543 1272 [ὥστε]
567 1188 601 1249 οί
623 1184 747 1250 πολλοί
768 1187 970 1270 ἅνθρωποι,
998 1187 1160 1271 καθάπερ
1184 1188 1219 1249 σί
1241 1188 1372 1248 ἄσωτοι
1393 1194 1460 1250 τῶν
1479 1187 1616 1271 χρημά-

347 1311 414 1354 των
437 1291 495 1353 ούκ
517 1292 558 1353 ἀν
582 1287 737 1353 δύναιντο
760 1286 953 1352 ἀποδοῦναι
976 1286 1074 1371 λόχον
1096 1291 1184 1374 πρὸς
1212 1291 1278 1368 ό,τι
1299 1286 1513 1373 ἀνηλώκασιν
1534 1291 1713 1352 ὅκα-(Μ)

350 1408 429 1454 στσν
452 1393 563 1455 αὐτῶν
569 1441 579 1470 ,
611 1393 771 1477 φαίνεται
794 1383 827 1454 δ’
852 1395 945 1472 ὅμως
973 1387 1171 1475 ἀνηλωμένα
1201 1393 1290 1453 πάνυ
1320 1392 1422 1471 συχνά
1442 1393 1616 1477 χρήματα,

349 1491 425 1556 ούδέ
449 1493 545 1557 οδτοι
565 1501 629 1556 τοῦ
645 1498 767 1579 χρόνον
791 1515 827 1556 τε
848 1496 905 1557 καί
926 1495 1003 1575 βίου
1033 1485 1183 1557 δύναιντ’
1208 1495 1249 1556 ἀν
1279 1491 1470 1558 ἀποδοῦναι
1497 1492 1612 1577 λόχον,
1638 1485 1726 1592 lostffl]

352 1598 440 1681 πρὸς
461 1598 526 1673 ό,τι
548 1599 692 1681 εκάστην
712 1600 841 1682 ἡμέραν
862 1593 1040 1681 ἀνήλωσαν
1062 1585 1084 1682 ἢ
1106 1604 1195 1683 μῆνα
1218 1585 1425 1682 ἢένιαυτόν·
1450 1598 1617 1682 φαίνεται

350 1688 383 1760 δ’
409 1698 468 1760 οδν
490 1700 625 1783 παριὼν
648 1700 668 1760 ό
687 1700 764 1781 βίος
785 1701 842 1763 καί
858 1695 1102 1778 δαπανώμενος
1118 1701 1137 1761 δ
1149 1702 1280 1784 χρόνος,
1305 1700 1363 1762 ούκ
1380 1696 1493 1782 όλίγου
1514 1695 1618 1776 ἀξιος

310 1805 329 1866 5
351 1805 425 1874 τοῖς
446 1800 650 1885 ἀνθρώποις
672 1798 750 1864 ούδέ
772 1803 928 1886 ηττονος,
956 1803 1034 1881 έμοί
1056 1797 1180 1878 δοκεῖν,
1209 1790 1231 1887 ἢ
1253 1803 1292 1864 τά
1316 1803 1484 1887 ἀργύριον.
1530 1797 1613 1862 ἀλλ’

350 1904 443 1984 ὅμως
464 1908 544 1982 μιάς
567 1900 716 1990 δραχμῆς
738 1900 955 1990 ἀπολομένης
977 1905 1102 1989 ἀνάγκη
1132 1904 1329 1968 αἰσθέσθαι
1355 1906 1413 1976 καί
1441 1902 1617 1990 δηχθῆναι
1726 1919 1727 2000 η

351 2006 525 2089 ἀμηγέπη·
555 2006 587 2068 εί
609 2001 645 2068 δέ
666 2007 724 2068 καί
745 2003 886 2082 πλείους
907 2027 961 2082 τις
982 2002 1135 2088 ἐκβάλοι,
1166 2007 1205 2069 ού
1227 2004 1353 2073 πολλοί
1380 2010 1468 2072 είσιν
1493 2009 1528 2070 οί
1549 2009 1616 2071 έπί
1639 2017 1668 2069 15

350 2105 400 2190 τῷ
421 2111 566 2190 τοιούτῳ
590 2105 711 2193 πράως
734 2109 881 2188 έχοντες·
909 2106 994 2192 λέγω
1018 2106 1054 2171 δέ
1078 2110 1116 2171 ού
1140 2105 1197 2172 διά
1221 2112 1281 2194 την
1303 2107 1463 2191 ἀμέλειαν
1487 2106 1617 2172 λυπού-

350 2230 448 2289 μενοι
469 2212 526 2273 καί
549 2207 748 2291 δακνόμενοι
768 2214 825 2276 καί
847 2210 904 2275 διά
927 2214 965 2274 τό
994 2215 1039 2298 μη
1069 2215 1249 2294 προσέχειν
1271 2203 1342 2298 (ἐφ’
1373 2213 1425 2288 οίς
1454 2209 1551 2289 ἀξιον
1574 2208 1619 2296 ἦν

352 2309 564 2392 δάκνεσθαι),
587 2305 663 2375 ἀλλ’
688 2316 749 2377 έπί
771 2322 813 2399 τῇ
835 2312 991 2397 ἀπωλείᾳ
1013 2321 1080 2376 τῶν
1103 2312 1268 2398 δραχμῶν.
1313 2319 1441 2400 ἡμέρας
1464 2311 1500 2378 δέ
1523 2311 1619 2391 έξελ-

353 2416 487 2502 θούσης
507 2419 565 2480 καί
587 2414 803 2502 ἀπολομένης
824 2418 881 2479 καί
903 2414 963 2479 δύο
984 2419 1042 2481 καί
1062 2423 1166 2501 τριῶν
1189 2414 1300 2492 οὐδείς
1322 2419 1416 2480 έστιν
1431 2418 1470 2492 δς
1491 2418 1619 2503 έφρόν-

312 2525 333 2588 6
355 2534 457 2581 τισιν.
503 2507 579 2580 ἀλλ’
604 2520 678 2580 έκεῐ
692 2521 755 2599 μέν
780 2515 939 2582 δύνανται
962 2515 1160 2601 λοχίζεσθαι
1182 2513 1232 2603 [τὸ
1247 2513 1415 2604 τοιοῦτον]
1436 2521 1490 2582 ότι
1512 2520 1544 2581 εί
1565 2521 1613 2605 μη
1639 2528 1672 2580 2)

354 2616 563 2704 προσέξουσι
589 2617 675 2704 μηδέ
706 2628 907 2705 φροντιοῦσι
935 2627 1002 2684 τῶν
1030 2623 1212 2700 τοιούτων,
1243 2619 1350 2685 λάθοι
1378 2624 1419 2684 ἀν
1448 2622 1615 2706 αύτούςη

355 2723 519 2802 σύμπασα
542 2722 641 2784 ούσία
659 2720 857 2807 διαρρυεῖσα
871 2725 929 2785 καί
943 2720 1155 2808 ἀπολομένη·
1177 2724 1328 2786 ἐνταῦθα
1345 2721 1381 2787 δέ
1399 2725 1437 2786 ού
1454 2719 1618 2786 δύνανται

354 2823 457 2886 ταύτδ
479 2831 578 2886 τοῦτο
603 2821 823 2906 λογίσασθαι,
846 2826 894 2900 ὡς
915 2825 947 2886 εί
965 2827 1009 2911 μη
1036 2827 1287 2910 προνοήσουσιν
1317 2828 1460 2911 έκάστης
1488 2829 1617 2908 ἡμέρας

353 2926 410 2988 καί
431 2921 641 3011 φυλάξονται
655 2929 699 3013 μη
717 2927 789 3012 εἰκῇ
805 2931 974 3011 προϊέναι,
998 2923 1106 2990 λάθοι
1127 2928 1168 2990 ἀν
1191 2929 1313 3004 αύτούς
1336 2929 1355 2989 ό
1379 2930 1515 3008 σύμπας
1537 2926 1615 3007 βίος

355 3024 525 3112 διαρρυείς
544 3030 603 3091 καλ
624 3027 847 3110 ἀπολόμενος.
1638 3039 1671 3090 5

316 3137 335 3199 7
442 3122 518 3192 ἀλλ’
543 3132 597 3193 ότι
618 3151 654 3213 με
678 3133 715 3194 ού
738 3134 847 3208 τόπος
867 3134 959 3195 έστίν
988 3134 1007 3194 δ
1036 3136 1193 3217 παρέχων
1224 3128 1300 3195 ούδδ
1328 3134 1367 3194 ιδ
1391 3128 1618 3217 ἀποδημῆσαι

355 3234 395 3294 τδ
410 3234 455 3318 μη
482 3226 586 3318 φαῦλ’
612 3235 696 3296 ἅττα
721 3237 884 3320 πράττειν
907 3230 984 3297 ούδλ
1006 3229 1082 3317 (τό)
1102 3237 1153 3311 είς
1168 3235 1343 3320 Κόρινθον
1365 3219 1521 3320 ἢΘηβας
1536 3233 1620 3295 ἀνα·

354 3340 579 3420 κεχωρηκέναι
600 3329 649 3420 [τό
673 3329 722 3420 δέ]
750 3339 809 3400 τόν
830 3333 1035 3419 βουλόμενον
1064 3341 1152 3423 πρὸς
1175 3335 1265 3419 αύτῷ
1293 3335 1383 3400 εἶναι
1412 3368 1453 3380 -
1474 3336 1531 3398 καί
1553 3335 1729 3420 χάρίΜΒῑ

355 3438 391 3498 έν
409 3436 540 3523 Θήβαις
561 3441 617 3502 καί
638 3441 674 3502 έν
690 3440 867 3525 Μεγάροις
888 3441 945 3502 καλ
967 3447 1143 3520 πανταχοῦ
1164 3436 1281 3520 σχεδόν
1298 3437 1339 3501 ού
1351 3459 1403 3514 τις
1419 3440 1460 3501 ἀν
1476 3433 1617 3523 ἀπέλθῃ

446 3632 513 3697 lt&
531 3631 604 3696 αύτά
621 3636 683 3696 ἐστι
701 3639 811 3696 Gooliuo
828 3635 931 3710 ἕτοιμά
948 3637 1009 3698 έστι
1026 3639 1106 3710 Εῐορ.
1176 3637 1313 3696 λέστιῐλ
1365 3642 1414 3696 καί
1431 3634 1467 3697 τὸ
1487 3669 1518 3679 -
1537 3636 1618 3696 ένιυ-

357 3717 441 3794 χύντι
458 3738 509 3778 om.
528 3722 552 3779 U
654 3716 701 3783 άεί
718 3728 760 3800 τῷ
777 3755 810 3765 -
829 3726 987 3798 διατρίβειν
1004 3725 1046 3780 bis
1064 3723 1187 3780 exaravit
1203 3726 1233 3781 Μ
1336 3729 1353 3780 4
1371 3726 1528 3799 διατρίβειν
1545 3721 1619 3779 dolet

359 3807 469 3864 Gooliuo
555 3805 590 3868 τὸ
608 3812 662 3869 τοῦ
677 3810 751 3876 libri,
769 3804 804 3868 τά
823 3815 876 3868 τοῦ
893 3827 961 3882 τοις,
979 3811 1049 3867 Mor.
1140 3803 1156 3868 δ
1175 3803 1301 3884 ἀνόητος
1317 3809 1472 3876 δεεούείυε,
1489 3803 1618 3880 ἀνόητος

358 3887 517 3966 ἄνθρωπος
534 3893 687 3965 ΡύαςΙάοες
711 3888 838 3969 ἀνόητος
853 3895 1055 3968 immolatoris
1076 3909 1137 3952 εειε
1160 3900 1245 3965 puto;
1268 3895 1311 3951 hin
1332 3893 1404 3950 onim
1422 3893 1619 3950 continuatur

360 3993 431 4048 quoe
455 3994 540 4051 supro
560 3980 633 4036 dioto
653 3983 718 4036 suot
739 3997 766 4052 p.
785 3986 846 4050 259,
863 3985 895 4036 25
1027 3981 1171 4037 omolim:
1202 3976 1385 4055 ῥεμβόμενός
1412 3999 1456 4046 τις
1482 3981 1532 4036 καὶ

359 4068 374 4119 7
387 4053 464 4122 ὥστε
475 4064 584 4132 seclusi,
596 4066 768 4138 nequeenim
779 4065 847 4122 hooc
858 4081 892 4122 ox
903 4065 1127 4123 ootooodonobuo
1139 4072 1323 4122 consecuntur
1376 4070 1408 4121 12
1421 4060 1524 4138 ὀλίγον
1535 4061 1565 4117 Μ

358 4147 462 4204 ῑοιΙὶωι
481 4145 561 4218 άξισς
576 4145 649 4222 (αλκ)
726 4158 757 4207 14
775 4156 902 4225 δραχμῆς
919 4151 949 4206 Μ
1036 4155 1067 4204 15
1086 4147 1142 4209 κάν
1159 4166 1209 4222 pro
1225 4154 1276 4209 καί
1292 4150 1322 4205 Μ
1390 4147 1509 4224 ἐκβάλοι
1526 4147 1618 4218 Eup„

358 4229 467 4308 έκβάλη
483 4235 513 4290 Μ
530 4233 656 4310 ἐκβάλλῃ
673 4237 724 4294 UB
776 4243 807 4293 1⁷
826 4231 1005 4306 όακνύμενοι
1022 4234 1052 4289 Μ
1103 4239 1136 4290 20
1154 4232 1272 4294 δύναται
1289 4234 1404 4304 unm,
1422 4250 1492 4292 corr.
1512 4232 1577 4290 odio

360 4315 395 4377 τὸ
413 4325 549 4379 τοιοῦτον
565 4321 617 4378 dol.
635 4321 763 4380 Roiokiuo
850 4325 884 4377 24
902 4317 1074 4391 φυλάξονται
1091 4321 1198 4392 scripsi,
1216 4317 1371 4394 φυλάξουσι
1386 4319 1450 4375 libri
1528 4321 1560 4372 ιτ
1578 4313 1617 4374 τὸ

360 4404 405 4460 hio
422 4404 532 4474 innomi,
550 4407 639 4462 deleto
657 4405 692 4465 τό
711 4408 742 4466 δέ
759 4409 779 4464 l.
797 4411 844 4474 ²⁸3
862 4411 904 4464 δεῖ
921 4421 971 4475 pro
988 4401 1024 4464 τὸ
1042 4406 1074 4464 δέ
1090 4407 1181 4477 Εοιρ.,
1198 4407 1247 4462 τεά
1263 4406 1354 4462 συνίει
1369 4403 1444 4460 inflo
1462 4403 1530 4475 porr.

361 4493 394 4544 28
411 4495 462 4549 καὶ
477 4512 535 4567 γαρ
552 4496 581 4548 ot
597 4506 667 4563 quoo
677 4507 732 4548 ooo.
750 4507 800 4563 por
811 4491 1012 4548 onocoluthim
1024 4491 1153 4562 opodooio
1163 4493 1254 4549 locum
1266 4491 1388 4549 obtineto
1405 4489 1472 4546 vidit
1484 4489 1564 4558 Emp.
1577 4488 1619 4556 (in

361 4574 478 4642 schedis)
548 4572 715 4638 ίθάκέλθοι
732 4577 805 4648 libri,
822 4593 892 4634 oorr.
911 4579 994 4636 Dino
