3466 5268
681 274 817 332 ORATIO
835 275 894 334 XL.
1377 279 1418 341 55

160 455 326 538 ημετέραν
355 448 457 514 πόλιν
487 453 525 513 τό
554 453 616 531 μὲν
644 449 774 536 ἀληθὲς
803 457 949 518 ἅπτεται
972 453 1108 518 πολλῶν
1137 457 1193 518 καί
1213 450 1316 532 κνίζει
1338 458 1418 530 τούς

162 551 287 629 ἄλλους
308 555 450 630 πάντας,
473 556 526 616 δτι
550 550 588 638 δη
613 555 674 630 τὰς
698 551 792 632 δίκας
808 557 903 637 ὑμεῖς
918 556 1134 639 ἀποδέχεσθε
1148 559 1205 622 καλ
1226 549 1313 642 παρ’
1338 559 1416 638 ύμῖν

164 657 287 731 αύτούς
308 657 431 741 ἀνάγκη
453 656 650 739 κρίνεσθαι·
678 661 739 744 χρη
771 656 806 722 δέ
831 651 878 722 δι’
904 661 984 723 αύτδ
1006 658 1133 740 μᾶλλον
1156 657 1417 746 φιλανθρώπως

163 761 251 839 ἔχειν
272 759 328 820 καί
348 761 392 844 μη
419 762 578 842 παρέχειν
600 762 740 836 ἑαυτούς
762 762 988 848 ἐπιφθόνους.
1028 764 1145 825 αύτίκα
1167 757 1240 845 <οί>
1254 763 1416 847 πρέσβεις

126 872 142 922 ι
167 863 201 922 ολ
220 860 518 945 χειροτονηθέντες
539 862 599 923 έπί
620 869 719 924 τούτο
735 865 774 925 τδ
791 870 928 948 πρᾶγμα
944 865 1056 928 πόθεν
1072 866 1236 940 άπίασιν,·
1259 865 1317 925 σύκ
1332 865 1414 926 έκεῖ-

163 963 247 1039 θεν,·
269 964 308 1025 ού
332 963 425 1047 παρά
447 969 515 1025 τῶν
530 964 702 1043 έχθίστων
718 966 973 1052 ἀναχθήσονται
989 964 1149 1043 πλέοντες
1163 967 1220 1030 καλ
1232 967 1416 1052 χρήσονται

39 1079 100 1132 (49ss
114 1079 148 1132 111
163 1063 210 1149 τῷ
235 1063 344 1145 λιμένι
365 1073 425 1151 τῆς
447 1064 572 1149 έχθράς
587 1063 721 1143 πόλεως
728 1089 739 1142 ,·
759 1069 779 1152 η’
803 1065 908 1151 κύκλῳ
925 1071 1111 1150 περιίασιν,
1136 1071 1252 1152 ὥσπερ
1265 1065 1416 1154 χαλεπῆς

162 1169 219 1231 καί
241 1168 368 1249 ἀβάτου
390 1175 451 1252 τῆς
472 1169 567 1250 ἐγγύς
589 1172 668 1253 ημῖν
684 1167 878 1256 θαλάττης,
900 1173 964 1253 ἐγὼ
987 1173 1049 1251 μὲν
1070 1172 1132 1256 γάρ
1155 1172 1307 1245 καὶτοῖς
1330 1172 1413 1250 πρό-

162 1291 259 1356 τερον
282 1267 544 1355 διαφερομένοις
566 1272 653 1354 πρὸς
675 1273 754 1347 τούς
776 1273 1015 1355 ἀστυγείτονας
1032 1281 1137 1337 ταῦτα
1152 1279 1298 1358 ἠγοῦμαι
1318 1268 1415 1352 χαλε·

114 1381 143 1434 10
166 1375 303 1457 πώτερα
325 1372 383 1434 καλ
403 1372 569 1456 βαρύτερα
593 1380 654 1435 τοῦ
675 1370 841 1454 λαβόντας
862 1373 952 1438 δπλα
975 1372 1125 1457 βαδίζειν
1148 1379 1198 1452 είς
1220 1379 1279 1462 την
1299 1376 1413 1459 χώραν

163 1475 183 1560 ἢ
207 1471 436 1559 προσβάλλειν
458 1479 531 1550 τοῖς
553 1477 697 1556 τείχεσιν
719 1478 738 1562 ἢ
761 1477 803 1540 τά
820 1474 940 1563 δένδρα
955 1481 1096 1542 κόπτειν
1112 1481 1132 1564 ἢ
1149 1477 1197 1561 τῷ
1210 1475 1331 1562 καρπῷ
1348 1484 1415 1560 πῦρ

161 1579 296 1640 ένιέναι.
348 1579 477 1640 τούτων
505 1578 566 1662 γάρ
596 1577 693 1658 οἶμαι
712 1576 872 1659 χαλεπῶν
901 1583 1021 1659 όντων,
1051 1580 1099 1664 τῷ
1130 1583 1233 1644 παντὶ
1258 1577 1467 1660 χαλεπαί-34

161 1682 258 1764 τερόν
280 1682 389 1757 ἐστιν,
413 1669 477 1765 ἀφ’
509 1678 555 1742 ὥν
576 1682 740 1763 γίγνεται,
769 1684 807 1744 τδ
830 1691 890 1768 τῆς
912 1683 1040 1769 ἔχθρας
1061 1686 1118 1747 καί
1139 1687 1177 1746 τδ
1200 1690 1263 1746 τοῦ
1281 1683 1412 1762 μίσους.

10 1793 146 1847 (menn)
162 1783 200 1843 ού
222 1783 284 1867 γάρ
307 1784 381 1846 έστι
405 1784 553 1868 φανῆναί
575 1801 660 1846 ποτε
682 1785 752 1846 ἀπό
776 1787 895 1847 τούτου
924 1795 986 1848 τοῦ
1013 1789 1212 1871 πράγματος
1240 1781 1415 1870 ὠφέλιμον

113 1893 142 1946 m
165 1881 241 1947 ούδὲ
261 1887 415 1970 χρηστόν.
460 1888 478 1948 δ
499 1905 536 1948 τε
557 1885 620 1967 γάρ
642 1893 702 1972 τῆς
723 1887 850 1970 ἔχθρας
871 1892 1003 1972 καρπός
1025 1891 1187 1952 ἁπάντων
1209 1889 1415 1970 πικρότατος

160 1989 217 2050 καί
240 1985 451 2071 δριμύτατος,
476 1989 591 2070 ὥσπερ
616 1986 712 2067 οἶμαι
735 1989 930 2052 τούναντίον
949 1992 1042 2076 δτῆς
1057 1991 1190 2066 εύνσίας
1205 1986 1344 2074 ἥδιστος
1358 1990 1415 2050 καί

162 2085 446 2165 λυσιτελέστατος.
505 2091 544 2151 τδ
573 2090 636 2172 γὰρ
665 2087 838 2174 μηδέποτε
873 2089 974 2155 εἴκειν
1008 2089 1093 2176 μηδὲ
1124 2095 1339 2174 παραχωρεῖν
1368 2087 1415 2170 τῴ

162 2188 318 2277 πλησίον,
342 2188 425 2274 λέγω
450 2189 485 2254 δὲ
506 2193 610 2276 χωρίς
633 2193 800 2277 αἰσχύνης,
823 2190 908 2278 μηδὲ
931 2201 998 2256 τῶν
1012 2197 1074 2274 μέν
1095 2196 1266 2275 τυγχάνειν
1283 2193 1413 2267 αύτούς,

161 2295 203 2356 τὰ
234 2291 269 2356 δὲ
299 2297 460 2378 παριέναι
487 2299 561 2369 τοῖς
584 2290 717 2371 ἀλλοις,
748 2295 806 2356 ούκ
827 2293 981 2380 ἀνδρεῖόν
1004 2299 1114 2374 έστιν,
1145 2297 1260 2379 ὥσπερ
1285 2293 1417 2356 οἴονταί

113 2405 144 2456 ιο
165 2417 264 2474 τινες,
287 2394 362 2459 ούδὲ
385 2393 609 2481 μεγαλόφρον,
633 2388 708 2458 ἀλλ’
734 2397 877 2482 ἀνόητον
898 2399 955 2462 καλ
977 2399 1121 2478 ἀμαθές.
1159 2400 1218 2479 ούχ
1233 2399 1331 2482 δρᾶτε
1353 2404 1415 2458 τοῦ
1426 2398 1467 2462 35

163 2495 355 2578 ξύμπαντος
379 2499 522 2583 ούρανοῦ
541 2500 597 2561 καί
619 2505 686 2561 τῶν
709 2501 744 2561 έν
768 2493 857 2582 αύτῷ
881 2501 989 2564 θείων
1011 2502 1068 2565 καλ
1081 2502 1256 2585 μακαρίων
1273 2502 1413 2562 αἰώνιον

161 2597 257 2678 τάξιν
278 2603 334 2664 καί
355 2602 516 2680 ὁμόνοιαν
543 2602 600 2663 καὶ
629 2604 868 2688 σωφροσύνην,
899 2603 938 2689 ης
965 2603 1041 2666 ούτε
1069 2599 1206 2666 κάλλιον
1236 2603 1311 2665 οὔτε
1335 2619 1413 2681 σεμ·

162 2707 296 2788 κότερον
327 2701 423 2766 οὐδὲν
454 2703 526 2766 οἷόν
554 2695 588 2764 τ’
618 2705 819 2790 ἐπινοῆσαι,
858 2707 945 2790 πρός
980 2703 1016 2769 δὲ
1053 2706 1096 2768 αδ
1131 2713 1198 2768 τῶν
1229 2703 1414 2786 λεγομένων

163 2808 353 2886 στοιχείων,
384 2807 483 2890 δέρος
505 2807 561 2868 καὶ
582 2813 642 2891 γῆς
662 2807 719 2868 καί
740 2804 863 2882 ὕδατος
884 2811 941 2871 καλ
962 2810 1085 2892 πυρός,
1115 2811 1175 2894 την
1198 2804 1334 2892 ἀσφαλῆ
1357 2807 1415 2867 καλ

112 2917 142 2968 25
166 2906 299 2972 δικαίαν
322 2900 369 2971 δι’
396 2909 520 2983 αἰῶνος
535 2909 709 2992 ἁρμονίαν,
730 2901 815 2988 μεθ’
841 2913 923 2994 ύσης
938 2911 1192 2996 εὐγνωμοσύνης
1207 2911 1262 2972 καί
1279 2910 1412 2992 μετριό·

161 3032 262 3096 τητσς
297 3008 467 3090 διαμένειν
502 3014 650 3096 πέφυκεν
685 3012 769 3072 αύτά
802 3032 838 3074 τε
876 3007 1047 3094 σῳζόμενα
1081 3015 1137 3076 καί
1172 3007 1321 3095 σῴζοντα
1355 3011 1413 3070 τόν

162 3116 298 3176 ἅπαντα
319 3115 462 3193 κόσμον,·
486 3117 643 3175 σκοπεῖτε
665 3115 738 3197 γάρ,
761 3115 792 3175 εί
806 3115 864 3176 καί
886 3131 957 3177 τισι
981 3111 1072 3192 δόξει
1093 3119 1262 3195 μετέωρος
1278 3114 1300 3190 δΙ
1316 3108 1413 3193 λόγος
1426 3112 1466 3176 36

159 3209 254 3298 <καὶ>
275 3216 313 3277 ού
338 3219 426 3278 πάνυ
449 3236 483 3276 τι
505 3215 583 3294 ὑμῖν
608 3215 811 3300 συμπαθής,
840 3219 893 3279 δτι
921 3225 1026 3279 ταῦτα
1050 3219 1225 3302 πεφυκότα
1249 3216 1415 3301 ἄφθαρτα

160 3320 218 3383 καλ
240 3319 322 3380 θεῖα
344 3319 400 3380 καί
421 3325 483 3379 τού
505 3319 642 3401 πρώτου
664 3318 721 3379 καί
742 3319 901 3399 μεγίστου
925 3321 1037 3403 γνώμη
1060 3321 1116 3382 καί
1139 3316 1279 3399 δυνάμει
1300 3317 1414 3398 κυβερ-

112 3424 296 3503 δυνάμενα
326 3421 414 3483 θεοῦ
434 3421 492 3482 τδν
515 3421 650 3482 ἅπαντα
671 3420 791 3501 χρόνον
813 3421 849 3481 ἐκ
870 3429 930 3506 τῆς
954 3423 1040 3503 πρὸς
1062 3417 1190 3508 ἄλληλα
1219 3417 1337 3506 φιλίας
1359 3421 1416 3480 καὶ

248 3691 326 3745 mm
340 3688 363 3742 Β
449 3681 512 3742 4υί
529 3684 621 3741 addidi
707 3678 775 3742 5023
793 3699 844 3754 pro
862 3682 890 3742 οἳ
907 3684 938 3739 Μ
1031 3687 1196 3756 ἵπερίασιν
1213 3683 1326 3751 UBMT,
1345 3697 1415 3738 corr.

162 3774 288 3844 impressi
380 3776 395 3827 8
414 3767 500 3844 ούσης
517 3773 581 3840 post
598 3765 713 3842 ἀβάτου
730 3769 792 3825 αδδ.
812 3768 982 3837 Ηεειιετδαα,
1000 3785 1052 3842 quo
1070 3785 1125 3826 non
1142 3770 1220 3825 valdo
1237 3785 1306 3839 opus
1393 3768 1416 3822 εἰ

161 3865 236 3914 reete
253 3873 283 3914 ιε
300 3857 384 3913 habet
401 3865 463 3923 τοῖς
480 3852 643 3929 πρότερον,
668 3861 824 3926 suspectum
843 3854 1019 3922 casaubono,
1044 3854 1197 3910 addendum
1221 3860 1262 3910 εει
1279 3853 1415 3926 γενέσθαι

162 3951 227 4016 post
242 3941 390 4018 βαρύτερα
496 3947 528 3997 10
546 3938 693 4015 λαβόντος
709 3941 780 4008 libri,
799 3956 868 3998 corr.
888 3940 1002 3996 Oauaub.
1088 3943 1136 3997 καί
1153 3941 1281 4012 βαδίζειν
1298 3937 1347 3995 UT

165 4037 194 4086 11
214 4033 274 4088 τῶν
290 4033 412 4103 καρπῶν
428 4028 460 4083 Μ
532 4033 562 4083 13
580 4029 690 4100 γίνεται
707 4026 768 4082 libri
839 4031 871 4081 14
887 4025 991 4082 malim:
1010 4015 1156 4096 αίφέίαμον
1172 4018 1288 4097 <ούδέν>
1306 4017 1371 4082 οὐδὲ

165 4122 196 4172 15
216 4111 355 4175 ἁπάντων
372 4113 489 4180 neimo,
512 4107 571 4173 άπὸ
592 4111 711 4172 πάντων
733 4113 795 4169 libri
897 4108 1074 4184 πικρότατος
1091 4111 1116 4167 U
1134 4115 1166 4176 (τι
1183 4124 1200 4164 ε
1218 4113 1299 4177 corr.)
1315 4103 1418 4181 μικρδ·

164 4221 253 4268 τατος
269 4201 300 4256 Μ
318 4197 512 4273 σμικρότατος
531 4198 554 4252 Β
644 4201 675 4253 16
695 4191 711 4255 ὁ
730 4213 783 4254 om.
801 4197 832 4253 M
936 4200 967 4252 18
985 4199 1128 4266 exspecto:
1147 4189 1297 4268 τυγχάνειν
1314 4187 1419 4260 αὐτοὺς

162 4283 297 4357 (ἀξιοῦν)
365 4290 398 4340 20
416 4283 601 4341 scribendum:
619 4282 709 4356 (τὴν)
725 4286 788 4352 τοῦ,
805 4283 858 4339 αἰεί
875 4285 998 4354 praestat
1014 4279 1067 4355 τὴν
1083 4286 1147 4336 κατε
1165 4275 1284 4336 αἰώνιον
1297 4277 1418 4334 inserere

163 4371 198 4427 cf.
217 4373 333 4428 alterum
351 4369 499 4426 membrum
580 4371 613 4424 13
632 4363 697 4427 οίόν
714 4389 746 4427 τε
764 4369 788 4426 U
807 4365 917 4427 οἴονται
936 4368 967 4424 Μ
1053 4363 1350 4422 18κα1αδδ.11ε111ε

162 4452 289 4530 εὐμαθής
307 4456 371 4512 Wil.
389 4455 454 4512 dub.
523 4458 556 4510 29
575 4449 785 4528 κυβερνάμεθα
804 4453 827 4510 Τ
898 4459 931 4510 30
948 4448 1087 4526 ἀλλήλους
1104 4451 1178 4508 UBT
