3452 5264
380 345 434 402 xli
900 342 1122 399 Pennnanlo.

466 519 517 585 Ex
539 517 630 584 bisce
652 517 766 600 clucet,
789 515 950 600 siquidem
965 535 1007 582 ex
1029 516 1157 584 silentio
1179 516 1256 584 licet
1269 519 1508 585 conclusionem
1524 518 1640 602 iacere,

381 639 479 687 unum
501 626 629 686 exstare
652 618 768 701 locum,
791 618 847 684 ubi
870 617 1053 685 Patmiacus
1075 619 1108 683 in
1131 638 1166 685 55
1188 619 1382 702 gravissima
1404 641 1476 687 cum
1494 619 1640 686 Palatino

381 722 408 788 P
431 722 598 804 consentit,
621 721 691 788 scil.
714 741 745 804 p.
759 725 810 802 50,
826 723 865 784 21
889 740 953 787 non
967 721 1079 787 scribit
1094 740 1165 787 oum
1181 719 1285 788 UBV:
1310 721 1429 810 φιλίας
1446 721 1481 786 (ll
1505 724 1560 786 ἀεὶ
1579 725 1640 803 μὲν

380 827 437 888 acl
458 829 531 900 τοῖς
552 826 743 907 ὑγιαίνουσι
767 820 902 909 σφόδρα
926 819 993 900 δεῖ,
1016 821 1076 889 scd
1098 821 1196 889 babet
1218 823 1389 891 lectionem
1412 824 1456 907 P,
1487 842 1584 908 quam
1608 824 1639 888 in

381 932 504 992 textum
533 925 659 1008 recepi:
689 923 807 1011 φιλίας
838 923 874 988 (ib
903 927 960 988 unt
990 930 1064 1001 τοῖς
1093 927 1302 1008 ὑγιαίνουσιν
1336 928 1390 991 ἀεὶ
1420 925 1554 1014 σφόδρα
1579 925 1638 989 δεῖ.

381 1026 504 1094 (1515515
525 1026 623 1109 15515,
646 1027 701 1094 ubi
724 1026 859 1094 Ρ55155
882 1026 1054 1108 genuinam
1077 1026 1247 1094 lectionem
1271 1028 1432 1111 serravit,
1455 1028 1639 1094 Patmiacus

381 1148 454 1196 cum
476 1127 563 1196 UBV
586 1129 619 1194 in
650 1128 737 1195 vitiis
767 1134 800 1194 et
828 1127 1053 1195 omissionibus
1082 1128 1254 1212 conspirat.
1305 1129 1418 1214 ltaque
1448 1136 1569 1196 certum
1591 1134 1640 1194 est

381 1231 581 1297 Patmiacum
604 1249 647 1296 ex
669 1228 847 1314 archetypo
865 1228 953 1296 UBV
972 1230 1130 1312 originem
1152 1230 1286 1313 ducere,
1309 1230 1399 1298 illam
1422 1251 1500 1299 vcro
1523 1230 1639 1297 bonam

380 1330 551 1399 lectionem
566 1350 599 1414 p.
611 1335 663 1414 50,
677 1333 728 1415 21,
744 1350 841 1414 quam
856 1351 928 1398 cum
944 1330 1014 1398 solo
1030 1331 1056 1396 P
1071 1351 1269 1399 communem
1288 1330 1394 1416 1551551,
1409 1332 1638 1401 autalibrario

380 1433 565 1500 5551551555
592 1435 754 1500 15555155
784 1453 856 1501 esse
884 1432 985 1518 (quod
1014 1433 1118 1500 minos
1146 1434 1316 1518 probabile
1346 1439 1421 1520 5511,
1454 1441 1510 1502 551
1541 1433 1639 1519 (quod

382 1535 485 1617 magis
507 1535 587 1600 mibi
609 1535 741 1612 arridet)
763 1543 988 1621 acorreotorc,
1012 1536 1066 1620 qui
1081 1535 1259 1622 archetypo
1274 1537 1375 1603 PHW
1397 1539 1450 1605 vel
1473 1539 1542 1605 eius
1565 1557 1639 1604 con·

380 1636 477 1702 simili
499 1638 657 1720 utebatur,
680 1637 814 1704 11151555.

467 1737 590 1818 Quodsi
613 1740 797 1808 Patmiaous
818 1760 890 1807 cnm
913 1741 1016 1806 altera
1037 1740 1162 1807 familia
1183 1739 1294 1816 (UBV)
1323 1743 1424 1809 multu
1452 1741 1532 1809 vitia
1554 1761 1637 1808 com·

381 1841 492 1907 munia
513 1840 628 1925 habet,
651 1850 687 1909 ut
712 1862 754 1910 ex
776 1841 953 1926 archetypo
976 1842 1064 1910 UBV
1094 1842 1258 1910 derivatus
1280 1862 1351 1911 esse
1374 1844 1538 1925 videatur,
1568 1841 1639 1909 ficri

381 1963 445 2011 non
467 1949 574 2028 potest
596 1951 631 2010 ut
652 1946 740 2013 solus
770 1964 812 2011 ex
841 1946 1002 2012 communi
1031 1945 1172 2011 omnium
1194 1944 1349 2012 librorum
1371 1944 1549 2028 archetypo
1572 1963 1637 2011 scr·

381 2045 517 2128 raverit,
540 2065 624 2130 quae
645 2047 679 2112 in
701 2046 788 2113 nullo
811 2047 877 2114 alio
899 2047 982 2114 libro
997 2054 1135 2132 exutam,
1158 2046 1218 2113 sed
1233 2067 1263 2132 p.
1281 2050 1332 2130 50,
1351 2051 1390 2112 15
1406 2051 1470 2112 ὅσα
1487 2066 1545 2132 555
1560 2050 1638 2111 ὅσοι

380 2149 564 2215 coniectura
585 2149 717 2232 invenit,
740 2147 902 2233 siquidem
923 2148 977 2216 hic
999 2168 1127 2233 quoque
1150 2169 1168 2215 e
1191 2150 1319 2217 silentio
1341 2149 1535 2218 concludere
1550 2150 1636 2217 lieet.

378 2249 485 2316 Etiam
508 2250 595 2333 quod
616 2252 772 2335 5.61,16
793 2258 960 2338 μέμνηται
976 2251 1162 2335 5515511555
1183 2255 1351 2338 μεμύηται
1367 2259 1547 2319 ceterorum
1569 2273 1637 2320 om·

378 2353 484 2434 nium,
511 2353 545 2419 in
575 2352 712 2420 eandem
740 2352 856 2421 incidit
884 2354 1117 2436 coniecturam,
1147 2372 1244 2437 quam
1267 2353 1433 2438 Emporion
1459 2356 1638 2440 proposuit,

379 2473 515 2537 eamque
536 2455 661 2539 1515555,
684 2454 712 2521 51
734 2474 786 2521 me
807 2453 911 2522 audis.
948 2455 1033 2520 Nam
1055 2457 1097 2518 τὰ
1119 2461 1261 2539 μέγιστα
1284 2460 1340 2520 καὶ
1360 2459 1551 2542 κυριώτατα
1574 2475 1640 2522 555

379 2563 452 2622 5551
475 2554 650 2641 15555555,
682 2556 740 2623 sod
763 2555 894 2622 divinae
916 2557 1002 2624 illiue
1026 2556 1214 2624 eruditionis
1237 2559 1354 2643 555115,
1383 2558 1499 2642 quibus
1522 2558 1642 2624 initiati

379 2663 453 2724 suut
464 2657 553 2724 Iovis
568 2657 637 2742 lilii,
659 2665 832 2742 antequam
848 2658 1008 2724 humanae
1023 2658 1212 2727 eruditionis
1227 2661 1403 2744 participes
1418 2660 1505 2726 11551.
1545 2658 1641 2737 Quod

380 2759 519 2843 probant
539 2760 792 2828 luculentissime
813 2779 897 2844 quae
919 2762 1028 2828 statim
1050 2768 1216 2829 secuntur:
1242 2765 1299 2826 καλ
1328 2760 1438 2838 οὐᾶεὶς
1468 2763 1509 2824 ἂν
1539 2765 1642 2825 αὐτόν

377 2883 412 2924 τι
440 2865 569 2925 τούτων
598 2861 762 2949 ἀφέλοιτο
794 2865 869 2926 οὔτε
897 2866 1015 2948 καιρὸς
1044 2865 1120 2926 οὔτε
1150 2866 1339 2947 ἅνθρωπος
1378 2867 1547 2952 σοφιστής
1577 2871 1640 2930 515.

378 2961 463 3028 Nam
485 2968 613 3028 τούτων
636 2966 704 3033 5155
727 2964 826 3032 dubio
853 2965 988 3032 refertur
1018 2964 1062 3031 ad
1093 2965 1150 3031 illa
1177 2972 1321 3049 μέγιστα
1350 2970 1408 3031 καὶ
1436 2969 1641 3050 κυριώτατα.

379 3063 471 3144 Quae
493 3085 565 3133 cum
588 3065 734 3133 dicautur
756 3068 804 3134 ita
824 3069 923 3134 menti
953 3066 1053 3132 infixa
1082 3087 1154 3134 esse
1183 3075 1218 3134 ut
1246 3089 1267 3135 5
1287 3068 1376 3135 55115
1400 3068 1481 3153 oripi
1503 3071 1641 3152 possint,

378 3187 442 3232 non
465 3166 508 3234 de
529 3167 670 3235 humana
691 3168 872 3236 eruditione
894 3169 956 3236 boc
978 3170 1124 3252 intellegi
1153 3176 1268 3254 potest.
1320 3171 1432 3254 ltaque
1454 3189 1538 3236 5555
1560 3190 1642 3253 quo·

379 3289 441 3353 que
469 3276 547 3354 puto
579 3269 783 3338 scribendum
817 3290 903 3338 esee:
942 3274 1025 3335 551τά
1054 3267 1154 3357 (yolo)
1181 3275 1223 3335 τὰ
1251 3279 1393 3357 μέγιστα
1429 3277 1486 3336 ocul
1520 3277 1642 3356 κυριώ-

382 3395 467 3436 τατα
491 3367 569 3457 [καὶ]
593 3377 760 3460 μεμύηται
782 3377 838 3438 καὶ
861 3373 1024 3461 φυλάττει
1045 3379 1081 3439 ἐν
1103 3385 1145 3461 τῇ
1167 3384 1269 3461 ψυχῇ,
1294 3394 1398 3458 neque
1414 3374 1496 3440 illud
1513 3374 1640 3462 φυλάτ-

378 3497 448 3538 τειν
471 3478 506 3539 ἐν
529 3485 570 3562 τῇ
593 3485 685 3562 ψυχῇ
707 3475 748 3543 de
771 3478 927 3544 memoria
948 3478 1069 3544 dictum
1093 3497 1179 3562 osee,
1210 3477 1270 3545 sed
1300 3477 1342 3544 de
1372 3497 1412 3544 eo
1440 3477 1496 3560 qui
1518 3478 1643 3562 5155115

381 3579 509 3646 etiamsi
532 3579 651 3646 1555155
674 3579 825 3646 illabatur
847 3579 933 3646 orbis
955 3580 1086 3646 anullo
1109 3580 1171 3646 sibi
1194 3580 1276 3662 eripi
1297 3581 1427 3664 patitur.

464 3681 629 3747 Pertinere
658 3681 756 3764 igitur
784 3681 983 3749 Patmiacum
1012 3682 1056 3748 ad
1082 3681 1242 3748 familiam
1273 3681 1359 3749 [lev
1394 3686 1481 3746 55515
1516 3680 1643 3746 monuit

379 3784 590 3850 Parmontier.
635 3781 716 3850 (1555
744 3803 823 3852 vero
852 3785 885 3849 in
914 3783 977 3850 1555
1003 3783 1128 3851 familia
1155 3784 1197 3850 ab
1225 3784 1329 3851 altera
1350 3789 1445 3866 parte
1466 3786 1529 3848 stet
1550 3781 1642 3848 Vati-

378 3905 476 3952 canus
501 3885 544 3969 V,
573 3885 615 3951 ab
642 3885 747 3952 altera
774 3885 848 3968 UB,
878 3885 1013 3952 difficile
1041 3887 1218 3972 55111515,
1244 3887 1307 3952 utri
1335 3885 1421 3971 55511
1443 3885 1576 3968 propior
1600 3884 1643 3950 sit

378 3987 569 4054 Patmiaous.
607 3985 688 4054 Oum
704 3985 772 4069 UB,
794 3995 830 4054 ut
844 3989 987 4054 omittam
1004 4007 1086 4071 quae
1103 3987 1183 4054 nihil
1200 3988 1347 4072 probant,
1371 3993 1445 4053 octo
1460 3985 1541 4052 locis
1557 3984 1643 4050 uitia

380 4089 562 4154 communia
583 4088 683 4155 babet
707 4092 736 4168 11
758 4109 790 4173 p.
807 4092 858 4174 60,
875 4092 915 4154 30
939 4087 1033 4178 ὅιττη
1057 4094 1133 4154 ἐστι
1155 4090 1297 4155 nuileio
1321 4089 1424 4155 Patm.
1449 4086 1517 4169 UB,
1541 4085 1640 4173 διττή

379 4193 473 4254 ἐστιν
500 4197 520 4277 η
552 4189 693 4255 παιδεία
716 4191 782 4257 VP.
832 4190 1012 4276 Utrumque
1041 4212 1100 4277 per
1128 4212 1163 4262 sc
1192 4193 1268 4258 15551
1298 4197 1419 4278 potcst;
1448 4188 1506 4255 sed
1536 4207 1576 4254 ea
1607 4188 1642 4252 in

380 4291 496 4374 quibus
511 4291 539 4357 V
555 4310 628 4357 cum
643 4290 669 4354 P
691 4291 877 4376 conspirant
897 4293 970 4378 plus
986 4292 1107 4360 babent
1128 4294 1337 4360 auctoritatis.
1382 4295 1460 4378 215.
1478 4293 1529 4373 61,
1546 4296 1565 4356 4
1581 4314 1643 4354 κα-

380 4391 496 4458 λοῦσιν
520 4392 937 4459 reprimerentur
961 4398 995 4459 ci
1018 4395 1075 4464 UB
1097 4395 1239 4460 καλοῦσι
1263 4394 1298 4459 rii
1323 4397 1356 4458 οἱ
1371 4393 1436 4459 VP.
1478 4391 1542 4458 Hie
1564 4413 1643 4460 oon·

378 4501 564 4562 sentaneum
581 4503 639 4581 551,
662 4515 773 4563 veram
790 4517 861 4565 5555
876 4499 1047 4566 lectionem
1063 4497 1127 4582 VP,
1151 4499 1321 4567 lectionem
1338 4495 1395 4565 UB
1411 4516 1454 4563 ex
1469 4501 1644 4579 coortam,
