3452 5264
647 360 786 419 ORATIO
803 363 931 420 xxxvl.
1378 364 1417 422 11

155 530 293 617 μείζονα
323 536 437 622 ἀρχήν.
488 533 646 617 βασιλεία
674 537 737 622 γάρ
768 535 869 602 πόλει
896 535 1022 619 μᾶλλον
1049 541 1069 625 ή
1101 537 1180 622 οἴκῳ
1212 543 1416 624 πρεπόντως
1430 545 1470 609 37

156 637 198 700 ἀν
227 633 368 718 λέγοιτο.
424 639 463 700 οδ
484 639 546 721 γάρ
570 634 609 725 δή
637 635 782 720 βασιλέα
811 643 966 716 εἰπόντες
988 642 1047 703 τόν
1069 641 1129 704 ίπί
1156 648 1224 704 τῶν
1246 639 1334 705 δίων
1357 643 1416 705 οὐκ

157 739 199 801 ἀν
220 735 470 821 βασιλεύεσθαι
491 741 529 802 τδ
551 737 630 804 όλον
652 737 851 824 ὁμολογοῖεν
873 738 950 804 οδδδ
972 739 1222 823 βασιλεύεσθαι
1245 746 1417 830 φήσαντες

158 840 217 902 οόκ
244 841 286 903 ἀν
312 838 561 906 πολιτεύεσθαι
583 847 684 928 φαῖεν
713 841 791 907 οιίδί
814 842 904 907 εἶναι
925 841 1103 908 πολιτείαν
1131 839 1331 931 [βασιλικήν]
1356 854 1418 909 τοῦ

123 949 138 1004 5
160 945 298 1018 παντός.
334 940 512 1008 πολιτείαν
535 933 567 1006 δ’
593 944 639 1007 αδ
653 953 898 1031 συγχωροῦντες
913 943 1016 1009 πόλιν
1032 945 1090 1007 οὐκ
1104 946 1146 1007 ἀν
1161 947 1415 1032 ἀποτρέποιντο

21 1058 60 1110 (σε
74 1040 333 1127 συνομολογεῖν
355 1048 377 1132 ή
399 1067 433 1109 τι
460 1049 568 1130 τούτῳ
599 1045 842 1134 παραπλήσιον
870 1050 909 1111 εδ
941 1044 1213 1128 πολιτευόμενον.
1265 1046 1322 1113 δδε
1352 1051 1414 1130 μὲν
1426 1057 1467 1121 38

157 1145 216 1209 οδν
238 1147 259 1208 ό
280 1154 348 1211 τῶν
372 1145 575 1234 φιλοσόφων
591 1144 699 1229 λόγος,
722 1149 857 1236 ἀγαθήν
872 1150 929 1213 καί
945 1145 1197 1235 φιλάνθρωπον
1212 1149 1415 1228 ἀποδεικνύς

155 1250 336 1313 κοινωνίαν
364 1247 536 1331 δαιμόνων
563 1251 620 1314 καί
641 1251 855 1335 ἀνθρώπων,
884 1248 1088 1332 μεταδιδούς
1110 1254 1214 1332 νόμου
1236 1254 1294 1317 καί
1315 1251 1415 1318 πολι·

155 1352 249 1426 τείας
278 1353 317 1414 οδ
343 1357 418 1430 τοῖς
444 1360 583 1433 τυχοῦσι
604 1361 672 1417 τῶν
695 1349 805 1436 ζήλων,
835 1345 914 1416 ἀλλ’
938 1356 1035 1429 δσοις
1062 1357 1201 1433 μέτεστι
1231 1351 1330 1437 λόγου
1358 1358 1415 1420 καί

107 1467 138 1519 ιο
159 1455 372 1539 φρονήσεως,
401 1452 491 1518 πολι)
512 1457 653 1540 κρείττω
680 1458 737 1519 καί
759 1453 973 1540 δικαιοτέραν
999 1463 1060 1542 τῆς
1081 1458 1286 1543 Λακωνικῆς
1314 1477 1415 1538 νομο-

154 1555 280 1631 θεσίας
303 1558 550 1643 είοηγοδμενος,
572 1548 658 1620 καθ’
683 1557 723 1643 ήν
746 1550 824 1620 οὐδὲ
846 1559 992 1643 ὑπάρχει
1013 1562 1087 1634 τοῖς
1102 1554 1231 1622 Εῖλωσι
1250 1561 1415 1642 γενέσθαι

154 1659 407 1742 Σπαρτιάταις·
430 1661 513 1724 ὅθεν
530 1656 569 1746 δή
586 1653 664 1744 [καί]
681 1655 893 1724 διατελοῦσιν
909 1657 1190 1743 ἐπιβουλεύοντες
1203 1669 1245 1747 τῆ
1261 1663 1413 1746 Σπάρτη.

241 1763 355 1846 ἔτερος
367 1758 403 1824 δὲ
414 1763 528 1843 μῦθος
540 1764 575 1825 έν
587 1763 796 1849 ἀπορρήτοις
807 1760 958 1838 τελεταῖς
972 1764 1040 1825 ὑπὸ
1057 1765 1173 1845 μάγων
1189 1758 1320 1848 ἀνδρῶν
1335 1755 1412 1847 ᾆδε·
1424 1771 1466 1835 39

156 1883 216 1927 ται
237 1858 506 1944 θαυμαζόμενος,
531 1866 638 1927 σῖτόν
662 1865 747 1928 θεδν
762 1871 881 1928 τοῦτον
903 1865 1065 1945 ὑμνοῦσιν
1080 1867 1127 1941 ὡς
1148 1861 1277 1928 τέλειόν
1299 1886 1336 1930 τε
1357 1868 1415 1928 καί

107 1977 137 2030 15
159 1971 296 2050 πρῶτον
318 1966 453 2051 ήνίοχον
467 1971 537 2028 ’τοῦ
556 1962 770 2029 τελειοτάτου
804 1969 964 2050 ἅρματος.
1018 1968 1057 2028 τό
1090 1966 1153 2051 γάρ
1171 1955 1288 2030 Ἡλίου
1322 1969 1413 2054 ἅρμα

154 2069 316 2150 νεώτερόν
346 2083 453 2152 φασιν
480 2065 568 2129 εἶναι
598 2069 686 2151 πρὸς
714 2069 820 2130 ἐκεῖνο
849 2070 1063 2152 κρινόμενον,
1096 2071 1243 2153 φανερδν
1274 2067 1310 2133 δέ
1341 2077 1414 2145 τοῖς

155 2165 308 2247 πολλοῖς,
331 2169 391 2231 ἅτε
413 2165 585 2254 προδήλου
607 2173 804 2254 γιγνομένης
825 2179 885 2256 τῆς
902 2177 1021 2256 φορᾶς.
1059 2170 1143 2232 δθεν
1167 2178 1282 2257 κοινῆς
1298 2173 1414 2257 φήμης

154 2273 346 2354 τυγχάνειν,
369 2273 415 2346 ὡς
438 2272 559 2348 ἔοικεν,
583 2272 653 2334 άπδ
679 2273 824 2356 πρώτων
848 2268 966 2352 σχεδόν
987 2293 1024 2335 τι
1044 2279 1112 2334 τῶν
1135 2279 1289 2358 ποιητῶν
1312 2269 1415 2355 (τῶν)

155 2371 323 2448 ἀνατολάς
344 2375 401 2437 καί
416 2369 530 2449 δόσεις
545 2375 704 2436 έκάστοτε
722 2370 884 2456 λεγόντων
899 2375 985 2436 κατὰ
1000 2366 1107 2437 ταύτά
1122 2376 1261 2438 πάντων
1278 2372 1412 2461 ἐξηγου-

105 2487 136 2540 m
157 2480 267 2556 μένων
279 2469 513 2558 ζευγνυμένους
523 2495 560 2538 τε
572 2477 652 2551 τοδς
663 2476 794 2552 ῖππους
804 2477 861 2540 καί
871 2469 1057 2540 τδνἭλιαν
1072 2469 1174 2541 αὐτόν
1189 2478 1412 2560 ἐπιβαίνοντα

153 2586 216 2641 τοῦ
233 2573 367 2663 δίφρου.
412 2580 452 2642 τδ
475 2575 511 2641 δὲ
534 2580 671 2663 ίσχυρδν
693 2579 750 2642 καί
770 2575 901 2642 τέλειον
923 2581 1014 2665 δρμα
1036 2583 1075 2642 τδ
1097 2583 1185 2656 Διὸς
1208 2571 1320 2656 οὐδείς
1342 2583 1408 2665 δρα
1421 2592 1461 2655 40

153 2681 299 2767 ὕμνησεν
314 2678 419 2760 ἀξίως
439 2687 508 2744 τῶν
522 2677 602 2767 τῆδε
619 2672 851 2766 σδτεὍμηρος
866 2682 942 2744 τότε
953 2673 1123 2760 Ἡσίοδος,
1147 2679 1234 2745 ἀλλὰ
1249 2685 1411 2766 Ζωροάσ-

153 2803 235 2868 τρης
255 2786 312 2847 καί
331 2786 448 2867 μάγων
471 2780 594 2860 παῖδες
616 2775 740 2868 ᾄδουσι
755 2777 840 2866 παρ’
865 2785 993 2848 ἐκείνου
1007 2786 1198 2865 μαθόντες·
1221 2786 1259 2849 δν
1274 2788 1412 2871 Πέρσαι

18 2903 56 2957 (σε
70 2903 92 2948 Β
107 2903 138 2955 11)
155 2882 308 2969 λέγουσιν
330 2887 433 2972 έρωτι
455 2887 582 2972 σοφίας
602 2889 660 2949 καί
682 2884 898 2971 δικαιοσύνης
916 2888 1188 2972 ἀποχωρήσαντα
1207 2895 1276 2951 τῶν
1299 2885 1411 2951 ἀλλων

102 3003 133 3054 2⁵
152 2980 238 3051 καθ’
264 2991 365 3053 αὐτόν
387 2991 422 3052 όν
444 2991 516 3074 όρει
537 2991 605 3053 τινί
627 2984 701 3074 ζῆν·
725 2990 845 3052 ἔπειτα
861 2989 1022 3075 ἁφθῆναι
1036 2991 1075 3052 τδ
1091 2992 1170 3074 όρος
1193 2993 1301 3076 πυρδς
1323 2993 1409 3053 ἄνω-

152 3091 217 3154 θεν
239 3087 371 3154 πολλοῦ
382 3093 664 3177 κατασκήψαντος
681 3097 824 3172 συνεχῶς
845 3112 882 3154 τε
904 3093 1063 3155 κάεσθαι.
1101 3095 1160 3156 τόν
1185 3093 1242 3156 οὖν
1264 3090 1408 3176 βασιλέα

155 3195 215 3256 σδν
229 3199 303 3269 τοῖς
318 3190 603 3277 ἐλλογιμωτάτοις
618 3196 763 3277 Περσῶν
777 3195 1004 3280 ἀφικνεῖσθαι
1024 3191 1182 3279 πλησίον,
1204 3192 1409 3278 βουλόμενον

42 3311 95 3366 (ιω
107 3312 140 3363 m
154 3294 324 3374 εὔξασθαι
337 3295 385 3379 τῷ
401 3294 492 3380 θεῷ·
507 3299 564 3360 καί
578 3300 636 3360 τδν
651 3295 757 3382 ἀνδρα
773 3293 927 3374 ἐξελθεῖν
941 3299 977 3360 ἐκ
992 3305 1054 3360 του·
1067 3301 1176 3383 πυρδς
1191 3299 1325 3385 ἀπαθῆ,
1344 3319 1409 3385 φα-

153 3404 251 3462 νέντα
274 3395 310 3462 δὲ
333 3391 450 3476 αὐτοῖς
472 3397 571 3462 ίλεων
593 3399 737 3484 θαρρεῖν
758 3396 915 3462 κελεῦσαι
936 3401 993 3463 καί
1020 3401 1130 3463 θῦσαι
1153 3401 1281 3476 θυσίας
1302 3403 1408 3478 τινάς,

95 3513 127 3566 30
149 3507 197 3579 ὡς
218 3505 357 3586 ήκοντος
379 3504 429 3578 είς
450 3504 509 3565 τόν
531 3504 639 3563 τόπον
661 3509 723 3562 τοῦ
736 3501 831 3563 θεοῦ.
871 3502 1112 3583 συγγίγνεσθαί
1132 3523 1169 3564 τε
1191 3504 1276 3584 μετὰ
1298 3511 1404 3566 ταῦτα
1417 3515 1456 3576 41

152 3599 211 3688 οὐχ
234 3609 375 3683 ἅπασιν,
398 3602 483 3667 ἀλλδ
505 3609 579 3678 τοῖς
607 3605 731 3685 ἄριστα
761 3604 848 3686 πρὸς
879 3600 1047 3688 ἀλήθειαν
1075 3608 1249 3690 πεφυκόσι
1270 3607 1327 3668 καί
1348 3613 1411 3667 τοῦ

157 3773 740 3788 fflffl----..-.---
783 3773 787 3775 -
832 3770 854 3776 --ι
892 3773 903 3776 -
934 3771 1138 3779 .....-.--.-..
1176 3774 1199 3779 ..-

241 3864 252 3915 1
269 3856 424 3925 βαοάέαΤ
476 3860 491 3911 2
509 3856 625 3929 γέλοιτο
642 3855 672 3910 M
742 3859 759 3909 4
775 3848 927 3927 βασιλικὴν
943 3852 1008 3908 mihi
1025 3859 1180 3924 suspectum
1197 3858 1310 3927 propter
1326 3853 1408 3912 finem

152 3942 390 4014 argumentationis
449 3937 528 4012 ἀῆτι
545 3945 632 4000 τοῦτο
651 3939 675 3997 U
693 3935 747 3998 είτι
765 3939 895 3997 τοῦτοΒ
949 3944 979 3994 11
998 3937 1088 3994 malim
1107 3932 1245 4000 οὐδέποτε
1296 3937 1410 4001 εἵλωσιν

151 4027 250 4102 ήτοτς
268 4026 466 4103 Σπαρτιάταις
478 4026 527 4084 UT
583 4031 612 4084 12
629 4029 679 4084 καί
695 4041 750 4082 om.
768 4024 821 4080 ΒΜ
839 4025 911 4082 undo
928 4025 1027 4082 melun!
1077 4022 1357 4100 ἐπιβουλεύοντοςΤ

155 4109 410 4175 ιοτελιοτάτουΜ
461 4118 616 4180 Ῑῖκοιναῖς
627 4107 736 4184 φήμαις
751 4109 824 4176 libri,
842 4125 912 4167 corr.
926 4109 1028 4167 Reiske
1080 4116 1112 4168 18
1130 4103 1357 4172 ὥστεὲνεκενΜ

151 4199 209 4264 ὑπὸ
227 4200 299 4268 libri,
316 4215 386 4256 corr.
404 4199 483 4270 Emp.
534 4201 594 4257 τάν
611 4197 702 4253 addidi
762 4199 792 4251 19
808 4199 858 4254 καί
875 4195 968 4264 δόσεις
983 4197 1057 4254 delet
1073 4198 1154 4268 ssmp.
1222 4195 1297 4258 κατὰ
1316 4204 1409 4259 ταῦτα

152 4286 182 4345 Μ
199 4291 249 4346 καί
263 4281 339 4346 κατὰ
357 4289 447 4344 ταῦτα
465 4283 547 4351 ΠΒΤ,
566 4299 634 4340 corr.
651 4281 754 4340 Reme
805 4281 925 4340 πάντων
940 4281 1013 4350 libri,
1028 4279 1124 4343 πάντα
1137 4283 1239 4340 Reiske
1290 4289 1324 4340 20
1341 4281 1409 4353 τοὺς

153 4387 206 4429 σοι.
224 4371 255 4426 Μ
341 4375 372 4426 21
391 4370 486 4429 τέλεον
502 4370 532 4425 Μ
622 4365 658 4427 τὸ
678 4363 748 4434 Διὸς
764 4366 793 4422 Μ
811 4369 865 4425 τοῦ
882 4361 953 4435 Διὸς
969 4367 1042 4426 UBT
1146 4373 1180 4426 λθ
1197 4363 1272 4445 παρ’
1288 4368 1410 4431 ἐκείνων

154 4454 266 4521 UBTM,
285 4468 354 4512 corr.
371 4455 437 4512 editi
505 4460 538 4511 25
556 4447 685 4528 α’φθῆναι
702 4453 756 4509 ΒΜ
774 4447 911 4524 ἀφθεῖναι
930 4453 953 4510 U
971 4470 1005 4510 m.
1025 4471 1066 4526 pr.
1126 4459 1161 4512 2ss
1177 4457 1355 4517 καίεσθαιΒ

154 4545 187 4597 29
205 4540 271 4600 ίλέω
288 4539 319 4596 Μ
333 4537 414 4601 ἵλεον
430 4541 454 4599 U
471 4558 505 4597 m.
523 4557 564 4614 pr.
633 4545 666 4596 30
684 4542 869 4615 συγγίνεσθαι
888 4541 911 4594 Β
928 4540 1117 4613 συγγενέσθαι
1134 4542 1184 4600 UT
