3520 5270
657 380 795 436 ORATIO
812 381 910 438 vai.
1345 384 1404 442 161

150 556 211 640 την
241 555 350 616 οίκίαν
379 551 530 616 ἀπέδοτο
558 555 614 616 καί
642 554 684 615 τά
710 557 836 636 χωρία,
863 557 920 619 καί
946 558 1031 636 μετά
1060 565 1165 620 ταῦτα
1196 563 1409 642 περιέρχεται

152 663 279 718 πεινῶν
300 657 357 718 καί
381 653 510 741 φαῦλον
526 657 705 740 τριβώνιον
721 659 814 737 ἔχων.
852 654 949 735 ,ἀλλά
971 661 1178 744 κηρύττεται,
1203 662 1317 747 φησίν,
1340 662 1408 722 ὑπὸ

44 772 137 825 im)
149 765 218 820 τῶν
247 755 418 820 πολιτῶν]
477 760 592 841 ὥσπερ
623 755 803 834 ἀπολωλὸς
839 756 1063 843 ἀνδράποδον.
1122 762 1238 824 ούκοῦυ
1268 764 1448 838 είκδτως3

148 867 296 945 χρῶνται
316 863 404 940 πρὸς
425 862 488 936 τάς
507 861 718 943 χειροτονίας
739 857 787 942 τῷ
803 868 862 946 τῆς
878 857 995 937 ἐλαίας
1017 860 1137 945 θαλλῷ
1162 860 1219 925 διά
1242 864 1280 923 τδ
1306 866 1408 948 φύσει

19 956 128 1060 ffiffifls
151 965 273 1046 πικρὸν
287 963 459 1044 ύπάρχειν.
547 956 637 1046 [τούς
657 959 865 1039 δοξοκόπους
887 960 1107 1045 ἐκβάλλουσιν
1129 967 1165 1027 ἐκ
1187 970 1254 1026 τῶν
1277 964 1408 1047 ἀγορῶν

151 1065 186 1126 οί
209 1061 310 1149 δῆμοι
332 1072 458 1149 κραυγῇ
479 1065 536 1127 καί
551 1067 669 1150 ψόφῳ,
691 1065 853 1146 καθάπερ
870 1064 967 1146 οἶμαι
982 1069 1061 1142 τούς
1077 1075 1191 1152 ψᾶρας
1207 1069 1241 1129 οί
1254 1067 1406 1149 γεωργοί.

150 1167 299 1228 κάκεῖνοι
330 1167 392 1246 μέν
424 1168 654 1246 μεθίστανται
683 1169 771 1250 πρὸς
800 1164 933 1250 ὀλίγον·
966 1174 1040 1244 τοῖς
1075 1166 1111 1231 δὲ
1146 1171 1204 1231 ούκ
1232 1169 1326 1230 ἐστιν
1360 1169 1410 1243 είς

153 1265 249 1330 οῦδὲν
278 1269 330 1329 ἔτι
357 1276 424 1329 τῶν
455 1266 552 1330 ίδίων
589 1266 774 1345 ἐπάνοδος,
809 1265 894 1331 ἀλλά
929 1271 1085 1354 περιίασι
1117 1273 1236 1353 μικρδν
1269 1271 1409 1353 ὕστερον

153 1370 300 1449 πτωχοί,
329 1371 386 1432 καί
415 1367 525 1445 ούδείς
554 1371 594 1432 ἀν
625 1375 931 1455 προσαγορεύσειεν
961 1369 1044 1435 ίδὼν
1072 1375 1124 1436 έτι
1152 1381 1220 1435 τῶν
1242 1375 1409 1456 πρότερον

105 1481 134 1532 10
156 1465 467 1556 διαρρηγνυμένων]
517 1474 664 1557 τοσαύτη
689 1465 722 1535 δ’
753 1474 886 1559 ἐστίνη
916 1480 978 1536 τοῦ
1003 1477 1111 1561 τύφου
1149 1471 1290 1554 δύναμις
1319 1475 1449 1542 ῶστε4

152 1575 245 1658 παρά
267 1575 328 1653 μὲν
350 1581 417 1635 τῶν
439 1574 578 1659 βαφέων
601 1575 782 1658 ἀγοράσεις
805 1572 900 1638 δυοῖν
920 1583 1013 1656 μνῶν
1035 1565 1056 1661 ἢ
1079 1583 1181 1657 τριῶν
1196 1572 1300 1660 καλὴν
1323 1593 1406 1659 πορ-

152 1679 277 1762 φύραν·
302 1672 449 1762 δημοσίᾳ
472 1668 506 1738 δ’
533 1679 564 1740 εί
586 1674 732 1754 ἐθέλοις,
758 1674 894 1741 πολλῶν
910 1681 999 1740 πάνυ
1014 1675 1188 1741 ταλάντων
1203 1679 1313 1752 ῶνιος.
1350 1677 1407 1738 καί

150 1779 211 1854 τάς
239 1781 300 1860 μὲν
329 1781 365 1840 ἐκ
386 1787 446 1865 της
475 1781 600 1863 ἀγοράς
622 1781 755 1855 ταινίας
778 1776 899 1863 ὀλίγων
927 1777 1099 1864 δραχμῶν,
1127 1781 1188 1854 τάς
1217 1776 1253 1841 δὲ
1283 1780 1319 1840 ἐκ
1347 1785 1407 1862 της

150 1877 326 1966 ἐκκλησίας
355 1877 519 1956 πολλάκις
547 1883 685 1966 ἀπάσης
713 1890 772 1967 τῆς
802 1883 929 1956 ούσίας.
980 1883 1036 1944 καί
1064 1884 1143 1957 τούς
1171 1882 1232 1961 μὲν
1260 1881 1320 1942 ἐπί
1348 1887 1407 1965 τῆς

103 1991 132 2042 ιδ
154 1983 276 2065 ἀγοράς
304 1987 568 2068 κηρυττομένους
594 1979 739 2057 ἀθλίους
763 1985 888 2057 πάντες
915 1978 1106 2062 νομίζουσι,
1136 1984 1215 2056 τούς
1244 1973 1277 2042 δ’
1303 1983 1338 2043 ἐν
1360 1979 1409 2062 τῷ

149 2086 286 2167 θεάτρῳ
310 2086 512 2165 μακαρίους·
541 2085 598 2146 καί
620 2087 759 2158 τούτους
780 2085 841 2163 μέν
863 2084 1093 2167 κηρύττεσθαί
1116 2099 1238 2167 φασιν,
1262 2077 1409 2156 ἐκείνους

152 2184 187 2249 δέ
211 2186 522 2271 ἀποκηρύττεσθαι,
547 2183 648 2270 δῆλον
671 2188 725 2247 δτι
748 2186 841 2268 παρά
857 2187 939 2264 μίαν
957 2181 1123 2270 συλλαβὴν
1138 2187 1334 2267 γιγνομένης
1349 2191 1409 2268 της

152 2286 329 2373 διαφορᾶς.
381 2288 468 2349 ούτω
499 2284 534 2348 δὲ
565 2290 653 2348 πάνυ
676 2293 743 2348 τῶν
766 2287 963 2369 ἀνθρώπων
984 2289 1239 2371 κατεφρόνησαν
1263 2285 1297 2346 οί
1320 2287 1403 2364 πρό·
1430 2296 1448 2355 5

150 2409 248 2470 τερον
270 2391 326 2451 καί
347 2391 406 2474 την
429 2388 590 2473 εὐήθειαν
613 2387 722 2450 αύτῶν
747 2385 898 2450 συνεῖδον
922 2384 1009 2450 ὥστε
1031 2389 1116 2470 ύπέρ
1144 2385 1210 2448 τῶν
1239 2387 1407 2468 μεγίστων

102 2500 133 2552 20
155 2495 270 2553 πόνων
291 2492 347 2553 καί
370 2487 507 2576 πληγῶν
527 2486 636 2575 φύλλα
660 2491 870 2571 προύθεσαν.
921 2481 997 2551 ἀλλ’
1023 2492 1114 2569 δμως
1143 2490 1229 2551 είσίν
1253 2490 1286 2549 ol
1309 2491 1409 2570 χάριν

151 2595 280 2655 τούτων
302 2589 537 2677 ἀποθνῄσκειν
567 2594 771 2677 αίρούμενοι.
816 2591 883 2653 τῶν
915 2589 951 2654 δέ
981 2592 1085 2674 αἰγῶν
1115 2590 1174 2652 οὐκ
1202 2591 1244 2652 ἂν
1268 2587 1407 2669 οὐδεμία

150 2697 446 2780 κατακρημνίσειεν
469 2696 572 2780 αὐτην
592 2696 725 2757 κοτίνου
745 2696 861 2778 χάριν,
883 2696 940 2757 καί
961 2701 1066 2756 ταῦτα
1091 2695 1267 2778 παρούσης
1288 2694 1408 2775 ἐτέρας

152 2805 264 2884 νομῆς.
307 2799 420 2859 καίτοι
442 2801 519 2871 ταῖς
540 2799 602 2876 μίν
625 2793 713 2873 αίξίν
736 2797 795 2857 οῦκ
817 2793 922 2881 ἀηδης
946 2797 964 2858 δ
984 2798 1134 2871 κότινος,
1157 2795 1347 2878 ἄνθρωπος
1371 2791 1406 2855 δέ

154 2901 212 2961 ούκ
227 2901 268 2962 άν
285 2902 397 2984 φάγοι.
427 2900 484 2961 καί
499 2901 558 2983 τήν
572 2900 634 2978 μὲν
649 2895 686 2975 ἐξ
698 2889 839 2977 Ἰσθμοῦ
853 2899 963 2974 πίτυν,
981 2894 1078 2960 ούδέν
1095 2897 1198 2959 ούσαν
1212 2894 1280 2958 τῶν
1297 2893 1406 2957 ἀλλων

4 3047 10 3068 ι
102 3009 131 3057 ‘²⁵
150 2998 372 3085 χλωροτέραν,
395 3002 478 3081 μετά
502 2997 634 3063 πολλοῦ
654 3004 761 3063 πόνου
782 3003 839 3062 καί
859 2998 967 3062 κακῶν
990 3001 1217 3084 ἀναιροῦνται,
1242 2994 1408 3072 πολλάκις

154 3105 312 3185 ἀργύριον
335 3099 422 3165 πολύ
446 3099 612 3178 διδόντες·
635 3104 818 3165 καὶταῦτα
841 3110 902 3164 τοῦ
924 3109 1034 3188 φυτοῦ
1046 3098 1214 3185 μηδεμίαν
1237 3097 1407 3185 ἀφέλειαν

10 3213 130 3262 (monui
153 3207 303 3285 έχοντος·
327 3205 404 3268 ούτε
425 3206 488 3289 γάρ
513 3206 608 3267 σκιάν
632 3210 745 3268 ποιεῖν
769 3205 846 3267 οδτε
866 3208 997 3285 καρπδν
1014 3209 1131 3289 φέρειν
1148 3199 1288 3265 δύναται
1310 3205 1350 3262 τό
1373 3222 1409 3263 τε

154 3305 281 3393 φύλλον
297 3304 396 3389 δριμύ
413 3309 468 3370 καί
481 3305 674 3382 καπνῶδες·
698 3316 757 3393 τῆς
773 3299 807 3368 δ’
832 3308 868 3368 ἐκ
884 3309 1054 3390 Μεγάρων
1070 3306 1192 3379 πίτυος
1208 3300 1318 3378 οὐδείς
1333 3305 1409 3364 ἐπι-

154 3415 344 3496 στρέφεται.
383 3411 444 3473 κάν
458 3412 519 3490 μέν
535 3413 647 3493 έτερός
669 3430 722 3483 τις
743 3409 788 3493 μή
811 3410 982 3490 κατεαγὼς
1004 3410 1063 3493 τὴν
1085 3401 1234 3490 κεφαλην
1255 3398 1408 3488 <δια>δη·

101 3515 131 3565 ³⁰
153 3529 270 3597 σηται,
292 3509 531 3594 καταγελᾶται·
561 3516 635 3585 τοῖς
665 3507 700 3572 δὲ
722 3506 901 3590 βασιλεῦσι
924 3514 1069 3593 πρέπειν
1093 3504 1189 3569 δοκεῖ
1204 3508 1261 3569 καί
1283 3503 1408 3567 πολλαί

237 3700 252 3749 3
271 3687 336 3752 ἀλλ’
355 3684 453 3766 ῶσπερ
471 3691 519 3747 UB
589 3699 604 3746 5
623 3687 690 3758 τοὺς
706 3685 763 3763 γὰρ
782 3689 814 3744 U.
832 3685 900 3755 τοὶς
916 3681 1095 3756 δοξοκόπους
1112 3717 1145 3728 -
1163 3685 1410 3759 διαρρηγνυμένων

151 3779 267 3835 secludit
277 3779 366 3850 Emp.‚
380 3778 485 3846 Dionis,
502 3778 550 3833 sed
563 3778 627 3831 hinc
639 3777 728 3832 aliena
739 3781 820 3845 putat
830 3775 895 3830 wil.
947 3767 1047 3846 ἀγρῶν
1058 3773 1127 3838 libri,
1140 3768 1258 3844 ἀγορῶν
1271 3789 1336 3840 mrg.
1349 3771 1374 3824 H

151 3870 167 3920 6
183 3869 291 3938 κναυγῇ
311 3865 331 3918 Ρ
349 3881 385 3920 m.
403 3879 443 3934 pr.
461 3867 572 3936 κραυγῇ
590 3861 623 3928 U,
642 3861 689 3918 sed
707 3882 725 3933 ρ
743 3877 760 3915 ι
777 3876 846 3916 corr.
865 3859 892 3914 in
905 3875 1002 3914 rasura
1069 3853 1229 3931 καθώσπερ
1247 3857 1316 3924 libri,
1336 3871 1407 3912 corr.

152 3950 256 4019 Pflugk.
333 3955 364 4004 10
382 3949 603 4021 διαρηγνυμένον
615 3948 636 4002 Ρ
649 3941 891 4019 διαρρηγνύμενον
903 3945 932 3998 Μ
987 3949 1016 3999 11
1036 3947 1096 4001 τῶν
1112 3942 1233 4017 βαφέων
1243 3941 1332 4011 Ευη),
1350 3945 1410 3998 τῶν

149 4031 312 4110 βαρβάρων
328 4036 391 4090 libri
460 4028 621 4106 ἀγοράσαις
638 4032 748 4088 τουτί’
832 4035 863 4086 1²
882 4028 1048 4102 δημωσίαΡ
1117 4029 1147 4086 δὲ
1165 4026 1231 4084 stu
1300 4027 1330 4084 δὲ
1347 4024 1410 4084 325-

150 4121 254 4187 λοιςΗ
306 4119 399 4186 θέλεις
418 4119 446 4173 Μ
501 4125 531 4173 14
549 4122 597 4175 καί
609 4113 677 4184 τοὺς
688 4124 740 4173 etc.
753 4117 788 4172 εί.
801 4116 850 4171 1.2
905 4122 935 4171 15
955 4110 1305 4181 κάντεςΡπάνταςίίΒΗ
1317 4103 1409 4170 ἀπαν-

151 4227 202 4273 τας
215 4207 244 4260 Μ
299 4209 329 4261 16
348 4225 436 4276 φασιν
451 4235 478 4244 -
493 4195 744 4276 ἀποκηρύττεσθαι
762 4219 814 4258 om.
828 4201 853 4256 H
871 4202 907 4266 (in
920 4211 988 4270 mig:
999 4200 1088 4269 suppl.
1101 4215 1137 4254 m.
1150 4199 1212 4262 div.)
1284 4203 1313 4251 17
1333 4217 1409 4269 γινο-

149 4290 271 4363 μένηςΗ
345 4296 375 4346 18
388 4279 480 4355 οὕτως
493 4289 564 4344 UPH
618 4294 650 4343 2⁰
668 4291 784 4360 πληγῶν
801 4286 845 4340 vix
863 4302 973 4354 sanum
991 4285 1078 4340 fuitne
1095 4283 1268 4354 (δα>νιανῶν
1320 4284 1353 4335 22
1370 4278 1408 4352 μὴ

150 4375 297 4448 παρούσης
314 4374 363 4431 UB
381 4375 454 4440 (item
472 4390 543 4430 corr.
563 4375 597 4436 H)
684 4379 717 4428 24
735 4367 817 4430 αι’δέν
836 4362 926 4429 οὖσαν
945 4365 1066 4430 viiiv?
1136 4374 1168 4423 '25
1186 4363 1281 4425 πόνου
1299 4369 1408 4422 πολλοῦ

149 4464 212 4528 (hoc
229 4462 299 4527 ord.)
317 4461 365 4516 ΡΗ
435 4464 466 4514 27
485 4465 606 4528 καρπῶν
623 4459 644 4514 Ρ
662 4475 697 4514 m.
717 4475 757 4529 pr.
827 4461 859 4512 28
877 4459 907 4516 δέ
924 4455 999 4515 έκΗ
1069 4458 1101 4509 29
1119 4452 1300 4523 ἐπισκέψεται
1313 4467 1349 4508 ιιι.
1367 4467 1408 4522 pr.

149 4547 179 4602 in
197 4546 286 4609 unffi.
305 4546 325 4599 P
395 4542 556 4618 διαδήσηται
575 4545 702 4609 eobani,
721 4539 838 4616 δήσηται
857 4543 918 4598 libri

202 4638 304 4684 n10.11.
1174 4628 1202 4678 ll
