3476 5264
803 378 927 438 DIONIS
943 378 1198 438 umcoms

463 705 535 788 (78)
563 701 1023 784 ΜΕΛΑΓΚΟΜΑΣ
1053 705 1092 785 Α
1121 700 1238 783 ΤΗΙ
1265 699 1460 786 ΤΑΞΕΙ
1488 702 1537 784 Β.
1656 711 1714 808 (ἓξ

328 995 341 1056 1
452 970 545 1042 Ἀλλ’
570 981 657 1060 έμολ,
680 978 707 1041 ὧ
731 976 866 1064 ἀνδρες,
898 971 971 1043 οὐδ’
996 985 1050 1045 ότι
1071 977 1160 1044 εἴπω
1184 981 1319 1042 ἔπεισιν
1341 981 1409 1043 ύπύ
1427 975 1540 1065 λύπης
1563 983 1639 1062 ἅμα

365 1083 424 1145 καλ
439 1079 632 1168 ἐκπλήξεως
654 1088 716 1144 τοῦ
729 1077 906 1166 αἰφνιδίου
929 1083 1078 1158 πάθους.
1118 1083 1156 1144 ού
1170 1082 1233 1166 γὰρ
1248 1083 1352 1161 μόνον
1375 1077 1434 1144 διά
1448 1084 1510 1168 τὴν
1526 1083 1640 1168 ἀρχῆν

367 1184 407 1269 ἢν
431 1185 496 1264 έχω
524 1180 653 1265 μᾶλλον
682 1186 797 1268 έτέρου
826 1204 888 1264 μοι
915 1192 982 1248 τῶν
1012 1181 1165 1247 πολιτῶν
1197 1184 1322 1246 σίκεῖον
1344 1184 1383 1245 τό
1409 1185 1638 1269 συμβεβηκός,

366 1283 454 1348 ἀλλὰ
481 1288 539 1349 καί
561 1283 634 1370 ίδίρ
663 1305 724 1366 μοι
747 1281 848 1371 φίλος
876 1282 918 1371 ῆν
940 1283 1168 1370 Μελαγκόμας
1196 1285 1282 1369 ὑπέρ
1307 1286 1478 1363 ἅπαντας,
1510 1287 1638 1370 ὥσπερ

365 1389 423 1451 καί
444 1389 537 1469 ὑμῶν
559 1389 764 1451 ἐπίστανται
787 1389 821 1450 ol
843 1385 992 1465 πλείους.
1032 1390 1090 1452 καί
1111 1389 1226 1470 ἔμοιγε
1248 1388 1381 1449 ἄτοπον
1404 1387 1569 1472 φαίνεται
1592 1389 1672 1450 τά5

368 1491 430 1554 έπλ
451 1495 524 1566 τοῖς
546 1491 734 1553 τεθνεῶσιν
756 1490 858 1569 έθσς,
888 1493 942 1552 ότι
963 1495 1037 1566 τοῖς
1060 1486 1205 1554 πλεῖστα
1229 1486 1455 1570 λυπουμένοις
1476 1486 1638 1570 μάλιστα

369 1595 554 1679 προσήκειν
578 1588 730 1653 δοκεῖτὸ
752 1580 810 1652 ἐπ’
837 1593 954 1667 αὐτοῖς
977 1590 1093 1675 λέγειν.
1139 1593 1174 1655 ολ
1195 1591 1258 1676 γὰρ
1283 1588 1503 1677 σφοδρότατα
1526 1593 1638 1655 ἀνιώ-

323 1711 344 1772 2
366 1712 467 1773 μενοι
488 1689 651 1757 ἀδύνατοι
673 1690 780 1775 λέγειν
801 1685 864 1755 ὑπ’
891 1695 997 1756 αὐτοῦ
1015 1697 1137 1758 τούτου
1160 1694 1258 1757 είσίν.
1296 1694 1348 1755 ἔτι
1364 1690 1400 1756 δὲ
1414 1694 1473 1755 καί
1493 1691 1638 1780 ῆλικίας

366 1796 402 1857 έν
417 1796 525 1878 τούτῳ
542 1795 623 1876 είμί,
647 1797 683 1858 έν
698 1785 727 1878 ᾧ
740 1799 760 1878 v)
775 1797 837 1876 μέν
851 1804 914 1858 τοῦ
929 1793 1027 1880 λόγου
1045 1794 1187 1878 δύναμις
1208 1795 1308 1882 ἦττον
1324 1797 1455 1858 όπασιν
1470 1798 1635 1881 ὑπάρχει,

365 1898 404 1959 τύ
423 1892 459 1959 δὲ
471 1898 604 1981 χαίρειν
625 1898 682 1960 καί
698 1899 736 1960 τύ
754 1894 944 1961 λυπεῖσθαι
967 1900 1186 1984 ἰσχυρότατον
1208 1899 1367 1981 γίγνεται.
1405 1889 1481 1960 ἀλλ’
1504 1897 1634 1985 έπειδῆ
1662 1903 1687 1952 ¹⁰

367 2000 570 2083 τιμιώτερος
591 2001 653 2080 μέν
670 2008 859 2085 στρατηγοῦ
879 2001 1022 2077 ἔπαινος
1043 2001 1104 2063 eni
1119 2001 1310 2084 στρατιώτῃ
1333 1998 1457 2082 ἀγαθῷ
1472 1998 1635 2086 τελευτή-

367 2116 481 2180 σαντι,
511 2104 714 2187 τιμιώτερος
736 2099 773 2164 δέ
795 2105 925 2179 παντός
953 2102 1156 2187 ἀρχοντοςῆ
1180 2097 1336 2180 ίδιώτου,
1366 2103 1469 2182 κάμοί
1491 2099 1633 2167 λεκτέον
1651 2107 1715 2158 <³⁶³7I

364 2211 426 2289 τῆς
448 2205 551 2290 ἀρχῆς
573 2207 681 2267 ένεκεν
703 2205 751 2279 ὡς
772 2205 813 2268 ἂν
837 2202 999 2286 δύνωμαι.
1044 2208 1176 2289 πρέποι
1198 2195 1232 2266 δ’
1257 2205 1299 2266 ἀν
1314 2211 1356 2290 τῆ
1371 2205 1498 2267 ἐκείνου
1522 2205 1636 2291 ἀρετῇ

364 2307 422 2369 καί
444 2314 486 2391 τῆ
511 2309 575 2392 ἐμῆ
597 2310 731 2392 νεότητι
751 2303 857 2392 μηδέν
878 2309 1006 2392 μακρόν
1028 2307 1189 2368 ἀπαιτεῖν
1210 2301 1296 2390 μηδέ
1319 2306 1439 2392 ἀκριβῆ
1462 2303 1634 2392 μᾶλλονῆ

365 2413 518 2489 γενναῖον
539 2411 598 2472 τόν
621 2411 774 2471 έπαινον.
839 2408 984 2494 Πρῶτον
999 2410 1061 2490 μὲν
1077 2407 1135 2470 οὖν
1150 2407 1317 2490 εὐγενείας
1332 2404 1486 2493 ἀληθοῦς
1501 2409 1632 2488 έτυχεν.
1657 2411 1684 2462 1⁵

366 2510 404 2571 ού
420 2510 483 2594 γὰρ
500 2509 535 2572 εί
545 2529 591 2591 τῳ
606 2506 780 2572 πλουσίων
794 2512 915 2597 συνέβη
928 2515 1038 2590 τυχεῖν
1060 2513 1248 2595 προγόνων,
1265 2512 1303 2572 ού
1314 2512 1380 2596 μῆν
1393 2501 1466 2573 οὐδ’
1485 2511 1518 2572 εί
1527 2511 1634 2593 βασι-

322 2629 341 2692 3
367 2606 461 2687 λέων,
477 2610 518 2671 τό
536 2607 571 2673 δέ
588 2607 673 2673 ἄλλα
691 2607 840 2696 φαύλων,
856 2608 913 2674 όδε
929 2613 969 2674 ἀν
985 2610 1036 2697 εἴη
1052 2607 1163 2686 καλυῗς
1177 2613 1330 2694 γεγονώς,
1354 2603 1431 2674 ἀλλ’
1450 2613 1485 2675 ol
1502 2615 1632 2698 φύντες

365 2708 403 2789 έξ
424 2709 576 2794 ἀγαθῶν,
600 2713 716 2797 ὥσπερ
739 2709 805 2775 όδε.
848 2715 867 2775 ό
888 2714 951 2798 γὰρ
974 2717 1085 2800 πατῆρ
1112 2715 1217 2776 αὐτοῦ
1236 2721 1304 2776 τῶν
1324 2705 1402 2776 κατ’
1428 2715 1529 2778 αὐτόν
1553 2711 1630 2800 διῆ·

364 2833 456 2895 νεγκε
474 2816 548 2889 τοῖς
561 2811 766 2892 καλλίστοις,
791 2816 936 2898 εὐψυχίᾳ
956 2817 1013 2878 καί
1034 2818 1140 2900 ῥώμῃ.
1187 2813 1328 2902 δηλοῦσι
1351 2811 1387 2878 δέ
1411 2817 1448 2878 αἱ
1470 2821 1562 2880 νῖκαι
1586 2819 1630 2893 ἀς

364 2916 498 3001 ἐνίκησε
523 2919 580 2980 καί
609 2911 667 3002 [έν]
686 2910 893 2999 Ὀλυμπίασι
920 2919 977 2980 καί
998 2919 1034 2982 ἐν
1055 2924 1130 2994 τοῖς
1156 2915 1274 2994 ἀλλοις
1296 2915 1432 2999 ἀγῶσιν.
1522 2920 1629 2994 αύτδς
1651 2921 1679 2972 θ)

364 3013 401 3079 δέ
425 3020 491 3104 έφυ
512 3017 693 3096 κάλλιστος
715 3020 923 3104 ἀνθρώπων,
948 3011 986 3082 ού
1009 3019 1075 3083 τῶν
1097 3027 1154 3084 νῦν
1176 3024 1291 3102 μόνον,
1314 3011 1404 3098 ἀλλ’,
1428 3020 1476 3095 ώς
1493 3021 1628 3083 ένεστιν

363 3116 507 3197 εἰκάζειν
533 3123 569 3184 ἐκ
591 3130 651 3208 τῆς
673 3119 880 3207 ὑπερβολῆς,
909 3123 966 3184 καί
987 3123 1149 3186 ἁπάντων
1178 3120 1277 3184 ἀπλιῖ
1279 3143 1296 3198 ς
1321 3119 1388 3185 τιῖν
1410 3118 1448 3199 ίξ
1470 3124 1628 3197 ἅπαντος

319 3243 340 3302 4
363 3230 425 3284 τοῦ
450 3225 573 3304 χρόνου
602 3225 850 3305 ὠνομασμένων
879 3224 939 3286 ἐπὶ
965 3221 1097 3302 κάλλει,
1126 3227 1204 3287 όσοι
1231 3225 1356 3310 θνητοὶ
1380 3225 1543 3306 ἐγένοντο.
1591 3226 1716 3286 oum

361 3325 424 3404 μέν
446 3325 509 3407 γὰρ
533 3322 657 3389 πολλοὶ
677 3324 744 3388 τῶν
766 3329 1014 3407 νενομισμένων
1035 3323 1155 3406 καλεῖν,
1178 3330 1261 3414 μέρη
1285 3327 1361 3389 τινὰ
1383 3328 1626 3407 τοῦσώματος

364 3417 518 3513 εὐπρεπῆ
542 3427 684 3508 ἔχοντες,
707 3430 827 3492 ἔπειτα
845 3425 881 3491 δέ
897 3425 1017 3506 ἔδοξαν
1031 3425 1139 3506 καλοί,
1162 3435 1222 3514 τῆς
1237 3430 1352 3512 όφεως
1373 3429 1427 3490 ἀεὶ
1442 3428 1483 3489 τό
1499 3423 1626 3512 ῆδιστα
1649 3435 1677 3484 25

362 3526 571 3616 βουλομένης
593 3532 689 3615 δρᾶν,
718 3529 785 3593 τῶν
808 3526 844 3592 δέ
867 3533 1016 3614 ἡττόνων
1038 3527 1237 3615 ἀμελούσης.
1284 3531 1318 3592 ολ
1341 3526 1380 3592 δέ
1400 3550 1491 3604 τινες
1519 3532 1627 3615 φύσει

361 3633 423 3711 μὲν
447 3623 598 3708 εὐειδοῦς
622 3636 780 3714 σώματος
802 3625 862 3694 οὐκ
884 3633 1010 3713 ἔτυχον,
1034 3632 1105 3717 ώρα
1129 3628 1165 3694 δέ
1185 3620 1302 3708 αὐτοῖς
1324 3627 1493 3718 ἐπῆλθεν·
1515 3634 1625 3718 ῆττώ·

448 3879 571 3936 TItulus:
590 3880 629 3935 ita
646 3878 740 3949 UBII3
759 3881 880 3936 ordinem
898 3879 1198 3951 traditumjoraflonum
1207 3880 1335 3938 XXVIII.
1352 3881 1446 3937 XXIX
1462 3881 1571 3938 reatini

363 3962 461 4035 1έμοί
476 3965 573 4034 μὲνΰ
642 3960 751 4038 δίχων
768 3965 798 4020 Μ
867 3971 949 4026 aaut
966 3963 1038 4039 ὑπὲρ
1055 3965 1085 4020 Μ
1154 3967 1321 4038 δφαίνεται
1339 3963 1373 4025 τδ
1392 3967 1482 4038 Μωμ,
1498 3968 1623 4038 φαίνετο

360 4051 390 4106 Μ
409 4049 546 4122 ἐφαίνετο
564 4045 599 4108 τὸ
618 4051 666 4108 UB
737 4055 893 4110 ἀπλεῖστα
911 4053 1000 4123 Ειαρ,
1017 4043 1120 4124 ἥκιστα
1135 4051 1199 4107 libri
1281 4057 1308 4108 11
1330 4049 1506 4126 στρατιώτης
1522 4051 1553 4106 Μ

361 4138 394 4190 12
413 4128 442 4192 δ’
456 4130 574 4203 ἔπαινος
591 4151 641 4206 pro
659 4135 690 4194 δὲ
706 4133 817 4203 παντὸς
829 4136 957 4193 Βείολιίαυ
1024 4137 1076 4192 καί
1088 4155 1139 4205 μοι
1150 4135 1181 4191 Μ
1239 4142 1271 4192 11
1281 4132 1387 4209 μικρὸν
1399 4136 1489 4205 ΠΒΜ,
1504 4135 1624 4208 μακρόν

359 4219 383 4275 Τ
442 4226 471 4278 16
488 4230 585 4294 τυχεῖν
602 4220 706 4294 συνέβη
723 4221 748 4278 U
765 4222 829 4287 (hoe
847 4222 915 4288 ord.)
970 4213 1061 4287 υύόελς
1077 4237 1128 4291 pro
1147 4213 1209 4280 τίδ’
1228 4220 1255 4280 εί
1269 4222 1301 4278 Μ
1366 4225 1399 4278 20
1416 4219 1449 4280 ἐν
1466 4215 1625 4291 όλυμπίασι

359 4304 422 4371 ΒΜ,
440 4307 467 4362 In
485 4306 511 4362 U
528 4305 685 4364 &remum
748 4299 859 4379 α’γυῖσιν
877 4310 904 4372 (ν
921 4321 939 4361 a
956 4305 1080 4373 σοιτ.)ῐλ
1167 4311 1197 4361 21
1217 4303 1358 4376 μδνωνΒ
1437 4303 1468 4364 ἓν
1485 4303 1563 4364 ἔστιν
1581 4304 1625 4374 (ἐν

358 4392 578 4460 σιραυαῑαω)Μ
630 4396 662 4446 13
680 4387 797 4457 κάλόιος
814 4389 885 4448 ow
937 4396 971 4447 24
988 4387 1071 4450 ἄλλοι
1088 4407 1138 4463 pro
1156 4391 1296 4450 πολλοίΰ
1349 4395 1382 4448 25
1400 4387 1499 4450 ἔπειτα
1515 4391 1623 4460 apost

358 4475 456 4544 partic.
470 4477 506 4531 ε1.
519 4491 559 4532 or.
571 4475 677 4546 xvu5
691 4479 723 4531 20
775 4480 808 4530 26
826 4471 945 4549 ἐπήνθει
956 4475 1093 4546 Roianus,
1111 4477 1159 4534 nod
1170 4477 1504 4546 imperf.h10100umnon
1520 4475 1624 4532 lubere

357 4562 453 4615 monet
471 4561 549 4631 Emp.
574 4576 661 4633 neque
683 4559 807 4619 ἐπανθεῖ
827 4561 931 4632 placet,
955 4562 1019 4632 quia
1040 4563 1163 4633 sequitur
1185 4555 1332 4636 ἀνθούσης
1417 4556 1573 4635 ἦττύμενοι
1592 4559 1623 4614 11
