3520 5270
342 355 404 412 110
778 353 901 412 motus
919 353 972 410 DE
988 355 1146 412 nomo

343 527 539 611 λεγομένων,
568 531 602 592 οί
624 527 660 592 δέ
684 530 765 592 αότδ
788 537 887 592 τοῦτο
910 533 970 617 τὴν
995 529 1150 595 διάνοιαν
1171 530 1404 618 ἐξηγούμενοι,
1434 537 1473 598 οδ
1495 540 1600 618 μόνον

339 623 561 717 Ἀρίσταρχος
583 634 639 694 καί
662 633 800 717 Κράτης
822 634 878 696 καί
900 637 1011 716 έτεροι
1033 631 1173 712 πλείους
1194 642 1263 699 τῶν
1284 637 1424 722 ὕστερον
1446 659 1599 722 γραμμα-

342 742 443 797 τικῶν
465 731 676 820 κληθέντων,
707 738 874 819 πρότερον
896 733 931 798 δέ
954 744 1120 822 κριτικῶν.
1170 741 1227 802 καί
1249 736 1288 825 δὴ
1310 741 1368 801 καί
1389 741 1491 817 αότός
1509 733 1599 826 Ἀρι-

344 835 520 923 στοτέλης,
550 829 616 923 ἀφ’
649 836 691 900 06
718 855 806 924 φασι
833 841 894 924 την
922 842 1071 925 κριτικήν
1099 861 1136 902 τε
1163 843 1221 903 καί
1241 845 1473 929 γραμματικὴν
1496 843 1599 929 ἀρχήν

344 935 469 1022 λαβεῖν,
492 942 528 1002 ἐν
543 937 687 1016 πολλοῖς
702 937 875 1022 διαλόγοις
891 944 970 1025 περί
984 950 1047 1004 τοῦ
1066 949 1215 1028 ποιητοῦ
1235 940 1387 1022 διέξεισι,
1410 940 1597 1024 θαυμάζων
1618 959 1634 1011 ι

344 1044 445 1105 αὐτόν
473 1045 522 1118 ὡς
551 1046 589 1106 τό
620 1041 709 1106 πολι)
737 1045 794 1105 καί
824 1051 948 1124 τιμῶν,
984 1046 1036 1107 έτι
1065 1042 1101 1107 δέ
1127 1037 1344 1131 Ἡρακλείδης
1374 1047 1393 1108 6
1420 1047 1598 1123 Ποντικός.

303 1143 323 1204 2
344 1148 473 1208 τούτων
495 1143 532 1210 δὲ
556 1149 723 1232 πρότερος
743 1143 891 1208 Πλάτων
914 1155 1089 1227 πανταχοῦ
1107 1153 1290 1233 μέμνηται,
1314 1151 1375 1234 την
1395 1151 1457 1230 μέν
1477 1145 1600 1236 ηδονην

343 1251 400 1311 καί
418 1251 519 1334 χάριν
539 1250 600 1334 την
622 1255 689 1311 τῶν
712 1250 806 1310 ἐπῶν
828 1246 1107 1334 ἐκπληττόμενος,
1131 1247 1296 1326 πολλάκις
1316 1271 1353 1334 γε
1375 1255 1441 1338 μην
1456 1253 1601 1333 ἐπιμεμ-

346 1353 494 1436 φόμενος
516 1351 552 1412 ἐν
574 1356 647 1425 τοῖς
670 1351 750 1434 περί
771 1352 865 1413 θεῶν
886 1353 1017 1431 μάθοις
1039 1373 1075 1415 τε
1096 1354 1152 1416 καί
1182 1350 1310 1436 λόγοις,
1340 1355 1387 1430 ὡς
1411 1355 1449 1415 οδ
1473 1359 1601 1440 συμφέ-

345 1472 447 1536 ροντα
470 1458 544 1528 τοῖς
565 1453 769 1536 ἀνθρώποις
798 1450 956 1533 οὐδαμῶς
984 1455 1085 1516 αὐτόν
1113 1457 1287 1542 εἰρηκότα,
1316 1453 1516 1534 πλεονεξίας
1542 1455 1600 1520 καί
1621 1467 1652 1520 10

346 1551 533 1635 ἐπιβουλάς
553 1543 630 1616 κατ’
656 1551 809 1639 άλληλων
836 1557 893 1617 καί
921 1558 1076 1636 μοιχείας
1104 1559 1161 1620 καί
1187 1555 1304 1640 ἐριδας
1331 1561 1388 1622 καί
1411 1556 1603 1646 φιλονικίας

346 1658 427 1739 περί
455 1657 548 1719 θεῶν
576 1653 773 1733 ἐπεξιόντα·
805 1658 891 1737 μετά
919 1665 1025 1721 ταῦτα
1059 1656 1096 1722 δέ
1125 1661 1164 1721 οό
1192 1657 1396 1741 μεταδιδοδς
1424 1649 1514 1744 αὐτῷ
1542 1669 1746 1747 τῆςιειόιὶῐῐι1

347 1761 452 1821 αὑτοῦ
472 1756 606 1834 πόλεώς
627 1780 664 1822 τε
685 1761 742 1822 καί
764 1757 943 1836 πολιτείας
959 1769 1070 1848 σοφης
1085 1764 1132 1838 ὡς
1148 1763 1248 1837 αὐτὸς
1263 1757 1415 1842 ἐνόμιζεν
1430 1764 1603 1847 ἐσομένης,

348 1862 402 1924 ίνα
424 1863 508 1947 μήτε
530 1869 635 1924 ταῦτα
660 1863 811 1926 άκοόωσι
833 1864 915 1948 περί
935 1863 1030 1926 θεῶν
1058 1869 1130 1926 νέοι
1159 1866 1252 1940 ὄντες
1280 1867 1339 1940 οὓς
1367 1867 1494 1940 ἐκεῖνος
1517 1864 1604 1926 ἀπο-

348 1967 465 2051 φαίνει
488 1962 640 2050 φόλακάς
660 1986 698 2027 τε
719 1967 776 2027 καί
798 1969 962 2048 ἡγεμόνας
984 1975 1044 2052 τῆς
1067 1963 1216 2046 πόλεως,
1245 1958 1328 2052 μηδ’
1360 1967 1404 2029 αὖ
1431 1967 1511 2050 περί
1533 1973 1601 2028 τῶν
1623 1975 1653 2027 ιο

347 2069 383 2130 ἐν
405 2060 490 2152 ᾅδου
512 2063 618 2153 μηδὲν
640 2068 849 2153 σκυθρωπόν
872 2065 1051 2151 λεγόμενον
1078 2066 1338 2153 μαλακωτέρους
1368 2071 1490 2144 αὐτούς
1517 2070 1605 2151 πρός
1745 2065 1746 2076 ’

347 2189 385 2233 τε
412 2171 451 2232 τά
479 2171 655 2251 μάχεσθαι
682 2171 740 2232 καί
767 2173 806 2232 τό
835 2161 1071 2255 ἀποθνῄσκειν
1100 2179 1186 2257 ποιῇ
1214 2168 1299 2257 μηδὲ
1326 2173 1444 2255 ὥσπερ
1467 2167 1603 2246 πώλους
1617 2183 1712 2234 (⁶5⁴1)

308 2270 328 2332 3
349 2280 459 2348 κακῶς
480 2269 724 2349 πωλευθέντας
745 2270 783 2350 ἐξ
804 2274 907 2360 ἀρχῆς
928 2275 1106 2349 ὑπόπτους
1126 2276 1214 2358 πρός
1228 2275 1270 2336 τά
1285 2277 1330 2360 μή
1349 2275 1489 2358 φοβερά.
1527 2275 1607 2356 περί

348 2377 409 2457 μὲν
433 2371 472 2460 δὴ
495 2377 625 2438 τούτων
647 2379 761 2458 έτερος
784 2372 882 2457 λόγος
905 2371 1034 2438 πλείων
1048 2378 1105 2438 καί
1118 2379 1325 2460 μακρότερος
1338 2377 1396 2438 καί
1412 2377 1450 2438 οό
1472 2373 1603 2460 ῥᾴδιος,

350 2481 495 2562 πότερον
510 2471 658 2563 Ὅμηρος
679 2480 807 2562 ἥμαρτε
830 2479 911 2561 περί
931 2485 1037 2540 ταῦτα
1058 2480 1078 2564 ἢ
1103 2481 1268 2564 φυσικούς
1288 2499 1384 2554 τινας
1405 2480 1543 2553 ἐνόντας
1564 2479 1600 2540 ἐν
1622 2486 1653 2538 2⁰

349 2585 422 2654 τοῖς
443 2580 573 2659 μύθοις
596 2577 714 2661 λόγους
735 2579 820 2640 κατά
843 2574 903 2664 τὴν
924 2582 1002 2641 τότε
1025 2580 1210 2665 συνήθειαν
1241 2578 1428 2664 παρεδίδου
1454 2584 1528 2656 τοῖς
1550 2580 1606 2642 άν-

349 2684 521 2766 θρώποις.
567 2682 605 2742 οό
627 2683 689 2766 γάρ
712 2678 833 2765 ῥᾴδιον
856 2678 1033 2766 διαιτῆσαι
1054 2684 1093 2744 τό
1122 2691 1295 2760 τοιοῦτον,
1323 2684 1484 2766 καθάπερ
1509 2680 1607 2763 οἶμαι

352 2782 412 2847 δύο
436 2780 546 2868 φίλων
562 2781 703 2866 ἀνδρῶν,
726 2783 930 2869 ἀμφοτέρων
947 2790 1086 2864 σεμνῶν,
1110 2793 1172 2847 τοῦ
1185 2790 1300 2867 ἐτέρου
1316 2784 1364 2868 τῷ
1386 2787 1488 2868 έτέρηι
1512 2785 1606 2866 ἐγκα-

311 2888 331 2948 4
353 2884 501 2965 λοῦντος,
523 2888 599 2962 ένός
621 2887 731 2949 αὐτῶν
752 2893 973 2968 καταγνῶναι.
1017 2891 1166 2974 γέγραφε
1188 2885 1225 2950 δὲ
1246 2888 1302 2950 καί
1324 2889 1442 2973 Ζήνων
1465 2888 1483 2948 6
1509 2883 1606 2973 φιλό-

353 3007 462 3075 σοφος
484 2987 534 3064 είς
555 3009 592 3051 τε
614 2984 674 3073 τὴν
685 2978 817 3060 ,Ἰλιάδα
839 2989 896 3051 καί
919 2983 979 3074 τὴν
997 2979 1212 3067 Ὀδύσσειαν,
1241 2992 1298 3052 καί
1320 2992 1400 3073 περί
1421 2997 1483 3052 τοῦ
1503 2990 1602 3071 Μαρ·
1624 2997 1657 3050 λέ
1745 2993 1746 3012 ’

351 3095 445 3174 γίτου
469 3089 507 3154 δέ
515 3106 522 3120 ·
553 3088 649 3154 δοκεῖ
665 3092 727 3175 γάρ
750 3093 807 3153 καί
828 3099 928 3152 τοῦτο
950 3094 989 3153 τὸ
1013 3092 1145 3178 ποίημα
1174 3095 1243 3155 ὑπὸ
1262 3083 1407 3178 Ὁμήρου
1437 3097 1608 3175 γεγονέναι

352 3200 516 3278 νεωτέρου
544 3196 601 3256 καί
630 3194 916 3277 ἀποπειρωμένου
947 3202 1007 3280 τῆς
1043 3195 1148 3257 αὑτοῦ
1176 3199 1311 3280 φύσεως
1340 3197 1428 3279 πρὸς
1456 3196 1608 3280 ποίησιν.

354 3299 372 3359 6
394 3295 431 3360 δέ
455 3298 573 3382 Ζηνων
595 3294 692 3359 οόδέν
715 3302 782 3358 τῶν
805 3289 887 3380 [τοῦ]
905 3285 1050 3384 Ὁμήρου
1074 3301 1191 3380 ψέγει,
1221 3299 1291 3378 άμα
1314 3294 1533 3381 διηγούμενος
1554 3298 1745 3359 καίέπῦΒΠ)

353 3397 522 3462 διδάσκων
544 3402 598 3462 δτι
619 3400 661 3461 τά
683 3401 745 3480 μὲν
767 3399 852 3461 κατά
876 3395 988 3479 δόξαν,
1011 3401 1053 3462 τά
1077 3397 1113 3463 δέ
1135 3399 1220 3462 κατά
1243 3395 1410 3484 ἀληθειαν
1431 3404 1607 3485 γέγραφεν,

353 3506 449 3579 ὅπως
469 3498 515 3589 μὴ
532 3503 697 3590 φαίνηται
712 3493 814 3578 αὐτὸς
830 3499 919 3586 αὐτῷ
934 3506 1124 3584 μαχόμενος
1138 3503 1174 3564 έν
1188 3519 1261 3564 τισι
1276 3498 1431 3564 δοκοῦσιν
1446 3500 1607 3573 ἐναντίως
1628 3509 1658 3558 ευ

314 3607 529 3693 θείρησθαι.
574 3607 593 3667 6
616 3603 652 3668 δέ
676 3601 776 3687 λόγος
799 3603 897 3680 οὗτος
915 3597 1157 3680 Ἀντισθένους
1178 3605 1252 3666 ἐστί
1278 3595 1462 3686 πρότερον,
1491 3603 1544 3662 ὅτι
1565 3599 1608 3658 τά

440 3855 545 3915 Μεθ’
565 3872 615 3926 pro
638 3859 687 3914 καί
704 3855 734 3910 Μ
840 3848 934 3926 άτῆν
952 3869 1004 3910 om.
1022 3853 1071 3908 PH
1174 3845 1423 3922 άπομεμφάμενος
1448 3848 1525 3905 UBM
1543 3846 1611 3914 (ἐπι-

354 3961 424 4002 οοιτ.
443 3943 478 4012 U)
546 3947 576 3997 ¹1
596 3943 713 4014 μοιχίας
730 3941 759 3996 Μ
844 3941 1006 4012 φιλονικίας
1023 3937 1052 3992 Μ
1070 3938 1247 4010 φιλονεικίας
1264 3935 1349 3991 ceteri
1437 3937 1469 3989 12
1485 3933 1559 4006 μετά
1578 3965 1612 3976 -
1745 3989 1746 3996 ,

355 4025 390 4090 τά
407 4045 459 4086 on.
477 4029 508 4086 M
524 4028 555 4086 δέ
572 4043 624 4084 om.
642 4027 692 4083 UB
780 4029 810 4080 1³
829 4018 919 4082 αὐτοῦ
934 4023 1011 4079 UBH
1028 4021 1110 4099 αὐτῷ
1125 4020 1178 4076 ΗΡ
1262 4025 1293 4076 17
1311 4019 1429 4077 ποιεῖΡ
1498 4017 1613 4086 πάλους

354 4119 452 4183 κακῶς
469 4113 670 4181 πωλευθέντας
688 4111 718 4167 Μ
734 4110 861 4176 πολλοὺς
878 4113 976 4176 κακῶς
993 4106 1216 4173 πολιτευθέντας
1233 4106 1319 4162 ceteri
1420 4106 1450 4159 18
1467 4097 1525 4162 ῢπδ
1543 4097 1613 4167 τοὺς

355 4198 432 4276 πρὸς
447 4195 484 4259 τά
501 4195 540 4272 μὴ
558 4199 639 4272 φέρι
657 4198 728 4266 libri,
745 4211 817 4253 αοεε.
836 4195 942 4250 Βάδει.
1012 4197 1045 4248 ²0
1062 4190 1209 4259 ἐάντιιςΡ
1296 4194 1329 4248 22
1347 4191 1494 4263 διαστῆναι
1511 4185 1538 4241 Η
1555 4191 1614 4243 όια·

355 4292 457 4359 στῆσαι
475 4285 568 4351 ceteri,
586 4299 657 4340 corr.
675 4282 782 4338 selden.
854 4283 886 4334 25
903 4281 1062 4352 μαργείτου
1079 4279 1108 4334 Μ
1177 4281 1211 4334 ²6
1228 4275 1259 4336 έλ
1276 4293 1328 4334 om.
1347 4275 1396 4331 ΡΗ
1473 4278 1506 4329 27
1525 4269 1615 4330 αὐτοῦ

355 4371 430 4428 um>
446 4385 485 4426 n.
501 4385 544 4440 pr.
630 4371 663 4424 λθ
680 4370 741 4424 τόν
757 4381 809 4422 om.
827 4363 906 4420 HBU
924 4379 960 4420 n.
977 4379 1029 4434 pr„
1047 4367 1100 4422 τοῦ
1116 4362 1169 4420 άτί.
1185 4361 1252 4418 Wss.
1345 4359 1420 4434 λέγει
1436 4357 1513 4424 libri,
1531 4355 1614 4431 ψέγει

355 4457 436 4527 Eup.
523 4449 595 4512 άλλά
614 4453 686 4522 libri,
703 4443 763 4522 ἅμα
780 4450 883 4507 Jacobs
969 4453 1003 4506 ³⁰
1021 4443 1100 4525 αὐτῷ
1117 4447 1139 4504 P
1156 4463 1191 4504 ιιι.
1209 4463 1251 4520 pr.
1336 4441 1503 4520 μαχόμενος
1519 4439 1616 4497 οιαΰ

358 4557 393 4597 m.
410 4554 452 4610 pr.
522 4542 553 4594 31
574 4539 604 4597 δέ
621 4553 674 4594 om.
691 4537 722 4594 M
739 4554 782 4610 pr.
