3466 5268
327 263 368 324 66
557 261 681 319 DIONIS
698 261 749 318 DE
768 261 979 319 CONCORDIA
997 261 1073 318 CUM
1091 261 1349 321 APAMBNSIBVS

327 441 487 520 ὁμονοίας
518 433 692 522 σῴζεσθαι
727 434 837 524 φιλεῖ,
869 441 912 500 τά
941 458 978 500 τε
1008 438 1205 521 ἰσχυρότερα
1239 438 1296 500 καί
1323 432 1426 517 μείζω
1453 440 1511 502 καί
1540 439 1720 510 niumm]

326 538 455 604 ἐλάττω
480 538 517 627 δή
544 539 714 603 δοκοῦντα.
766 542 890 625 ταύτης
919 536 955 602 δέ
984 547 1044 624 της
1071 541 1250 615 κοινωνίας
1279 537 1502 626 διαλυθείσης
1526 543 1585 604 καί

329 646 481 719 στάσεως
502 646 743 728 ἐπιγενομένης
759 643 817 722 ούχ
833 643 941 717 σύτως
956 638 1154 722 ἀνώλεθρος
1170 633 1248 705 οδδέ
1265 643 1448 728 ἀφθαρτσς
1471 633 1584 706 αὐτῶν

326 751 346 832 ή
372 748 490 833 φύσις,
522 747 608 808 ὥστε
631 749 675 832 μή
700 745 914 831 ταραχθῆναι
935 746 991 808 καί
1013 746 1072 830 τήν
1095 745 1264 829 ἀμήχανόν
1286 763 1323 806 τε
1344 746 1401 807 καί
1422 746 1584 824 ἀπιστσν,

275 850 315 914 37
330 849 376 924 ὥς
399 864 520 933 φασιν,
550 850 734 928 ὑπομεῖναι
763 847 902 933 φθοράν
924 849 959 910 ἐκ
981 855 1043 909 τοῦ
1064 848 1159 922 ὄντος
1182 847 1232 922 είς
1254 848 1293 908 τό
1315 849 1360 932 μή
1385 849 1430 910 όν.
1475 852 1495 933 ή
1518 850 1582 928 μέν
1606 859 1720 915 δίκετε

325 950 388 1031 γάρ
418 945 576 1034 λεγομένη
605 951 700 1034 παρά
728 955 802 1025 τοῖς
832 955 957 1035 σοφοῖς
986 951 1208 1033 ἐπικράτησις
1237 949 1394 1033 αίθέρυς,
1423 951 1459 1012 έν
1489 940 1517 1033 ᾦ
1543 953 1583 1013 τδ

325 1047 505 1133 βασιλεῦον
527 1053 584 1116 καί
605 1054 643 1114 τό
666 1055 873 1134 κυριώτατον
895 1060 955 1138 τῆς
980 1059 1123 1138 ψυχικῆς
1151 1048 1324 1132 δυνάμεως
1353 1051 1390 1113 όν
1414 1041 1472 1114 οὐκ
1495 1053 1583 1114 ἀπο·

326 1157 512 1236 τρέπονται
535 1161 602 1238 πῦρ
626 1149 803 1234 ὀνομάζειν
826 1151 1007 1232 πολλάκις,
1036 1156 1102 1238 δρῳ
1126 1173 1162 1216 τε
1183 1154 1241 1215 καί
1262 1150 1383 1236 πρᾴως
1404 1159 1582 1240 γιγνομένη

326 1257 361 1319 έν
394 1272 464 1320 τισι
495 1258 632 1342 χρόνοις
663 1263 897 1339 τεταγμένοις,
928 1257 1013 1337 μετά
1043 1259 1159 1342 πάσης
1187 1252 1305 1342 φιλίας
1333 1257 1390 1318 καί
1420 1257 1584 1336 δμονοίας

325 1359 414 1422 έοικε
437 1360 642 1440 συμβαίνειν,
686 1364 706 1445 ή
732 1356 767 1422 δέ
790 1367 857 1422 τῶν
879 1356 991 1422 ἀλλων
1013 1355 1192 1436 πλεονεξία
1213 1359 1270 1422 καί
1292 1354 1443 1444 διαφορά
1467 1377 1579 1442 παρα·
1606 1371 1636 1420 ιο

326 1463 437 1541 νόμως
464 1467 641 1546 γιγνομένη
674 1464 732 1524 τόν
763 1463 905 1542 ἔσχατον
933 1464 1002 1542 έχει
1034 1458 1186 1525 κίνδυνον
1214 1458 1377 1544 ὀλέθρου,
1408 1462 1487 1544 περί
1514 1468 1584 1525 τῶν

325 1561 412 1626 δλων
435 1565 561 1627 ούπστι
583 1567 744 1644 ἐσόμενον
768 1562 826 1628 διά
849 1567 887 1627 τό
917 1572 1032 1628 πᾶσαν
1062 1566 1195 1650 εἰρήνην
1223 1565 1280 1626 καί
1307 1560 1524 1648 δικαιοσύνην
1547 1567 1583 1627 ἐν

327 1669 442 1741 αύτοῖς
464 1667 627 1750 ὑπάρχειν
649 1669 706 1730 καί
730 1675 905 1747 πανταχοῦ
919 1669 1030 1730 πάντα
1051 1663 1220 1730 δουλεύειν
1241 1668 1298 1729 καί
1320 1662 1584 1742 ξυνακολουθεῖν

276 1767 316 1832 38
330 1769 513 1850 εύγνώμονι
542 1771 632 1852 νόμῳ
664 1769 857 1850 πειθόμενα
885 1772 943 1833 καί
971 1769 1111 1833 εἴκοντα.
1167 1769 1226 1848 ούχ
1262 1769 1361 1852 δράτε
1393 1773 1492 1830 τοῦτο
1521 1771 1584 1848 μέν

325 1867 422 1954 ήλιυν
445 1871 537 1934 νυκτί
564 1871 818 1951 μεθιστάμενον
845 1873 915 1934 καί
930 1877 1119 1954 παρέχοντα
1149 1866 1324 1933 ἀνατεῖλαι
1352 1874 1426 1945 τοῖς
1452 1870 1579 1956 ἀφανε-
1603 1883 1632 1935 15

327 1977 460 2057 στέροις
481 1974 632 2058 ἀστροις,
655 1981 755 2037 τοῦτο
779 1971 815 2037 δὲ
841 1972 980 2060 σελήνην
996 1976 1103 2037 ἐῶντα
1119 1969 1344 2054 καταλάμψαι
1365 1973 1426 2058 τήν
1441 1973 1581 2035 άπασαν

325 2083 385 2161 γήν
407 2077 442 2138 ἐν
464 2077 587 2160 ἐρημίᾳ
609 2083 672 2139 τοῦ
684 2078 875 2157 κρείττονος
891 2079 1025 2163 φωτός,·
1047 2083 1146 2138 τοῦτο
1163 2073 1199 2138 δὲ
1215 2077 1323 2159 ἀστρα
1339 2076 1581 2158 ὑποχωροῦντα

325 2173 408 2262 ήλίιμ
442 2179 499 2240 καί
530 2175 635 2262 μηδέν
668 2180 836 2262 ήγούμενα
871 2180 1015 2258 πάσχειν
1047 2174 1131 2263 μηδέ
1168 2173 1391 2240 ἀπόλλυσθαι
1431 2174 1488 2241 διά
1521 2180 1582 2264 τήν

324 2280 451 2342 ἐκείνου
482 2274 556 2364 [τοῦ
589 2274 687 2364 θεοῦ]
720 2278 880 2362 δύναμεις
909 2289 1008 2344 τοῦτο
1039 2277 1075 2344 δὲ
1104 2279 1148 2342 ού
1174 2281 1232 2342 τόν
1255 2277 1351 2366 ήλιον
1374 2282 1454 2364 περί
1474 2284 1582 2365 μέσην

324 2384 432 2446 ένίοτε
460 2387 588 2468 ήμέραν
610 2385 895 2465 ἐπισκοτούμενον
924 2380 1063 2470 σελήνης
1085 2379 1365 2468 ὑποδραμούσης,
1394 2373 1477 2467 ᾗτδ
1502 2389 1577 2468 φῶς
1600 2394 1628 2445 20

325 2485 426 2559 αύτδς
458 2480 596 2562 δίδωσι,
627 2482 793 2562 πολλάκις
821 2505 858 2568 γε
888 2488 953 2572 μήν
982 2487 1049 2548 ύπδ
1082 2493 1148 2548 τῶν
1177 2485 1440 2574 ἀσθενεστάτων
1468 2492 1581 2570 νεφῶν

325 2587 626 2670 ἀποκρυπτόμενον
649 2589 670 2673 ή
692 2608 785 2663 τινος
799 2589 923 2672 ἀραιάς
946 2584 1084 2672 όμίχλης
1107 2589 1237 2672 περίτι
1261 2585 1381 2667 λίμνας
1394 2590 1451 2651 καί
1473 2607 1579 2649 ποτα·
1595 2603 1714 2655 ‹menn›

323 2689 410 2767 μούς
432 2689 628 2774 ἱσταμένης,
660 2691 707 2765 ὡς
728 2680 811 2752 ἔσθ’
835 2693 891 2754 ύτε
911 2692 973 2770 μέν
996 2689 1175 2772 εἴργεσθαι
1197 2687 1388 2768 παντελῶς,
1411 2692 1519 2754 ἐνίοτε
1542 2687 1578 2753 δδ

275 2786 454 2876 39ἀδρανή
477 2795 537 2878 τήν
559 2794 675 2856 ἀκτῖνα
697 2793 754 2856 καλ
777 2789 902 2880 λεπτήν
925 2790 1149 2873 διαπέμπειν·
1172 2799 1272 2856 τοῦτο
1296 2790 1332 2856 δέ
1355 2799 1422 2856 τῶν
1445 2789 1579 2855 πλανω-

325 2897 435 2972 μένων
459 2895 610 2979 ἀστέρων
633 2898 692 2982 τήν
714 2897 892 2958 ἀπαυστον
903 2896 1051 2979 χορείαν,
1075 2892 1281 2980 άμηδέπστι
1297 2893 1456 2981 ἀλλήλοις
1471 2897 1577 2976 ἐμπο·
1598 2907 1627 2958 25

325 2991 391 3059 δάν
415 2997 571 3073 ίσταται,·
600 3000 687 3082 πρδς
716 2995 752 3060 δέ
783 2998 827 3060 αδ
848 3007 886 3084 γη
910 3000 971 3079 μέν
994 3001 1053 3084 τήν
1080 3000 1263 3060 κατωτάτω
1290 3001 1403 3083 χώραν
1433 2995 1579 3077 λαχοῦσα

323 3097 503 3177 ὑπομένει,
534 3100 695 3183 καθάπερ
724 3103 808 3185 έρμα
841 3103 941 3178 νεώς,
970 3096 1060 3184 ύδωρ
1092 3096 1127 3162 δέ
1158 3101 1238 3185 περὶ
1265 3104 1368 3186 ταύτῃ
1392 3104 1579 3182 κεχυμένον,

327 3201 479 3284 ύπερθεν
503 3198 539 3264 δὲ
562 3203 693 3288 ἀμφοῖν
715 3204 779 3288 ἀήρ
800 3200 950 3283 μαλακός
978 3203 1093 3266 τεκαὶ
1115 3203 1276 3280 εὔπνους,
1308 3205 1327 3265 δ
1357 3200 1392 3266 δέ
1416 3204 1578 3266 ἀνωτάτω

324 3301 381 3364 καλ
418 3299 595 3383 ξύμπαντα
629 3306 714 3384 έχων
748 3305 854 3390 αἰθήρ
889 3307 997 3390 πυρός
1035 3305 1136 3369 θείου
1169 3302 1274 3388 κύκλῳ
1310 3302 1580 3391 περιδραμόντος

325 3403 458 3480 αύτοῖς;
491 3407 547 3469 καί
584 3413 689 3470 ταῦτα
723 3412 801 3486 μέν,
839 3409 946 3483 ούτως
981 3408 1099 3493 ἰσχυρά
1132 3409 1188 3471 καί
1215 3403 1360 3490 μεγάλα,
1396 3410 1455 3492 τήν
1488 3409 1576 3491 πρδς
1596 3419 1626 3471 ³⁰

326 3503 454 3591 ἀλληλα
483 3511 661 3573 κοινωνίαν
691 3509 845 3590 ἀνέχεται
866 3511 923 3573 καὶ
952 3507 1103 3574 διατελεῖ
1118 3512 1222 3595 χωρίς
1244 3511 1386 3595 ἔχθρας·
1415 3510 1518 3594 μικρά
1542 3506 1578 3572 δὲ

1005 3675 1150 3682 ——-.—-...-

408 3759 424 3811 2
442 3755 474 3829 δή
493 3759 584 3831 Ειαρ,
602 3759 632 3818 δὲ
647 3759 710 3816 libri
779 3764 869 3819 ταῦτα
887 3762 909 3816 Β
930 3751 1033 3834 ταύτης
1050 3765 1091 3833 ίης
1109 3775 1126 3815 ι
1143 3765 1224 3826 corr.)
1242 3760 1267 3818 U
1336 3767 1351 3817 6
1369 3759 1404 3821 τὸ
1424 3767 1581 3837 βασιλεῦον

321 3840 428 3911 κτεῖναί,
446 3840 481 3900 τδ
500 3848 650 3919 βασίλειον
667 3845 729 3902 libri
816 3851 830 3901 '1
849 3850 898 3918 τῆς
917 3849 1009 3918 υνκῆέ
1026 3843 1171 3916 δυνάμεως
1187 3845 1238 3905 UT
1256 3853 1306 3920 τῆς
1324 3853 1414 3922 ψυχῆς
1429 3852 1479 3908 καί
1496 3844 1580 3908 δυνά·

322 3945 399 3994 μεως
417 3927 446 3982 Μ
514 3931 633 3989 fortune
651 3925 669 3990 ἀ
687 3929 740 3991 υύκ
756 3949 808 4004 pro
826 3928 862 3992 ἀν
880 3927 933 3991 υύκ
951 3931 1122 3989 scribendum
1138 3936 1181 3990 ειι
1267 3934 1452 4008 ῖγιγνυμένη
1469 3935 1580 4003 Βάιίιε,

322 4007 496 4086 γιγνόμενον
512 4017 574 4073 libri
646 4023 674 4074 ¹1
695 4019 830 4091 γινομένη
846 4017 902 4076 ΠΜ
980 4019 1010 4072 ’.2
1027 4012 1170 4087 ἐσόμενον
1187 4018 1293 4088 scripsi,
1309 4017 1451 4090 ἐσομένου
1467 4017 1529 4074 libri

328 4103 360 4154 ¹⁴
377 4097 543 4172 πειθόμεθα
561 4102 585 4158 Β
692 4107 722 4160 16
740 4106 828 4163 τοῦτο
848 4102 878 4161 δὲ
894 4102 947 4159 hoc
964 4101 1026 4159 loco
1042 4101 1174 4173 ineptum,
1190 4119 1241 4174 pro
1260 4119 1313 4174 quo
1330 4109 1379 4162 καὶ
1396 4103 1579 4174 reponendum

323 4187 366 4240 eat
438 4189 468 4242 1⁸
486 4179 668 4247 ἀπόλλυσθαι
687 4193 844 4261 suspectum
933 4191 964 4244 19
982 4191 1035 4246 τοῦ
1052 4192 1125 4246 θεοῦ
1141 4189 1239 4246 seclusi
1325 4181 1361 4248 αύ
1378 4187 1432 4248 τὸν
1450 4190 1473 4245 Β
1491 4185 1581 4249 αύτδν

322 4269 406 4325 σείει-ἰ
457 4276 490 4328 20
507 4268 727 4348 ύπούραμούσης
744 4275 864 4332 (δοίιείιιι
881 4263 1091 4346 διαδραμούσης
1107 4273 1169 4330 libri
1221 4278 1253 4330 22
1270 4275 1473 4348 κρυπτόμενον
1489 4273 1540 4332 UT

321 4342 479 4423 ήτινοςῦ
583 4379 615 4418 τε
632 4375 684 4419 om.
703 4358 778 4418 UBT
881 4363 914 4415 2⁴
931 4357 1158 4429 πλανομένωνΒ
1282 4363 1312 4416 31
1333 4355 1427 4432 ἔχεται
1446 4358 1495 4418 UT

322 4433 469 4511 σμικράΒ
