3466 5268
308 308 352 367 72
778 303 902 362 motus
921 302 1107 360 DEFENSIO

308 484 500 568 κατεθέμην
528 483 587 545 τόν
614 481 731 564 καιρόν
761 481 887 543 ἐκεῖνον
917 476 993 542 οὐδέ
1022 482 1082 565 τήν
1111 486 1173 542 τοῦ
1200 487 1404 563 κρατοῦντος
1434 478 1570 540 εόνοιαν

310 581 386 649 οὐδὲ
410 585 480 647 ἀπὸ
502 587 635 664 μέρους,
658 581 731 646 οίον
753 582 795 644 τά
819 589 878 666 τῆς
902 581 1021 657 οὐσίας
1035 582 1288 665 ἐπανορθώσας
1309 579 1570 667 διεφθαρμένης

309 687 328 771 ή
352 682 558 770 προσλαβών
580 705 655 748 τινα
678 685 781 770 ἀρχήν
803 684 823 768 ή
847 679 998 763 δύναμιν,
1021 675 1098 744 ἀλλ’
1124 685 1217 745 άπαν
1239 686 1320 747 όσον
1342 686 1429 745 ποτε
1452 678 1491 768 ήν
1514 683 1568 758 είς
1580 695 1629 748 (ὅτι
1643 695 1672 745 ιο

269 793 290 852 4
312 791 396 869 ὑμᾶς
423 789 551 872 έτρεψα
579 789 636 849 καί
663 789 767 867 μόνον
796 782 888 848 είδον
917 787 956 848 τό
984 793 1043 871 τῆς
1072 782 1214 862 πόλεως.
1265 793 1370 848 ταῦτα
1394 782 1430 847 δέ
1453 786 1485 847 εί
1505 789 1570 864 μέν

310 891 384 952 ἐστι
402 890 552 974 χρήσιμα
570 881 661 969 (καί)
674 883 813 969 μεγάλα,
836 879 879 971 [ἢ]
893 888 938 972 μή
956 882 1099 962 πολλοῖς
1119 883 1317 971 ὑπάρξαντα
1333 891 1462 971 ἑτέροις
1484 877 1564 948 ἀλλ’
1588 897 1605 946 5

310 989 415 1077 ήμιᾷ
438 987 554 1067 πόλει,
582 991 639 1055 καί
667 991 772 1073 ταύτῃ
796 986 914 1068 σχεδόν
937 1009 971 1051 τι
999 995 1066 1050 τῶν
1095 985 1374 1072 ἐλλογιμωτάτων
1399 989 1484 1052 κατά
1507 991 1569 1074 τήν

308 1085 425 1158 Ἀσίαν
447 1095 504 1158 καί
526 1089 721 1178 τηλικοῦτον
743 1092 864 1174 ἐχούσῃ
889 1086 1020 1153 δίκαιον
1043 1092 1131 1174 πρδς
1153 1093 1211 1153 τόν
1234 1093 1481 1176 αὐτοκράτορα,
1507 1100 1571 1155 τοῦ

312 1197 400 1260 θεοῦ
420 1187 506 1280 παρ’
531 1197 674 1271 ἐκείνοις
695 1197 968 1276 μαντευσαμένου
990 1195 1047 1256 καί
1069 1195 1299 1277 προειπόντος
1313 1195 1373 1279 τήν
1388 1194 1570 1280 ήγεμονίαν

313 1297 402 1381 αὐτῷ
429 1300 487 1361 καί
515 1300 653 1383 πρώτου
683 1299 822 1360 πάντων
850 1296 978 1359 ἐκείνου
1008 1302 1164 1380 φανερῶς
1192 1281 1294 1358 αὐτόν
1322 1292 1571 1373 ἀποδείξαντος

312 1407 379 1464 τῶν
401 1396 488 1463 ὅλων
508 1402 641 1485 κόριον·
665 1399 702 1461 οὐ
720 1395 804 1480 λέγω
819 1403 976 1461 τοιοῦτον
992 1394 1097 1460 οὐδέν.
1136 1399 1191 1459 δτι
1204 1388 1279 1478 <δ’>
1299 1399 1395 1473 ὑμεῖς
1415 1394 1567 1479 μάλιστα
1591 1407 1622 1460 1⁰

313 1504 433 1565 τούτου
448 1503 666 1582 ἐπεθυμεῖτε,
689 1502 745 1565 καί
756 1503 878 1584 χρόνος
892 1496 932 1584 ήν
949 1497 1065 1577 πσλές,
1089 1499 1127 1562 δν
1142 1495 1310 1585 ήλπίζετε,
1334 1495 1567 1586 ἐξηπάτησθε,

312 1609 386 1680 τοῖς
407 1606 655 1684 ὑποσχομένοις
683 1605 787 1685 μόνον
816 1609 883 1664 τῶν
907 1599 1054 1666 ἰδιωτῶν
1085 1603 1136 1679 (οέ
1157 1603 1221 1686 γάρ
1245 1599 1284 1688 δή
1308 1609 1376 1666 τῶν
1398 1606 1571 1690 ήγεμόνων

313 1703 424 1781 οὐδεὶς
447 1705 522 1768 υέτε
551 1701 783 1790 προσεδόκησε
812 1706 955 1768 πώποτε
978 1704 1054 1768 οὔτε
1080 1703 1257 1783 ὑπέσχετο)
1278 1705 1380 1785 τιμάς
1401 1701 1571 1789 ὑπερβαλ-

314 1805 438 1883 λούσας
460 1804 592 1871 ἐδίδοτε
614 1809 682 1892 πρό
705 1803 837 1869 πολλοῦ
857 1813 916 1891 τῆς
939 1803 1074 1881 πόλεως
1089 1807 1308 1883 ἀπαντῶντες
1324 1805 1494 1893 πανδημεί
1514 1803 1710 1893 <ή><20581ἣ

277 1911 295 1970 5
320 1913 557 1995 περιμένοντες
579 1911 615 1972 ἐν
637 1913 769 1993 ἑτέραις
787 1904 926 1971 πόλεσι·
949 1915 1048 1971 τοῦτο
1066 1906 1150 1984 ἴσως
1164 1910 1290 1972 ἐννοεῖν
1313 1906 1419 1988 άξιον.
1456 1910 1571 1974 καίτοι
1593 1916 1622 1968 1ο

317 2019 465 2098 σμικρῶν
479 2017 666 2095 γενομένων
680 2013 737 2077 καί
752 2007 888 2086 οὐδενὸς
911 2006 1025 2088 ἀξίων,
1048 2013 1107 2073 τόν
1130 2007 1236 2094 ἄνδρα
1260 2013 1318 2074 τόν
1340 2017 1492 2094 γενναῖον
1513 2015 1572 2076 καί

314 2117 358 2201 μή
384 2115 519 2201 φθόνου
541 2116 598 2179 καί
619 2115 805 2196 βασκανίας
826 2116 949 2199 ήττονα
973 2115 1049 2176 τότε
1072 2114 1169 2198 ἐχρῆν
1193 2110 1300 2196 λέγειν
1323 2117 1377 2178 ότι
1401 2115 1571 2195 μαίνεσθε

314 2219 371 2280 καί
387 2222 590 2302 παρανοεῖτε
605 2219 769 2280 τοιοότων
781 2212 971 2296 ἐξεχόμενοι
985 2211 1119 2300 σφόδρα
1133 2215 1240 2290 οὕτως
1251 2218 1307 2278 καί
1318 2218 1572 2302 θεραπεύοντες

316 2321 525 2404 ἀνθρώπους
548 2320 635 2382 οὕτω
658 2320 841 2394 ταπεινοδς
863 2319 923 2382 ἐπί
944 2319 1141 2401 πράγμασιν
1169 2318 1246 2379 οὔτε
1277 2319 1473 2401 ἀναγκαίοις
1496 2320 1572 2382 οὔτε

315 2419 485 2504 μεγάλοις,
507 2422 690 2494 καὶταῦτα
713 2416 852 2505 ἀδήλοις
873 2420 926 2482 ἔτι
946 2421 1003 2482 καί
1024 2416 1128 2503 μηδὲν
1151 2421 1283 2499 ἐχσντες
1304 2421 1453 2503 βέβαιον.
1492 2411 1568 2482 ἀλλ’
1594 2428 1625 2480 20

318 2523 415 2605 οίμαι
441 2520 590 2604 χαλεπὸν
618 2525 679 2603 μέν
707 2519 747 2607 ήν
777 2523 893 2596 αὐτοῖς
919 2522 976 2584 καί
998 2523 1156 2584 δπωσυάν
1178 2526 1355 2604 γενόμενόν
1377 2545 1411 2586 τι
1433 2525 1573 2586 τούτων.

319 2627 356 2688 οδ
378 2629 444 2712 μήν
467 2627 594 2708 ὁμοίως
616 2621 736 2687 ἐλύπει
757 2627 796 2687 τό
819 2626 878 2687 τὸν
901 2620 994 2689 δεῖνα
1017 2626 1074 2689 καί
1094 2626 1153 2686 τόν
1176 2620 1269 2688 δεῖνα
1292 2618 1370 2708 [τῶν
1388 2619 1572 2713 ήγεμόνων]

319 2727 407 2792 εἶναι
429 2731 487 2792 τόν
510 2728 701 2813 ποιήσαντα
716 2728 773 2790 καί
788 2729 1017 2810 παρασχόντα,
1040 2729 1084 2812 μή
1101 2732 1169 2789 τῶν
1190 2730 1360 2812 ἡμετέρων
1374 2729 1451 2792 τινά
1475 2723 1574 2791 πολι·

319 2837 395 2894 τῶν.
446 2833 499 2894 ἐτι
526 2828 562 2894 δέ
590 2827 690 2906 ἐλπίς
717 2827 822 2915 ὑπῄει
849 2831 906 2893 καί
927 2826 1066 2913 ἐθελγεν
1096 2831 1218 2906 αδτοδς
1241 2831 1287 2906 αἰς
1310 2827 1474 2894 οὐδέποτε
1495 2823 1576 2912 (ἐν)

280 2930 516 3016 6γενομένων,
564 2934 678 2996 καίτοι
704 2935 761 2996 καί
788 2939 888 2996 τοῦτο
916 2933 1041 3019 ἀκήκοα
1072 2929 1209 2996 πολλῶν
1237 2933 1302 3015 ἐγὼ
1335 2930 1497 3014 λεγόντων
1526 2932 1574 3007 ὡς
1595 2940 1628 2992 26

320 3039 486 3120 πρότερον
502 3037 774 3120 ἀντιγράψαντος
789 3037 869 3119 περὶ
890 3043 949 3120 τῆς
972 3032 1172 3121 διοικήσεως
1199 3041 1267 3098 τῶν
1288 3038 1461 3120 ήγεμόνων
1483 3036 1577 3109 τινός

319 3139 376 3202 καί
397 3145 459 3200 τοῦ
479 3139 677 3222 πράγματος
700 3137 973 3217 ἀποτευχθέντος
996 3134 1120 3201 πολλοί
1140 3133 1326 3220 κατεγέλων
1348 3145 1409 3223 τῆς
1431 3134 1576 3213 πόλεως,

322 3241 360 3302 οδ
382 3247 449 3303 τῶν
471 3241 715 3322 ἀστυγειτόνων
737 3240 848 3323 (ήττον
869 3241 931 3323 γάρ
946 3235 1023 3322 (ἐν)
1038 3237 1078 3326 ήν
1094 3243 1132 3304 τό
1149 3237 1271 3317 δεινόν)
1286 3236 1372 3302 ἀλλά
1387 3246 1454 3302 τῶν
1477 3235 1576 3302 πολι-

408 3530 514 3598 έᾶίλα
532 3541 591 3596 πᾶν
607 3536 681 3594 UBT
783 3536 1006 3596 ἐεοείοεαδαωι
1030 3541 1121 3597 ταῦτα
1143 3531 1170 3596 δ’
1195 3528 1241 3597 δτι
1257 3538 1312 3609 μέν
1413 3542 1495 3597 sm
1512 3536 1576 3594 ιδδ.

321 3624 449 3681 Roianus
518 3619 652 3697 ήεεαλσεί
720 3625 835 3680 orama
853 3622 881 3676 M
942 3621 994 3695 τήν
1012 3617 1115 3682 οὐσίαν
1132 3623 1206 3680 UBT
1276 3623 1524 3697 ΊτηλικοδταινΤ

322 3707 414 3785 9πρδ
434 3714 487 3768 τοῦ
504 3724 554 3779 pro
572 3706 732 3783 πράτουλί
785 3713 817 3763 1⁰
835 3702 865 3765 δ’
882 3708 943 3764 αδδ.
956 3708 1063 3766 selden.
1118 3713 1146 3764 11
1167 3711 1254 3766 τοῦτο
1273 3707 1344 3778 libri,
1362 3725 1433 3766 corr.
1445 3709 1523 3779 Εωμ

322 3795 486 3867 ἐπιθυμεῖτε
504 3793 575 3860 libri,
593 3809 664 3850 corr.
682 3793 784 3850 Reinke
886 3791 1082 3867 ἐξηπατῆσθαι
1100 3793 1174 3858 libri,
1194 3809 1264 3850 corr.
1283 3795 1362 3865 Emp.
1469 3799 1500 3850 12
1518 3795 1578 3851 τῶν

321 3879 442 3940 λόιαιτῶν
458 3881 539 3954 Emp.
556 3883 617 3939 ταῖν
632 3875 783 3953 ἡγεμόνων
798 3879 862 3935 libri
948 3876 980 3951 δὴ
999 3894 1049 3934 om.
1069 3879 1091 3932 B
1168 3883 1227 3938 ταῖν
1244 3873 1395 3952 ἡγεμόνων
1410 3879 1501 3951 Emp..
1518 3881 1579 3936 τῶν

322 3967 444 4025 ἰδιωτῶν
459 3966 522 4022 h'brl
576 3970 608 4021 14
626 3959 811 4030 ἀπαντῶντες
829 3964 944 4028 Selden„
963 3954 1088 4030 ἅπαντας
1105 3963 1167 4020 libri
1217 3959 1236 4035 ἢ
1252 3963 1352 4031 εδάίδί,
1369 3967 1418 4021 καί
1435 3963 1543 4020 ealdan.

325 4059 356 4108 15
374 4048 489 4118 τούτοις
500 4045 542 4118 ὥς
552 4051 617 4107 libri
630 4067 699 4107 τοτε.
711 4051 789 4121 Emp.
845 4055 875 4104 1⁷
892 4049 1049 4119 μαίνεσθαι
1067 4049 1097 4104 Μ
1113 4049 1238 4119 μένεσθε
1255 4048 1326 4105 Um.
1338 4064 1381 4120 pr.
1434 4052 1466 4104 18
1484 4049 1578 4105 τοιοῦ-

323 4154 377 4193 τον
394 4133 417 4190 U
435 4149 470 4189 m.
489 4149 531 4204 pr.
601 4123 720 4191 οδεωΒ
792 4134 823 4186 19
841 4134 983 4198 ταπεινῶς
999 4130 1051 4188 UT
1120 4135 1153 4188 20
1171 4127 1293 4204 ἔχοντας
1309 4138 1336 4199 (ι
1353 4149 1423 4191 corr.
1440 4148 1578 4205 superfla.

323 4223 397 4288 ουσι)
414 4218 439 4275 U
457 4213 596 4292 ἔχουσιΤ
682 4221 715 4271 22
734 4236 769 4275 το
788 4231 841 4273 om.
859 4216 889 4270 M
974 4218 1024 4272 καί
1041 4210 1095 4274 τὸν
1112 4221 1190 4275 δεῖνα
1208 4233 1260 4274 om.
1279 4218 1354 4275 UBT
1441 4223 1499 4276 τῶν
1515 4213 1580 4290 ήγε·

321 4301 422 4375 μόνων
439 4304 492 4360 δελ.
510 4302 591 4373 Eup.
677 4306 711 4357 24
728 4299 857 4374 έθέλγειν
873 4300 903 4355 Μ
981 4297 1019 4358 ἐν
1035 4301 1098 4357 add.
1116 4301 1205 4373 Emp„
1223 4304 1313 4374 pouit
1327 4305 1409 4361 otium
1426 4301 1579 4377 γενησομέ-

323 4410 382 4447 νων
434 4392 467 4444 26
485 4386 653 4466 πρᾳότερον
669 4385 725 4443 ΜΤ
742 4383 918 4461 πρααίτερον
934 4386 959 4443 B
977 4377 1147 4460 πραότερον
1164 4383 1191 4454 (α’
1210 4403 1244 4444 ex
1263 4391 1297 4457 ω)
1315 4388 1341 4447 U
1358 4404 1428 4446 corr.
1446 4388 1527 4459 Emp.

323 4478 357 4530 28
374 4468 412 4532 ἐν
429 4475 490 4530 αδδ.
509 4472 607 4544 Ρδαςίτ
682 4475 770 4532 τοῦτο
787 4488 837 4544 pro
856 4491 890 4529 το
910 4471 990 4542 Emp.
