3520 5270
325 359 387 418 134
809 353 931 410 DIONIS
948 354 1084 411 NESSUS

322 542 436 618 ἕτερον
462 535 553 619 ῆκεις
582 528 769 611 ξύμμαχον,
799 522 901 593 αὐτόν
927 550 964 593 τι
992 531 1124 613 ἀπορον
1153 532 1209 592 καί
1237 532 1361 615 ἔρημον
1388 528 1498 616 φίλων
1520 535 1581 595 έπί

323 634 425 723 τῆσδε
453 643 513 720 τῆς
535 636 636 719 ἀκτῆς
658 635 876 716 ἐρριμμένον,
905 630 1071 717 γλίσχρως
1092 634 1150 696 καί
1169 631 1269 713 μόλις
1291 635 1361 697 ἀπό
1385 632 1491 698 τῶνδε
1512 641 1582 698 τῶν

322 735 431 816 τόξων
453 731 636 820 πορίζοντα
658 737 715 798 καί
736 737 867 821 τροφήν
888 737 945 797 καί
966 735 1108 821 έσθῆτα,
1133 737 1179 811 ὡς
1195 735 1285 820 δρᾷς.
1323 737 1422 821 ἢγάρ
1437 733 1477 822 ἦν
1499 741 1581 824 ἡμῖν

214 873 217 879 ·
322 842 432 926 έσθης
455 832 629 922 πρότερον,
652 838 720 900 ύπδ
743 845 806 899 τού
823 832 945 920 χρόνου
967 834 1149 900 ἀνάλωται.
1194 840 1225 900 εί
1248 836 1284 901 δὲ
1309 836 1347 923 δὴ
1380 831 1475 902 τοῦδ’
1501 841 1581 903 ίθε·

325 939 439 1028 λήσεις
460 944 633 1003 κοινωνεῖν
662 947 725 1002 τοῦ
751 940 828 1021 βίου
849 929 934 1019 μεθ’
959 943 1053 1023 ημῶν
1075 938 1217 1018 ένθάδε,
1247 945 1312 1017 έως
1339 943 1381 1004 ἀν
1403 947 1500 1026 ἑτέρα
1525 955 1619 1006 σοιύ

326 1048 510 1128 παραπέσῃ
544 1043 694 1128 σωτηρία
718 1043 847 1120 ποθέν,
879 1033 938 1104 οὐκ
966 1043 1007 1105 ἀν
1031 1043 1233 1127 φθονοῖμεν.
1283 1041 1424 1130 δυσχερῆ
1452 1064 1489 1127 γε
1516 1047 1583 1131 μην

325 1145 448 1210 τάνδον
482 1147 651 1230 δράματα,
686 1143 713 1206 ὦ
750 1141 838 1222 ξένε,
873 1141 1063 1224 τελαμῶνές
1095 1165 1131 1207 τε
1160 1141 1176 1178 *
1205 1142 1372 1209 ἀνάπλεοι
1403 1147 1460 1208 καί
1491 1143 1707 1212 ὀλλαιωεεσι

328 1254 451 1335 σημεῖα
472 1255 532 1332 τῆς
554 1249 673 1310 νόσου·
703 1247 803 1322 αότός
825 1267 863 1309 τε
885 1248 944 1326 ούχ
965 1244 1047 1332 ἡδύς
1070 1243 1309 1329 ξυγγενέσθαι,
1332 1251 1412 1311 όταν
1434 1252 1454 1335 η
1479 1246 1581 1334 ὀδύνη

327 1356 518 1435 προσπέσῃ.
562 1352 676 1412 καίτοι
699 1346 872 1434 λελώφηκε
893 1347 941 1432 τῷ
961 1353 1069 1435 χρόνῳ
1093 1352 1132 1412 τό
1157 1345 1245 1411 πολύ
1268 1358 1327 1436 τῆς
1355 1352 1473 1428 νόσου,
1503 1346 1580 1415 κατ’

328 1456 432 1540 ἀρχάς
454 1451 490 1516 δὲ
515 1450 671 1533 οὐδαμῶς
693 1452 830 1527 ἀνεκτός
851 1448 900 1536 ἦν.
1611 1464 1638 1515 10

554 1974 626 2052 (43)
655 1969 898 2054 ΝΕΣΣΟΣ
925 1971 970 2052 Η
1001 1970 1379 2056 ΔΗΙΑΝΕΙΡΑ.
1598 1995 1691 2044 ‹am›

908 2142 1005 2156 -ι-ῠ

292 2276 307 2336 1
412 2256 515 2346 Ἔχεις
536 2286 597 2347 μοι
620 2261 719 2328 λύσαι
741 2268 865 2350 ταύτην
886 2267 946 2351 την
968 2266 1135 2348 ἀπορίαν,
1165 2269 1310 2350 πότερον
1332 2265 1472 2345 δικαίως
1494 2271 1588 2352 έγκα·

330 2367 445 2432 λοῦσιν
474 2370 509 2430 οί
534 2371 595 2449 μὲν
623 2367 671 2450 τῷ
691 2357 889 2450 Ἀρχιλόχῳ,
921 2368 956 2428 οί
985 2365 1021 2430 δέ
1049 2365 1097 2450 τῷ
1119 2365 1294 2453 Σοφοκλεῖ
1311 2373 1390 2453 περί
1412 2378 1479 2434 τῶν
1501 2373 1587 2434 κατά

329 2474 388 2535 τόν
410 2475 545 2534 Νέσσον
566 2472 622 2532 καί
643 2471 703 2555 την
718 2472 925 2555 Δηιάνειραν
947 2470 967 2554 ἢ
993 2470 1051 2545 οό;
1074 2471 1161 2555 φασί
1174 2470 1237 2552 γάρ
1261 2472 1296 2532 οί
1316 2473 1378 2551 μέν
1399 2475 1459 2534 τόν
1477 2464 1587 2557 Ἀρχί-

331 2569 428 2653 λοχον
452 2569 572 2658 ληρεῖν,
595 2579 760 2638 ποιοῦντα
783 2573 842 2656 τήν
863 2573 1071 2656 Δηιάνειραν
1093 2573 1129 2634 έν
1150 2570 1198 2653 τῳ
1221 2567 1408 2652 βιάζεσθαι
1434 2575 1503 2636 ύπό
1525 2583 1588 2637 τοῦ

330 2677 523 2759 Κενταύρου
547 2676 634 2757 πρός
656 2676 715 2736 τόν
732 2664 895 2755 Ἡρακλέα
918 2670 1159 2757 ῥαψῳδοῦσαν,
1182 2672 1503 2759 ἀναμιμνῄσκουσαν
1524 2686 1586 2762 της
1611 2688 1639 2739 15

330 2786 391 2843 τού
414 2771 580 2860 Ἀχελῴου
605 2777 789 2862 μνηστείας
815 2778 873 2839 καί
902 2782 969 2838 τῶν
997 2778 1074 2838 τότε
1103 2781 1307 2857 γενομένων·
1341 2779 1428 2841 ὥστε
1457 2775 1588 2865 πολλὴν

332 2878 452 2968 σχολὴν
474 2879 563 2943 εἶναι
584 2877 632 2961 τῴ
649 2882 771 2960 Νέσσῳ
795 2881 859 2955 ό,τι
880 2874 1039 2959 ἐβούλετο
1063 2875 1205 2962 πρᾶξαι·
1230 2880 1264 2940 ol
1287 2876 1322 2942 δὲ
1338 2882 1397 2942 τόν
1411 2878 1588 2966 Σοφοκλέα

331 2987 398 3069 πρό
422 2990 484 3046 τού
502 2989 624 3065 καιροῦ
645 2984 870 3066 πεποιηκέναι
892 2982 952 3065 την
973 2976 1118 3057 τοξείαν,
1142 2978 1388 3062 διαβαινόντων
1404 2983 1514 3045 αὐτῶν
1536 2985 1589 3047 έτι

330 3089 390 3149 τόν
412 3086 583 3165 ποταμόν·
607 3084 714 3157 ούτως
735 3083 798 3165 γάρ
821 3083 862 3144 ἀν
884 3083 1015 3168 κοίτην
1030 3084 1237 3167 Δηιάνειραν
1253 3081 1462 3162 ἀπολέσθαι,
1485 3086 1590 3172 ἀφέν·

330 3207 390 3263 τος
411 3195 473 3250 τού
494 3188 696 3270 Κενταύρου.
741 3181 826 3246 ἀλλά
848 3186 911 3269 μή,
939 3184 1100 3268 καθάπερ
1124 3182 1269 3262 είωθας,
1302 3183 1389 3248 πολύ
1412 3188 1506 3272 παρά
1527 3190 1588 3272 τὴν
1611 3200 1642 3251 κο

291 3297 311 3359 2
334 3287 437 3368 δόξαν
460 3287 611 3371 λέγεκαὶ
633 3287 744 3348 πάντα
766 3283 896 3366 μᾶλλον
917 3287 936 3371 ἢ
961 3289 980 3348 ό
1001 3305 1055 3361 τις
1077 3287 1118 3349 άν
1141 3287 1289 3372 οίηθείη.
1314 3321 1352 3330 -
1369 3291 1410 3351 Δ.
1430 3269 1504 3373 Ἆρ’
1531 3289 1590 3352 οὖν

331 3390 478 3467 κελεύεις
504 3411 547 3471 με
574 3391 679 3452 ταύτά
710 3405 766 3451 σοι
795 3385 902 3472 λέγειν
930 3390 952 3450 ά
980 3409 1033 3464 τις
1062 3389 1103 3450 ἀν
1134 3389 1271 3474 οἰηθείη
1296 3391 1413 3473 ὀρθῶς
1435 3392 1591 3471 οἰόμενος

332 3483 354 3580 ἢ
377 3497 399 3556 ά
420 3514 473 3569 τις
494 3494 535 3556 ἀν
556 3494 614 3555 καί
634 3495 680 3578 με)
704 3492 821 3575 ὀρθῶς
829 3513 840 3566 ;
862 3480 1001 3574 -Ἐγὼ
1024 3493 1086 3571 μὲν
1110 3493 1131 3552 ά
1154 3493 1195 3553 άν
1217 3513 1270 3567 τις
1293 3493 1410 3575 ὀρθῶς
1426 3496 1589 3574 οἰόμενος.

332 3629 376 3642 -
396 3600 437 3660 Δ.
457 3598 501 3658 Τί
515 3595 573 3658 οόν
595 3588 652 3676 (ά)
674 3595 709 3656 ολ
731 3590 855 3656 πολλοί
876 3595 1062 3677 ἀνθρωττοι
1078 3588 1276 3671 δοξάζουσιν
1284 3615 1296 3670 ;
1318 3593 1383 3676 ἆρά
1406 3614 1442 3676 γε
1464 3596 1588 3680 ἀνάγκη
1604 3607 1728 3658 (meum

332 3703 391 3763 τόν
419 3696 623 3781 βουλόμενον
652 3698 769 3782 ὀρθῶς
797 3693 999 3781 ἐξηγεῖσθαι
1027 3696 1120 3780 παρά
1149 3697 1208 3780 τήν
1238 3692 1339 3773 δόξαν
1362 3703 1429 3758 τῶν
1452 3693 1589 3760 πολλῶν
1612 3709 1643 3760 κύ

335 3799 459 3885 λέγειν;
486 3833 528 3846 -
554 3791 705 3885 Ἀνάγκη.
735 3833 778 3842 -
804 3802 846 3862 Δ.
877 3800 936 3884 Μὴ
971 3797 1029 3860 οόν
1053 3794 1223 3872 δυσκόλως
1251 3793 1505 3882 ἀκολουθήσῃς,
1532 3799 1592 3860 έάν

341 3953 461 3962 ——..-·-
989 3949 1196 3956 .-.--.——-.—..-
1217 3949 1361 3956 --——-.

417 4010 557 4076 ίάιιόΰ
648 4009 793 4088 ἡνάλωται
811 4015 860 4072 UB
964 4011 1150 4085 ἀφθάνομεν
1167 4014 1197 4069 Μ
1301 4009 1435 4078 ’ίέλιιους
1451 4004 1594 4071 ἀνάπλεοι

335 4106 415 4177 Emp.
433 4120 467 4160 οι
484 4103 544 4160 eod.
563 4102 591 4170 8,
609 4103 683 4172 quod
700 4101 766 4157 ferri
783 4116 839 4156 non
857 4103 948 4169 potest
1043 4097 1155 4164 Νέσσος
1172 4101 1222 4155 καί
1240 4093 1393 4170 Δηιάνειρα
1411 4097 1525 4153 Photius

336 4197 367 4246 15
386 4185 627 4262 άναμνῄοκουσαν
644 4187 669 4244 U
687 4181 928 4257 άναμνὴσκουσαν
944 4182 976 4239 Μ
1052 4186 1082 4237 w
1100 4179 1192 4254 πυλὴν
1211 4182 1234 4238 U
1252 4198 1287 4239 m.
1305 4197 1347 4253 pr.
1431 4187 1461 4239 18
1478 4181 1526 4240 ὀπί
1542 4199 1594 4254 pro

334 4272 377 4335 ἔτι
394 4275 443 4332 UB
514 4279 545 4328 19
563 4264 677 4332 οίτωΒ
730 4274 762 4325 20
780 4267 888 4336 είωθας
905 4267 1011 4337 scripsi,
1029 4263 1116 4326 εἴωθε
1128 4267 1191 4322 libri
1260 4271 1289 4322 21
1311 4267 1377 4340 λέγε
1393 4267 1501 4338 scripsi,
1518 4266 1594 4340 λέγει

336 4361 366 4415 Μ
383 4361 475 4432 λέγων
491 4358 550 4427 UB,
567 4359 634 4432 λέγῃ
653 4357 763 4414 (διάλυε
849 4358 882 4409 22
899 4373 950 4423 μοι
967 4368 1019 4423 pro
1035 4371 1072 4422 με
1090 4351 1138 4408 UB
1230 4351 1341 4426 οἰηθείη
1359 4383 1392 4394 -
1409 4355 1443 4408 2³
1461 4343 1481 4411 ά
1499 4373 1541 4419 τις
1558 4348 1596 4409 άν

334 4462 387 4504 om.
405 4445 432 4502 U
501 4449 533 4500 2³
551 4440 588 4502 ἀν
605 4459 658 4500 om.
676 4443 726 4500 ΠΒ
796 4444 830 4495 24
847 4433 867 4498 ά
884 4437 984 4507 ιάδὶδί,
1002 4437 1074 4508 quod
1091 4437 1198 4494 videtur
1215 4437 1354 4508 νιάίὶεειος
1372 4439 1399 4498 εί
1415 4437 1444 4498 οί
1461 4457 1490 4495 α.
1509 4431 1595 4510 άνόρ.

332 4529 373 4605 μὴ
390 4527 491 4605 ὀρθῶς
508 4525 683 4598 δοξάζουσιν,
700 4517 759 4600 άρα
777 4525 858 4596 Emp.
929 4528 961 4580 25
979 4523 1032 4597 τὴν
1049 4529 1113 4582 unte
1129 4529 1188 4582 τῶν
1204 4523 1265 4582 add.
1282 4524 1308 4582 U
