3466 5268
340 357 380 417 46
755 357 879 414 DIONIS
897 356 948 413 DE
967 356 1178 414 CONCORDIA

339 540 464 611 νοῦσιν,
489 527 559 597 ἅδ’
580 536 622 598 ἀν
637 535 678 597 ἀν
699 535 744 620 μη
768 533 953 610 πείθωσιν,
976 533 1129 613 εδχονται
1150 538 1225 609 τοῖς
1245 533 1345 609 δεοῖς
1367 535 1453 618 ὑπὲρ
1476 533 1597 596 αὐτῶν.

339 635 478 716 εόχομαι
502 632 541 721 δὴ
564 635 612 719 τῷ
635 657 670 698 τε
693 637 850 717 Διονύσῳ
875 633 922 718 τῷ
946 638 1144 720 προπάτορι
1166 631 1268 722 τῆσδε
1296 643 1356 721 τῆς
1386 632 1520 710 πόλεως
1540 637 1600 699 καί
1718 647 1719 692 ί

334 729 495 822 Ἡρακλεῖ
511 737 559 822 τῷ
582 741 736 802 κτίσαντι
757 735 856 822 τήνδε
878 733 937 822 τὴν
960 734 1061 802 πόλιν
1083 740 1139 801 καί
1160 738 1222 800 Διί
1243 734 1372 801 Πολιεῖ
1387 740 1444 800 καί
1462 726 1596 822 Ἀθηνᾷ

336 841 392 903 καί
416 831 601 927 Ἀφροδίτῃ
626 838 732 925 Φιλίᾳ
760 842 816 904 καί
840 829 1000 924 Ὁμονοίᾳ
1027 843 1084 904 καί
1111 843 1259 920 Νεμέσει
1293 841 1445 915 καὶτοῖς
1475 836 1596 916 ἀλλοις

338 943 438 1018 δεοῖς
460 945 530 1007 ἀπό
553 941 655 1030 τῆσδε
684 953 743 1029 τῆς
770 948 898 1030 ἡμέρας
924 941 1005 1028 τῇδε
1037 951 1079 1030 τῇ
1113 940 1214 1006 πόλει
1242 943 1358 1005 πόθον
1387 946 1508 1027 έαυτης
1535 943 1634 1022 &pt-5

337 1042 454 1128 βαλεῖν
484 1049 540 1109 καί
573 1048 682 1132 ἔρωτα
710 1048 767 1109 καί
800 1048 882 1126 μίαν
916 1048 1049 1132 χνώμην
1083 1047 1140 1108 καί
1175 1045 1280 1107 ταιίτά
1315 1040 1506 1125 βούλεσθαι
1539 1045 1599 1106 καί

339 1154 492 1234 φρονεῖν,
523 1152 643 1212 στάσιν
674 1145 709 1212 δὲ
735 1151 792 1212 καί
814 1145 910 1233 ἔριδα
932 1149 989 1211 καί
1012 1144 1205 1234 φιλονικίαν
1227 1142 1397 1227 ἐκβαλεῖν,
1427 1148 1474 1222 ὡς
1496 1147 1537 1208 ἀν
1561 1148 1598 1210 έν
1613 1157 1706 1212 (1861)

338 1255 415 1326 ταῖς
438 1247 759 1331 εὐδαιμονεστάταις
781 1253 837 1315 καί
860 1253 1017 1333 ἀρίσταις
1038 1231 1060 1336 ᾖ
1084 1248 1207 1312 πόλεσι
1229 1251 1267 1311 τό
1292 1245 1423 1312 λοιπόν.

869 1522 947 1528 ---
958 1521 1069 1528 -n--.-.

340 1826 415 1906 (23)
429 1821 506 1904 EN
520 1821 623 1904 ΤΗΙ
638 1820 1155 2008 ΠΑΤΡΙιὲΜΙῦΡΙΙἿΡδΙᾞΑΙΣλΣ
1169 1821 1315 1905 ΠΡΟΣ
1335 1821 1595 1908 ΑΠΑΜΕΙΣ
1609 1839 1720 1892 ‹1me

303 2223 316 2284 1
428 2195 598 2283 Ἐνόμιζον
620 2207 697 2283 μέν,
729 2198 899 2286 ὧδνδρες
922 2198 1080 2280 πολῖται,
1109 2209 1166 2264 νῦν
1188 2209 1283 2284 χοῦν,
1314 2203 1345 2264 εί
1365 2203 1422 2266 καί
1444 2204 1488 2288 μη
1517 2205 1603 2286 πρό-

343 2327 457 2391 τερον,
492 2302 585 2383 ἀξειν
619 2307 678 2391 την
712 2305 851 2365 ἅπασαν
883 2306 1040 2386 ἡσυχίαν,
1075 2301 1171 2389 δεῦρο
1205 2307 1427 2391 ἀφικόμενος,
1463 2305 1520 2367 καί
1551 2305 1598 2390 μη
1623 2313 1652 2365 1⁰

345 2409 599 2495 προσάψεσθαι
636 2409 719 2492 μήτε
753 2407 837 2468 έκών
869 2408 953 2492 μήτε
990 2409 1081 2469 ἀκων
1118 2404 1263 2492 μηδενός
1295 2413 1412 2470 κοινον·
1444 2408 1600 2489 πράγμα-

344 2533 419 2590 τος,
456 2501 504 2573 δι’
537 2511 571 2572 έν
599 2511 661 2590 μὲν
692 2511 745 2571 ότι
771 2511 829 2571 καί
857 2504 1006 2584 πολλοὺς
1034 2511 1101 2594 δρῶ
1134 2512 1193 2572 σόν
1221 2513 1294 2584 τοῖς
1323 2509 1422 2584 θεοῖς
1450 2509 1504 2572 ἀεί
1532 2515 1602 2572 τῶν

346 2613 585 2699 πρεσβυτέρων
606 2613 663 2674 καί
685 2617 752 2674 τῶν
774 2615 945 2695 νεωτέρων
967 2607 1193 2692 βουλομένους
1214 2613 1270 2675 καί
1299 2608 1502 2692 δυναμένους
1523 2613 1602 2674 έπι·

347 2717 527 2800 τροπεύειν
549 2709 610 2800 τὴν
633 2710 735 2776 πόλιν
756 2715 812 2776 καί
835 2715 1074 2798 προΐστασθαι
1096 2720 1163 2777 τῶν
1184 2717 1352 2798 ὑμετέρων
1382 2714 1498 2798 ὀρθῶς
1524 2713 1601 2776 οδτε

341 2825 403 2880 τοῦ
431 2814 538 2899 λέγειν
568 2816 644 2879 οότι
674 2823 735 2878 τοῦ
756 2817 918 2900 πράττειν
941 2814 1064 2892 ἐνδεῶς
1086 2817 1240 2896 ἔχοντας,
1270 2818 1322 2879 ότι
1351 2813 1387 2880 δέ
1416 2823 1476 2901 τῆς
1507 2805 1594 2898 παρ’
1620 2827 1649 2877 15

342 2921 420 3000 ὑμῖν
438 2916 615 2994 πολιτείας
630 2919 813 3003 ἐμπείρους
829 2919 938 2996 όντας,
961 2920 1020 2999 ἐμὲ
1038 2916 1074 2982 δὲ
1092 2919 1312 2982 ὑπώπτευον·
1335 2921 1374 2982 τό
1390 2919 1453 3004 γάρ
1469 2915 1600 3002 ἀληθὲς

301 3020 320 3082 2
344 3024 531 3107 εἰρήσεται·
553 3021 768 3104 βαρύνεσθαί
789 3041 883 3097 τινας
906 3023 953 3096 ὡς
976 3018 1069 3098 ξένον
1088 3009 1151 3084 Ικαί
1167 3025 1341 3107 περιττόν·
1363 3023 1484 3086 ἔπειτα
1501 3019 1600 3102 οἶμαι

341 3124 482 3186 καὶτοῦ
504 3125 661 3202 σώματος
685 3120 760 3186 δίον
783 3124 1005 3208 ποιήσασθαί
1026 3145 1101 3187 τινα
1124 3127 1304 3210 πρόνοιαν,
1335 3126 1371 3186 έκ
1393 3121 1522 3211 πολλῆς
1542 3125 1601 3188 καί

345 3233 500 3305 συνεχοῦς
515 3221 752 3309 ταλαιπωρίας
767 3226 1002 3310 ἀπειρηκότος,
1016 3227 1073 3289 καί
1087 3233 1154 3288 τῶν
1171 3227 1250 3310 περί
1264 3222 1324 3312 τὴν
1340 3227 1459 3303 οίκίαν,
1474 3223 1599 3311 κομιδῇ

344 3324 484 3414 φαύλως
501 3324 729 3407 διακειμένων,
750 3329 949 3390 άτοσοῦτον
964 3325 1169 3391 ἀπολωλότα
1183 3332 1303 3411 χρόνον
1320 3325 1477 3410 οδδεμιοῖς
1492 3331 1596 3391 ἐπαν·
1618 3336 1651 3388 20

345 3430 530 3515 ορθώσεως
559 3433 742 3516 τετύχηκεν.
792 3433 879 3493 ὅπου
902 3432 964 3517 γάρ
988 3428 1165 3516 ἀποδημία
1191 3428 1359 3494 δεσπότου
1377 3432 1601 3515 χρονίσαντος

347 3534 440 3620 ίκανη
466 3531 672 3620 διαφθεῖραι
694 3534 751 3596 καί
772 3536 833 3620 τὴν
853 3536 1014 3620 μεγίστην
1044 3535 1179 3612 οάσίαν,
1209 3535 1245 3596 τί
1262 3535 1324 3618 χρὴ
1349 3530 1541 3617 προσδοκᾶν
1563 3535 1601 3596 έν

345 3639 523 3711 τοσούτοις
545 3636 637 3699 ἔτεσι
660 3645 767 3722 φυχῆς
773 3658 785 3712 ,·
809 3637 892 3699 όόεν
916 3633 1025 3713 οόδείς
1041 3639 1082 3700 ἀν
1098 3633 1350 3721 προσεδόκησεν
1365 3637 1424 3718 έμί
1442 3636 1601 3722 σωθῆναι

342 3740 447 3820 χωρίς
460 3741 553 3820 ὑμῶν
569 3729 617 3801 δι’
636 3740 769 3815 εὐνοίας
783 3736 983 3825 ὑπερβολήν.
1019 3740 1140 3826 καίτοι
1146 3744 1245 3824 μέχρι
1259 3741 1320 3820 μέν
1335 3741 1463 3825 ὑπῆρχε
1479 3739 1602 3812 πενίας

346 3837 498 3916 κίνδυνος
525 3845 621 3926 ημῖν,
651 3838 747 3904 οὐδέν
768 3837 809 3926 ἦν
832 3837 951 3904 δεινόν.
1003 3842 1040 3902 οδ
1068 3844 1131 3926 χάρ
1154 3843 1226 3923 είμι
1248 3843 1335 3925 πρός
1357 3848 1457 3904 τοῦτο
1478 3836 1597 3921 άμελέ·
1619 3849 1652 3900 25

345 3961 446 4026 τητος
476 3939 609 4021 σχεδόν,
643 3950 806 4007 τοσοῦτον
833 3946 954 4027 χρόνον
983 3939 1174 4029 πλανηθείς
1202 3945 1241 4006 οδ
1269 3947 1373 4024 μόνον
1402 3946 1518 4019 ἀοικος
1545 3944 1604 4006 καί

347 4043 519 4121 ἀνέστιος,
543 4039 628 4106 ἀλλὰ
649 4041 734 4130 μηδέ
757 4043 948 4109 ἀκόλουθον
971 4049 1028 4109 ένα
1056 4055 1135 4128 γοῦν
1156 4048 1375 4129 έπαχόμενος.
1428 4048 1467 4109 οδ
1489 4049 1603 4110 τοίνυν

1030 4191 1146 4198 —-—

431 4263 446 4314 2
464 4254 500 4317 τὸ
518 4275 569 4330 pro
581 4262 624 4336 τῷ
635 4258 660 4316 U
672 4275 706 4316 m.
718 4276 760 4331 pr.
828 4265 846 4316 ⁴
863 4252 1006 4336 ἀφροδίτη
1018 4263 1098 4340 φιλίη
1110 4261 1222 4329 UBMT,
1241 4257 1310 4338 α’φρ.
1321 4266 1370 4322 καί
1382 4265 1461 4342 φιλίη
1471 4263 1551 4333 vulgo

346 4342 496 4412 νεμέσοιΤ
564 4343 747 4412 δέοντοῖςΤ
816 4345 967 4416 9μὲνσσι.
981 4345 1053 4404 UBT
1123 4351 1154 4402 10
1173 4344 1280 4416 έξεινΒ
1340 4353 1368 4404 11
1389 4345 1605 4422 προσάψασθαι

345 4427 417 4496 libri,
435 4443 505 4487 corr.
522 4429 602 4501 Emp.
658 4434 689 4486 12
707 4425 738 4502 δὴ
757 4443 808 4499 pro
826 4421 920 4489 ἀείΜ
974 4437 1005 4488 19
1023 4433 1214 4505 συνεχοῦσιΜ
1267 4438 1296 4488 21
1317 4430 1557 4508 χρονὴσαντοςΒ

347 4517 379 4567 22
397 4515 446 4570 καί
463 4529 514 4570 om.
533 4514 563 4568 Μ
632 4519 664 4570 22
683 4509 833 4583 ἀναίστιος
849 4515 879 4571 Μ
