3526 5264
336 353 400 412 228
605 354 731 414 moms
748 355 802 411 DE
819 353 1029 412 SERVITUTE
1046 354 1097 410 ΕΤ
1112 355 1328 411 LIBERTATE

335 529 393 591 καί
415 528 611 592 πείθεσθαι
625 528 673 612 τῷ
695 533 834 615 ήγεμόνι
856 537 918 593 τοῦ
928 538 1042 614 χοροῦ,
1064 532 1122 592 καί
1136 534 1213 593 τότε
1228 531 1399 614 ἀρχεσθαι
1420 531 1476 592 καί
1492 531 1597 592 παύε-

339 629 427 692 σθαι
442 620 569 713 ᾄδοντα
592 633 724 694 δπόταν
745 634 872 708 ἐκεῖνος
893 629 1043 717 κελεύσῃ,
1067 633 1206 718 αίσχρδν
1224 633 1314 695 εἶναι
1333 634 1391 696 καί
1413 628 1598 717 δουλοπρε-

294 735 315 798 ό
338 736 412 810 πύς,
437 733 495 794 ούκ
516 734 558 795 ἀν
582 731 680 813 οἶμαι
701 730 872 816 δμολογοῖ.
918 731 996 797 ούδέ
1019 733 1055 797 εί
1078 755 1132 810 τις
1153 736 1350 820 ἐρωτήσειε,
1381 731 1529 798 πλέοντα
1551 738 1596 824 μή

337 828 529 920 φροντίζειν
558 842 621 897 τοῦ
646 835 847 922 κυβερνήτου
875 833 961 923 μηδὲ
989 841 1103 899 ποιεῖν
1126 828 1201 898 ἅττ’
1227 838 1268 900 ἀν
1290 839 1417 912 ἐκεῖνος
1439 835 1537 920 εἴπῃ,
1566 838 1599 900 εί

335 936 374 997 τό
391 943 547 999 τοιοῦτον
562 934 760 1021 ἐλευθέριον
777 937 905 1001 οἴοιτο·
929 938 1003 1001 οίον
1016 935 1237 1014 κελεύσαντος
1250 939 1434 1026 καθῆσθαι
1455 941 1596 1002 ἑστάναι
1617 955 1633 1006 ι

337 1039 373 1101 ἐν
397 1046 439 1124 τῃ
461 1041 526 1124 νηί,
549 1040 591 1103 ἀν
614 1039 705 1123 αύτῷ
728 1034 797 1127 [μή]
819 1043 911 1126 ἐπίῃ,
934 1042 996 1103 κάν
1016 1037 1155 1126 κελεύσῃ
1179 1039 1311 1105 ἀντλεῖν
1333 1061 1418 1105 ποτε
1439 1043 1460 1127 ῆ
1485 1038 1598 1104 συνέλ-

335 1159 406 1203 κειν
421 1141 463 1202 τά
480 1143 584 1220 ίστία,
606 1134 687 1228 μήτ’
705 1140 871 1230 ἀντλῆσαι
884 1135 975 1228 μήθ’
1002 1145 1168 1227 ἅψασθαι
1190 1152 1258 1208 τῶν
1277 1141 1399 1222 κάλων,
1422 1139 1500 1206 ούδέ
1523 1152 1599 1207 τοῦ·

337 1263 396 1306 τον
427 1241 525 1308 είπυι
554 1246 596 1308 ἀν
624 1242 807 1332 ἐλεύθερον
837 1244 913 1309 οὐδὲ
937 1243 1100 1332 ζηλωτόν,
1129 1250 1183 1310 ότι
1205 1249 1350 1331 πράττει
1371 1247 1413 1308 τά
1436 1243 1598 1309 δοκοῦντα

295 1355 317 1419 6
340 1344 442 1428 αύτῷ.
485 1349 542 1410 καί
568 1350 634 1433 μήν
662 1351 742 1424 τούς
768 1369 805 1431 γε
835 1351 1046 1434 στρατιώτας
1073 1350 1131 1412 οὐκ
1161 1351 1202 1412 ἀν
1226 1350 1311 1436 φαίη
1336 1346 1478 1424 δούλους
1499 1347 1598 1427 εἶναι,

338 1446 429 1513 διότι
456 1451 605 1535 ὑπήκοοί
633 1452 703 1513 είσι
730 1458 793 1514 τοῦ
821 1459 1024 1537 στρατηγοῦ,
1053 1455 1111 1515 καί
1137 1455 1214 1515 τότε
1244 1453 1444 1516 ἀνίστανται
1466 1454 1597 1515 ὁπόταν
1619 1465 1648 1517 10

337 1554 464 1626 ἐκεῖνος
488 1549 678 1637 προστάξῃ,
706 1554 764 1615 καί
795 1558 890 1615 σῖτον
919 1555 1095 1636 αἱροῦνται
1119 1556 1177 1617 καί
1198 1551 1289 1617 όπλα
1313 1551 1523 1636 λαμβάνουσι
1544 1555 1602 1617 καί

339 1655 618 1737 παρατάττονται
639 1657 696 1718 καί
710 1656 832 1718 ἐπίασι
853 1657 911 1719 καί
925 1656 1158 1740 ἀναχωροῦσιν
1175 1657 1233 1720 ούκ
1248 1653 1393 1743 ἀλλωςῆ
1417 1664 1480 1719 τοῦ
1501 1673 1601 1740 στρα-

339 1763 444 1842 τηγοῦ
469 1753 705 1832 κελεύσαντος·
736 1753 815 1819 ούδί
841 1777 878 1839 γε
906 1759 986 1833 τούς
1007 1759 1212 1838 κάμνοντας,
1242 1761 1296 1821 ότι
1317 1759 1507 1823 πείθονται
1527 1763 1602 1834 τοῖς

299 1865 319 1932 7
341 1859 483 1941 ἰατροῖς,
509 1857 548 1919 οό
567 1854 624 1920 διά
639 1865 739 1920 τοῦτο
756 1860 908 1944 φήσουσι
923 1855 1065 1936 δούλους
1087 1859 1195 1923 εἶναι·
1219 1861 1333 1924 καίτοι
1356 1861 1395 1924 οό
1419 1863 1542 1944 σμικρά
1564 1880 1601 1943 γε

340 1958 416 2024 ούδέ
446 1953 550 2048 ῥᾴδια
574 1960 761 2024 πείθονται
788 1962 920 2039 αύτοῑς,
950 1959 1035 2024 ἀλλά
1064 1964 1121 2026 καί
1143 1971 1263 2049 πεινῆν
1283 1966 1341 2026 καί
1364 1960 1470 2050 διψῆν
1492 1964 1601 2026 ἐνίοτε
1623 1973 1653 2026 ια
1668 1961 1740 2064 “ffiss

340 2067 611 2148 προστάττουσι·
633 2065 695 2126 κάν
719 2059 798 2148 δόξῃ
822 2065 908 2127 ποτά
931 2062 979 2146 τῷ
1003 2063 1112 2150 ίατριζ
1132 2067 1191 2128 τόν
1205 2068 1373 2146 κάμνοντα
1398 2063 1511 2153 δῆσαι,
1534 2081 1701 2132 fta-(mm,

337 2175 492 2253 ραχρῆμα
522 2163 644 2252 ἐδέθη,
674 2168 736 2229 κάν
764 2172 877 2248 τεμεῖν
905 2167 924 2252 ή
948 2174 1087 2246 καῦσαι,
1116 2169 1329 2255 καυθήσεται
1349 2170 1407 2232 καί
1428 2170 1601 2254 τμηθήσε-

339 2291 398 2332 ται
420 2261 482 2357 ἐφ’
506 2271 587 2332 δσον
610 2270 651 2332 ἀν
672 2271 787 2354 ἐκείνῳ
812 2267 894 2355 δοκῇ
902 2284 909 2299 ·
936 2271 995 2334 ἐάν
1018 2268 1054 2333 δὲ
1075 2274 1121 2357 μή
1145 2272 1331 2357 πείθηται,
1361 2273 1488 2347 πάντες
1511 2273 1546 2334 οί
1566 2273 1602 2335 ἐν

339 2380 381 2458 τή
405 2373 496 2456 οίκίρ
518 2377 568 2453 τῷ
590 2373 698 2455 ίατρρῖ
721 2379 1023 2455 συναγωνιοῦνται,
1047 2373 1086 2434 ού
1107 2375 1212 2454 μόνον
1236 2375 1270 2435 σί
1291 2370 1485 2457 ἐλεύθεροι,
1515 2369 1601 2436 ἀλλά

340 2469 507 2550 πολλάκις
530 2475 565 2537 οί
586 2481 648 2536 τοῦ
660 2481 840 2549 νοσοῦντος
862 2475 991 2537 οἰκέται
1013 2475 1110 2536 αύτοί
1129 2472 1316 2539 καταδοῦσι
1338 2478 1396 2538 τδν
1419 2472 1601 2562 δεσπότην,
1622 2485 1652 2536 κ]

339 2578 397 2640 καὶ
418 2579 458 2639 τδ
481 2583 548 2659 πῦρ
571 2571 776 2656 κομίζουσιν,
800 2577 896 2651 όπως
917 2577 1140 2661 καυθήσεται,
1162 2578 1219 2639 καί
1240 2574 1347 2639 τᾶλλα
1364 2579 1602 2662 ὑπηρετοῦσιν.

300 2687 320 2752 8
341 2681 386 2764 μή
412 2678 470 2741 οδν
494 2678 532 2738 ού
557 2673 625 2764 φῂς
648 2673 830 2762 ἐλεύθερον
852 2674 941 2740 εἶναι
962 2679 1021 2739 τὸν
1044 2675 1150 2761 όνδρα
1173 2685 1308 2756 τοῦτον,
1336 2682 1391 2741 ότι
1413 2675 1525 2740 πολλά
1547 2681 1606 2742 καί

342 2778 427 2868 ἀηδῆ
451 2784 567 2865 ἐτέρου
588 2775 782 2854 κελεύοντος
804 2779 969 2859 ὑπομένει
975 2801 987 2854 ,-
1015 2779 1053 2842 οὐ
1075 2779 1139 2863 γάρ
1161 2776 1273 2865 δήπου
1295 2781 1354 2842 τόν
1376 2781 1521 2866 Περσῶν
1542 2780 1604 2861 βα-

344 2881 441 2947 σιλέα
456 2885 605 2968 Δαρεῖον
622 2882 679 2944 υύκ
694 2883 735 2944 ἀν
754 2882 840 2967 ἔφης
857 2878 1040 2967 ἐλεύθερον
1056 2879 1155 2961 εἶναι,
1177 2879 1296 2969 ἐπειδή
1312 2883 1516 2945 καταπεσὼν
1532 2883 1603 2944 ἀπδ

343 2993 406 3049 τοῦ
427 2987 539 3048 ίππου
554 2987 590 3047 ἐν
605 2986 824 3070 κυνηγεσίοις,
847 2993 908 3046 τοῦ
930 2977 1144 3069 ἀστραγάλου
1167 2987 1429 3072 ἐκχωρήσαντος,
1451 2987 1600 3071 ὑπήκουε
1622 2995 1654 3046 2⁵

343 3094 418 3165 ταῖς
441 3091 573 3172 ίατροῖς
595 3084 728 3150 ἕλκουσι
743 3089 801 3150 καὶ
816 3083 1035 3172 στρεβλοῦσιν
1057 3089 1163 3150 αὐτοῦ
1178 3090 1237 3151 τὸν
1260 3085 1363 3166 πόδα,
1385 3089 1482 3163 δπως
1502 3108 1604 3150 κατα·

346 3192 509 3276 στήσεται
530 3192 569 3252 τύ
592 3190 742 3273 ἄρθρον,
771 3191 828 3252 καί
849 3195 954 3252 ταῦτα
977 3190 1190 3271 Αἰγυπτίοις
1212 3190 1432 3274 ἀνθρώποις·
1461 3181 1535 3253 οὐδ’
1562 3189 1606 3251 αδ

343 3289 492 3378 Ξέρξην,
521 3293 667 3378 ὁπηνίκα
690 3293 872 3376 ἀναχωρῶν
900 3293 937 3353 ἐκ
964 3299 1025 3378 τῆς
1043 3282 1199 3368 Ἑλλάδος
1226 3295 1283 3356 καί
1304 3286 1547 3374 χειμαζόμενος
1568 3292 1604 3353 ἐν

343 3403 385 3480 τῃ
408 3395 463 3480 νηί
485 3387 598 3456 πάντα
615 3393 779 3456 ἐπείθετο
801 3401 850 3476 τῷ
866 3394 1048 3480 κυβερνήτῃ
1064 3396 1122 3457 καί
1143 3394 1238 3478 παρά
1253 3396 1312 3480 τῆν
1328 3395 1455 3457 ἐκείνου
1471 3395 1604 3478 γνώμην

346 3497 404 3560 οὐκ
426 3497 614 3579 ἐπέτρεπεν
636 3497 727 3578 αὐτῷ
756 3492 832 3558 οὐδὲ
858 3503 976 3558 νεῦσαι
999 3491 1077 3559 ούδέ
1098 3497 1295 3582 μεταβῆναι.
1341 3496 1459 3558 ούκουν
1481 3497 1520 3558 τά
1542 3517 1606 3581 μη·
1627 3503 1660 3556 ³⁰
1674 3491 1742 3597 Ἥ]

344 3596 440 3674 δεκάς
469 3599 667 3681 ἀνθρώπων
695 3599 879 3663 ὑπακούειν
908 3589 985 3662 οὐδὲ
1014 3601 1053 3662 τά
1083 3595 1246 3683 πράττειν
1275 3601 1340 3675 δ,τι
1360 3599 1402 3659 ἀν
1424 3617 1477 3671 τις
1499 3593 1604 3682 ἐθέλῃ

343 3698 544 3786 ἐλευθερίαν
567 3702 619 3764 ἐτι
642 3703 812 3788 φήσουσιν
834 3702 933 3765 εἶναι.

432 3870 606 3926 ίιιίῦεσθαι
622 3868 648 3922 Μ
701 3865 859 3934 ίάόοντας
876 3869 905 3923 Μ
957 3862 1098 3937 κελεύηΤ
1149 3859 1326 3936 ῦδμολόγοι
1344 3863 1374 3917 Μ
1392 3858 1568 3936 άμολογῆΤ

344 3949 557 4027 ἐρωτήσειενΰ
625 3951 779 4011 ἐείποιΤ
849 3957 1013 4024 ὅκαῦῆσῦε
1030 3951 1060 4005 Μ
1146 3944 1217 4021 ἐμὴ
1236 3948 1287 4002 ἀεί.
1305 3949 1384 4018 Εωρ.
1466 3945 1534 4020 ἐπίῃ
1551 3949 1606 4005 ΜΤ

344 4037 425 4112 ἐπείη
444 4039 466 4094 Β
483 4036 619 4112 ἐπὴιειΰ
687 4034 847 4112 Βπράττοι
864 4037 943 4093 UBM
961 4033 1081 4108 πράττει
1099 4035 1164 4090 Tot
1179 4035 1259 4102 vulgo
1314 4029 1429 4110 θαύτῷ
1444 4033 1516 4101 libri,
1534 4049 1605 4091 corr.
1649 4092 1655 4102 ,

345 4126 428 4182 Dind.
499 4129 532 4179 10
550 4123 664 4184 είσινῐ]
735 4129 766 4179 12
785 4116 1011 4196 άναχωροῦσιΰ
1081 4123 1113 4176 16
1131 4116 1424 4190 προστάττουσινΠΤ
1496 4123 1527 4176 18
1545 4121 1606 4178 πεί·

346 4217 430 4270 θεται
447 4209 478 4266 Μ
549 4215 579 4264 21
599 4205 635 4267 τὸ
653 4225 707 4266 om.
724 4208 774 4266 UT
842 4203 1018 4279 κομὴζουσιν
1034 4205 1061 4262 U
1077 4203 1136 4271 (ιοά
1153 4227 1170 4278 η
1187 4204 1308 4263 radendo
1325 4208 1354 4261 in
1371 4228 1382 4263 ι
1398 4208 1543 4273 mutatum)

345 4295 519 4370 ὑπηρετοῦσι
536 4295 610 4351 ΒΙΙΤ
679 4299 712 4350 22
730 4297 799 4366 φησί
814 4293 846 4349 Μ
913 4295 973 4348 τάν
989 4306 1039 4360 pro
1058 4286 1111 4347 τὸν
1128 4289 1178 4345 UB
1265 4296 1298 4348 24
1316 4288 1370 4365 ἔφη
1385 4289 1476 4359 ΠΒΜ,
1494 4285 1605 4362 ema·

346 4387 374 4437 εί
392 4383 472 4450 vulgo
491 4381 528 4437 εί.
546 4380 676 4436 Herodot
694 4379 734 4434 111
754 4383 852 4448 ἱῖθια.
939 4371 1108 4434 καταπεσδν
1124 4373 1155 4429 Μ
1250 4379 1283 4432 26
1302 4380 1364 4443 πῶς
1380 4375 1410 4430 Μ
1515 4367 1606 4432 αύτοῦ

345 4462 381 4524 τὸ
399 4465 449 4523 UT
501 4470 534 4521 τε
552 4465 648 4540 eam
663 4465 712 4520 συ
731 4461 768 4519 ef.
785 4462 915 4519 Ηαοαοι.
934 4461 999 4518 vm
1019 4465 1067 4516 ιιι
1119 4463 1152 4517 τε
1170 4458 1292 4520 &utam
1310 4461 1339 4516 Μ
1391 4465 1424 4516 ιο
1443 4453 1523 4538 αὐτῷ
1539 4459 1565 4513 ιι

348 4551 454 4614 οὔκουν
471 4547 507 4610 τί
524 4549 635 4618 Enim,
652 4553 807 4608 διοικοῦντι
823 4550 855 4606 Μ
871 4551 1004 4608 δοκοῦντι
1021 4544 1096 4605 UBT
1146 4550 1245 4622 μηδενί
1261 4547 1292 4603 M
1350 4552 1381 4604 ³1
1400 4566 1429 4605 τι
1445 4560 1497 4616 pro
1514 4563 1558 4611 τις
1574 4543 1605 4599 Μ
