3476 5264
315 351 378 411 266
683 350 808 409 moms
824 346 877 408 DE
894 346 1197 411 Puhwmumun

316 529 394 604 σίας
415 549 451 591 τε
472 529 530 591 καί
550 523 675 607 μίξεως
697 529 851 613 ἄρρενος,
875 529 896 588 ά
917 523 1079 590 καλοῦσιν
1100 530 1280 615 ὑπηνέμια,
1303 532 1351 608 ὡς
1372 523 1434 594 ἐπ’
1459 532 1572 615 ἀνέμῳ

317 633 553 717 προσπεσόντι
574 632 761 713 γιγνόμενα.
818 630 903 693 ὅθεν
926 627 965 717 άή
994 621 1225 718 καίὍμήρος,
1254 634 1332 713 ἐμοί
1359 629 1485 712 άοκεῖν,
1517 635 1576 696 οὐκ

283 743 288 750 ’
318 732 484 796 ἀδύνατον
516 734 727 818 ἡγησάμενος
760 729 837 796 ovd&
872 733 1049 796 ἀπίθανον
1081 738 1155 810 τοῖς
1188 735 1392 819 ἀνθρώποις
1427 744 1576 823 φανῆναι
1587 755 1707 805 ‹monn›

319 836 439 898 ίππων
454 836 642 920 ὑπηνέμιον
656 839 762 917 γένος,
784 838 844 898 τὸν
858 837 991 921 Βορρᾶν
1006 836 1073 922 ἐφη
1089 838 1281 920 ἐρασθέντα
1299 841 1461 925 Τρωικῶν
1476 859 1578 903 τινων

319 940 439 1000 ίππων
460 933 636 1023 ἐμπλῆσαί
656 959 692 1001 τε
715 939 820 1014 αὐτάς
841 947 941 1026 γονῆς
962 941 1019 1003 καί
1039 944 1135 1022 γένος
1159 941 1277 1004 ίππων
1299 937 1336 1018 ἐξ
1359 943 1469 1005 αὐτῶν
1490 946 1579 1024 γενέ·
1602 955 1721 1011 um)

322 1042 419 1103 σθαι.
481 1033 660 1124 [πολλάκις
688 1042 724 1104 ἐκ
751 1060 844 1116 τινος
872 1043 1113 1128 ἐνθυμήματος
1140 1040 1293 1126 ψευδοῦς
1317 1045 1375 1107 καί
1410 1037 1579 1108 ἀδυνάτου

268 1147 310 1210 26
322 1144 496 1230 ἀποβῆναι
518 1151 655 1228 πρᾶγμα
678 1138 830 1229 ἀληθές]
866 1143 1000 1230 εἴρηται
1015 1143 1053 1208 δέ
1073 1164 1134 1226 μοι
1157 1144 1271 1209 πάντα
1286 1154 1391 1209 ταῦτα
1407 1137 1476 1208 ἀπ’Ι
1497 1147 1582 1210 ἐκεί-

320 1268 379 1332 νης
394 1255 454 1333 τῆς
469 1247 572 1334 ἀρχῆς
585 1249 643 1310 καί
658 1249 833 1334 ἐκτροπῆς,
856 1251 911 1311 ὅτι
934 1245 990 1311 δεῖ
1000 1251 1059 1335 τήν
1075 1252 1186 1335 ψυχήν
1201 1244 1387 1326 ἐθίζεσθαι
1402 1248 1444 1310 τά
1461 1245 1581 1311 δέοντα

322 1347 564 1435 πράττεινκαὶ
587 1347 807 1414 διανοεῖσθαι
830 1359 1005 1431 πανταχοῦ
1017 1371 1054 1414 τε
1081 1352 1139 1414 καί
1153 1353 1189 1414 ἐν
1211 1354 1340 1416 ἅπαντι
1361 1352 1502 1436 θορύβῳ
1525 1352 1583 1414 καί

321 1455 357 1516 ἐν
379 1447 498 1537 ἁπάσῃ
514 1454 644 1537 ήσαχίᾳ.
683 1454 715 1515 ελ
737 1451 774 1516 δὲ
795 1455 852 1538 μή,
875 1456 915 1516 τὸ
937 1463 997 1540 τῆς
1019 1456 1161 1539 ἐρημίας
1182 1475 1219 1517 τε
1239 1457 1296 1518 καί
1316 1455 1457 1539 ήσνχίας
1481 1451 1578 1517 οὐδὲν
1602 1467 1632 1519 1⁰

321 1550 436 1633 μεῖςον
457 1557 513 1618 καί
536 1552 792 1642 ἀσφαλέστερον
820 1561 894 1631 τοῖς
916 1557 1075 1641 ἀνοήτοις
1103 1563 1170 1620 τῶν
1199 1557 1397 1640 ἀνθρώπων
1426 1559 1514 1641 πρὸς
1542 1557 1583 1618 τὸ

323 1661 368 1745 μή
392 1655 504 1720 πολλὰ
525 1657 583 1719 καί
604 1659 719 1718 άτοπα
743 1654 965 1720 διανοεῖσθαί
987 1678 1023 1720 τε
1044 1659 1102 1722 καί
1123 1654 1338 1744 ἁμαρτάνειν.

855 1879 1053 1889 a—-—-—.-.—

650 2082 723 2160 (71)
753 2077 907 2164 ΠΕΡΙ
936 2077 1262 2161 ΚΑΛΛΟΥΣ

906 2253 1004 2265 -ῌ

290 2385 306 2446 1
415 2372 456 2435 A.
476 2363 532 2448 Ὡς
553 2369 686 2458 ὑψηλὸς
709 2374 728 2434 ὁ
750 2374 924 2449 νεανίσκος
944 2376 1002 2437 καί
1019 2377 1163 2459 ὡραῖος·
1186 2375 1238 2439 ἐτι
1261 2373 1297 2438 &a
1320 2377 1460 2462 ἀρχαῖον
1483 2375 1591 2439 αὐτοῦ

329 2477 367 2537 τὸ
391 2472 497 2553 εἶδος,
522 2476 595 2539 οἱον
618 2476 683 2559 ἐγὼ
707 2477 765 2556 οὐχ
787 2479 919 2561 ἑώρακα
941 2483 1009 2539 τῶν
1031 2485 1097 2554 νῦν,
1126 2468 1202 2538 ἀλλ’
1227 2478 1247 2562 ή
1271 2484 1338 2539 τῶν
1358 2469 1587 2560 Ὀλυμπίασιν

330 2579 555 2657 ἀνακειμένων
577 2585 645 2640 τῶν
674 2575 763 2640 πάνυ
793 2575 965 2641 παλαιῶν·
994 2581 1031 2640 αἱ
1057 2576 1093 2640 δέ
1121 2586 1189 2642 τῶν
1218 2581 1357 2664 ὕστερον
1385 2581 1512 2656 εἰκόνες
1535 2581 1590 2643 ἀεί
1611 2595 1641 2646 15

288 2679 296 2738 .’
326 2680 462 2764 χείρους
482 2681 539 2742 καί
561 2681 805 2764 ἀγεννεστέρων
828 2682 1020 2765 φαίνονται,
1046 2683 1085 2743 τὸ
1107 2686 1170 2761 μέν
1191 2702 1227 2744 τι
1247 2684 1316 2744 ὑπὸ
1339 2687 1407 2744 τῶν
1429 2678 1591 2769 δημιουρ-

330 2789 408 2864 γῶν,
431 2783 470 2843 τέ
494 2779 529 2843 ὄλ
553 2779 658 2844 πλέον
680 2783 736 2843 καὶ
759 2783 855 2846 αὐτοὶ
876 2784 1028 2845 τοιοῦτοί
1049 2784 1146 2847 εἰσιν.
1162 2815 1207 2827 -
1221 2763 1268 2846 'H
1286 2781 1396 2847 ἐεινίν
1420 2780 1537 2867 λέγεις,
1562 2786 1594 2848 ελ
1730 2853 1731 2856 ¹

331 2886 448 2968 ὥσπερ
472 2887 578 2971 φυτόν
599 2904 634 2947 τι
655 2886 675 2971 ή
699 2879 785 2968 ζῷον
808 2882 1029 2949 ἐκλελοίπασι
1049 2884 1097 2969 τῷ
1117 2890 1227 2969 χρόνῳ
1250 2887 1288 2948 ol
1305 2883 1420 2964 καλοί,
1451 2885 1526 2948 οἷον
1549 2859 1731 2972 άήιωιιιιιί

333 3005 422 3075 φασι
443 2989 523 3065 τούς
546 2985 683 3064 λέοντας
706 2990 837 3051 παθεῖν
859 2990 939 3064 τούς
961 2991 997 3052 ἐν
1019 2997 1060 3074 τῇ
1078 2989 1241 3074 Εὐρώπῃ·
1266 2991 1304 3050 ού
1326 2990 1389 3072 γάρ
1411 2989 1464 3051 ἐτι
1481 2989 1594 3052 αὐτῶν

332 3091 423 3156 εἶναι
449 3094 488 3155 τί
518 3095 630 3174 γένος·
657 3095 825 3177 πρότερον
855 3089 891 3154 ἐί
919 3087 1006 3178 ἦσαν
1032 3093 1090 3154 καί
1118 3093 1199 3176 περὶ
1220 3087 1438 3153 Μακεδονίαν
1463 3093 1522 3154 καί
1553 3095 1590 3156 ἐν
1613 3104 1645 3155 w

296 3197 317 3261 2
339 3190 457 3268 ἄλλοις
478 3196 617 3269 τόποις·
640 3195 672 3256 εί
695 3195 802 3269 οὕτως
818 3194 947 3275 οἴχεται
963 3192 1002 3281 ἐή
1014 3190 1138 3270 κάλλος
1153 3189 1191 3270 ἐξ
1204 3194 1411 3275 ἀνθρώπων.
1427 3225 1471 3238 --
1483 3197 1526 3258 A.
1546 3197 1596 3257 Τά

335 3317 371 3380 γε
401 3294 572 3380 ἀνδρεῖον,
602 3295 628 3359 ὦ
658 3293 831 3378 βέλτιστε·
860 3301 898 3361 τὸ
929 3303 1047 3378 μέντοι
1075 3301 1264 3379 γυναικεῖον
1294 3295 1378 3371 ἴσως
1406 3291 1594 3374 πλεονάζει

335 3401 419 3486 ἀνήρ
443 3397 478 3462 δὲ
500 3396 603 3475 καλὸς
626 3403 772 3463 σπάνιον
794 3401 856 3482 μὲν
876 3397 944 3485 (el)
964 3402 1114 3484 γίγνεται
1136 3407 1210 3479 νῦν,
1238 3400 1296 3462 καί
1317 3401 1495 3480 γενόμενος
1516 3400 1597 3474 τοὺς

336 3500 519 3578 πλείστους
542 3498 722 3581 λανθάνει,
752 3500 870 3587 πολλῷ
892 3501 1021 3585 μᾶλλον
1042 3504 1063 3589 ή
1087 3505 1122 3566 οί
1141 3499 1239 3566 καλοί
1261 3503 1369 3564 ἐπποι
1390 3502 1470 3575 τούς
1493 3502 1596 3584 ὀρεω-

335 3609 468 3686 κόμους.
514 3608 545 3669 εί
569 3597 602 3668 (λ’
627 3607 693 3690 ἄρα
714 3608 771 3670 καί
800 3608 950 3690 ἅψαιντο
979 3614 1047 3670 τῶν
1069 3608 1249 3684 τοιούτων,
1277 3595 1363 3685 μεθ’
1387 3602 1516 3688 ὕβρεως
1536 3603 1594 3664 καί
1616 3614 1647 3667 ²⁶

338 3711 426 3795 πρὸς
448 3707 545 3772 οὐδὲν
567 3710 718 3793 ἀγαθόν·
743 3711 830 3772 ὥστε
848 3729 910 3790 μοι
926 3707 1064 3773 δοκοῦσι
1078 3710 1135 3772 καί
1150 3711 1184 3771 οἱ
1197 3711 1371 3790 γενόμενοι
1386 3707 1468 3784 ταχι)
1485 3701 1597 3790 λήγειν

337 3817 394 3879 καί
416 3807 658 3899 ἀφανίζεσθαι.
705 3811 828 3896 οὐγὰρ
857 3815 961 3893 μόνον
988 3819 1008 3898 ή
1038 3813 1137 3898 ἀρετή
1167 3811 1298 3892 ἐπαίνῳ
1329 3805 1482 3886 αὔξεται,
1511 3801 1598 3868 ἀλλὰ

425 4029 687 4106 ἳπεριπεσάντιΒ
756 4029 906 4106 ἐβορράν
923 4030 954 4085 Μ
1035 4023 1207 4094 θνιολλάκις
1225 4057 1258 4067 -
1277 4031 1291 4080 ’ί
1311 4016 1417 4098 άλήθές
1433 4025 1488 4081 del.
1505 4023 1600 4094 Emp.;

339 4125 389 4176 ιαι
406 4124 537 4190 corrupta
554 4121 619 4176 nunt
636 4123 685 4174 aut
701 4118 833 4174 lacunosa
851 4116 938 4185 (Wss.)
1007 4119 1132 4173 τιαῦια
1149 4109 1288 4172 πάνναῑί
1348 4115 1381 4168 13
1399 4107 1503 4185 ὄρειος
1518 4108 1549 4164 Μ

340 4212 373 4263 1⁴
391 4205 551 4285 ἐόρακαΜ
637 4210 669 4260 1⁶
687 4207 820 4263 παλαιῶν
836 4205 948 4261 παίδων
967 4201 1014 4258 UB
1101 4194 1330 4270 Πῆριοιέλί
1447 4190 1602 4251 ίῦαιαΙὶιαι

338 4293 487 4355 ἐκλέλοιπε
504 4299 547 4372 τῷ
562 4291 669 4368 χρόνῳ,
686 4290 780 4347 doletis
799 4287 827 4347 ολ
843 4289 930 4346 καλοί
1005 4290 1039 4341 2³
1058 4282 1182 4343 σπάνιον
1198 4284 1252 4354 μὲν
1268 4285 1398 4357 γίγνεται
1414 4279 1445 4334 Μ
1461 4280 1512 4337 καί
1528 4273 1604 4336 σπά-

340 4401 403 4440 νιον
419 4383 473 4452 μὲν
489 4383 538 4439 καί
556 4383 683 4454 γίγνεται
702 4377 758 4445 UB,
777 4369 901 4434 σπάνιον
916 4373 970 4444 μίν
987 4372 1014 4431 εί
1029 4374 1156 4445 γίγνεται
1175 4369 1255 4440 Emp.
1359 4359 1530 4460 γιγνόμενος
1546 4359 1607 4419 UH

339 4463 492 4539 γινόμενος
508 4466 547 4536 Β,
570 4480 639 4522 corr.
658 4464 738 4533 Emp.
860 4463 894 4515 24
912 4452 1094 4530 άρεοκάμονς
1111 4456 1135 4513 Β
1256 4457 1291 4509 ὶέ
1308 4443 1420 4526 ἅψαιτο
1437 4449 1514 4515 lim,
1532 4461 1605 4503 ωπ.

341 4551 469 4608 Βεὶιίιὶακ
