<?xml version="1.0" encoding="UTF-8"?>
<!DOCTYPE html PUBLIC "-//W3C//DTD XHTML 1.0 Transitional//EN"
    "http://www.w3.org/TR/xhtml1/DTD/xhtml1-transitional.dtd">
<html xmlns="http://www.w3.org/1999/xhtml" xml:lang="en" lang="en">
 <head>
  <title>
</title>
<meta http-equiv="Content-Type" content="text/html;charset=utf-8" />
  <meta name='ocr-system' content='tesseract 3.04.00' />
  <meta name='ocr-capabilities' content='ocr_page ocr_carea ocr_par ocr_line ocrx_word'/>
</head>
<body>
  <div class='ocr_page' id='page_1' title='image "./quaeexstantomni01diogoog_0101.png"; bbox 0 0 3466 5268; ppageno 0'>
   <div class='ocr_carea' id='block_1_1' title="bbox 359 361 1383 426">
    <p class='ocr_par' dir='ltr' id='par_1_1' title="bbox 359 361 1383 426">
     <span class='ocr_line' id='line_1_1' title="bbox 359 361 1383 426; baseline -0.007 0"><span class='ocrx_word' id='word_1_1' title='bbox 359 367 400 426; x_wconf 76' lang='lat'><strong><em>50</em></strong></span> <span class='ocrx_word' id='word_1_2' title='bbox 589 362 713 421; x_wconf 70' lang='lat' dir='ltr'><strong>motus</strong></span> <span class='ocrx_word' id='word_1_3' title='bbox 731 363 783 419; x_wconf 81' lang='lat' dir='ltr'><strong><em>DE</em></strong></span> <span class='ocrx_word' id='word_1_4' title='bbox 802 362 1013 422; x_wconf 66' lang='lat' dir='ltr'><strong>conconmA</strong></span> <span class='ocrx_word' id='word_1_5' title='bbox 1030 362 1108 421; x_wconf 79' lang='lat' dir='ltr'><strong><em>CUM</em></strong></span> <span class='ocrx_word' id='word_1_6' title='bbox 1124 361 1383 420; x_wconf 73' lang='lat' dir='ltr'>APAMENSIBVS</span> 
     </span>
    </p>
   </div>
   <div class='ocr_carea' id='block_1_2' title="bbox 250 536 1719 3898">
    <p class='ocr_par' dir='ltr' id='par_1_2' title="bbox 250 536 1719 3898">
     <span class='ocr_line' id='line_1_2' title="bbox 358 536 1618 626; baseline -0.002 -22"><span class='ocrx_word' id='word_1_7' title='bbox 358 538 489 616; x_wconf 90' lang='grc' dir='ltr'><strong><em>πόλλας</em></strong></span> <span class='ocrx_word' id='word_1_8' title='bbox 519 537 647 626; x_wconf 86' lang='grc' dir='ltr'><strong><em>δωρεάς</em></strong></span> <span class='ocrx_word' id='word_1_9' title='bbox 676 536 751 625; x_wconf 93' lang='grc' dir='ltr'><strong><em>δοίη</em></strong></span> <span class='ocrx_word' id='word_1_10' title='bbox 780 541 837 602; x_wconf 82' lang='grc' dir='ltr'><strong><em>καί</em></strong></span> <span class='ocrx_word' id='word_1_11' title='bbox 868 541 1022 623; x_wconf 76' lang='grc' dir='ltr'><strong><em>χρήματα</em></strong></span> <span class='ocrx_word' id='word_1_12' title='bbox 1053 539 1214 624; x_wconf 85' lang='grc' dir='ltr'><strong><em>ἀμύθητα</em></strong></span> <span class='ocrx_word' id='word_1_13' title='bbox 1251 543 1403 622; x_wconf 81' lang='grc' dir='ltr'><strong><em>πέμψειε</em></strong></span> <span class='ocrx_word' id='word_1_14' title='bbox 1428 539 1514 620; x_wconf 88' lang='grc' dir='ltr'><strong><em>μετά</em></strong></span> <span class='ocrx_word' id='word_1_15' title='bbox 1547 547 1618 602; x_wconf 81' lang='grc' dir='ltr'><strong><em>τῶν</em></strong></span> 
     </span>
     <span class='ocr_line' id='line_1_3' title="bbox 358 633 1719 727; baseline -0.002 -20"><span class='ocrx_word' id='word_1_16' title='bbox 358 647 549 725; x_wconf 78' lang='grc' dir='ltr'><strong><em>Νεμέσεων,</em></strong></span> <span class='ocrx_word' id='word_1_17' title='bbox 572 643 629 704; x_wconf 81' lang='grc' dir='ltr'><strong><em>καὶ</em></strong></span> <span class='ocrx_word' id='word_1_18' title='bbox 650 644 688 727; x_wconf 77' lang='grc' dir='ltr'><strong><em>νη</em></strong></span> <span class='ocrx_word' id='word_1_19' title='bbox 713 633 774 705; x_wconf 79' lang='grc' dir='ltr'><strong><em>Δί’</em></strong></span> <span class='ocrx_word' id='word_1_20' title='bbox 806 643 852 717; x_wconf 89' lang='grc' dir='ltr'><strong><em>ὡς</em></strong></span> <span class='ocrx_word' id='word_1_21' title='bbox 874 638 977 704; x_wconf 81' lang='grc' dir='ltr'><em>ἄλλου</em></span> <span class='ocrx_word' id='word_1_22' title='bbox 1001 643 1092 716; x_wconf 86' lang='grc' dir='ltr'><strong><em>τινός</em></strong></span> <span class='ocrx_word' id='word_1_23' title='bbox 1123 637 1363 720; x_wconf 76' lang='grc' dir='ltr'><strong><em>διαλεχθέντος</em></strong></span> <span class='ocrx_word' id='word_1_24' title='bbox 1390 642 1532 726; x_wconf 81' lang='grc' dir='ltr'><em>μυρίους</em></span> <span class='ocrx_word' id='word_1_25' title='bbox 1552 644 1719 722; x_wconf 67' lang='grc' dir='ltr'><strong><em>μένμεεω</em></strong></span> 
     </span>
     <span class='ocr_line' id='line_1_4' title="bbox 360 734 1618 829; baseline -0.001 -21"><span class='ocrx_word' id='word_1_26' title='bbox 360 743 450 828; x_wconf 81' lang='grc' dir='ltr'><strong><em>αύτῷ</em></strong></span> <span class='ocrx_word' id='word_1_27' title='bbox 487 747 694 829; x_wconf 80' lang='grc' dir='ltr'><strong><em>συνεχώρησε</em></strong></span> <span class='ocrx_word' id='word_1_28' title='bbox 723 740 921 826; x_wconf 80' lang='grc' dir='ltr'><strong><em>βουλευτάς,</em></strong></span> <span class='ocrx_word' id='word_1_29' title='bbox 954 746 1095 828; x_wconf 79' lang='grc' dir='ltr'><strong><em>χρυσίου</em></strong></span> <span class='ocrx_word' id='word_1_30' title='bbox 1127 734 1160 806; x_wconf 77' lang='grc' dir='ltr'><strong><em>δ’</em></strong></span> <span class='ocrx_word' id='word_1_31' title='bbox 1189 739 1340 806; x_wconf 75' lang='grc' dir='ltr'><strong><em>ἐκέλευσε</em></strong></span> <span class='ocrx_word' id='word_1_32' title='bbox 1373 745 1530 824; x_wconf 86' lang='grc' dir='ltr'><strong><em>ποταμόν</em></strong></span> <span class='ocrx_word' id='word_1_33' title='bbox 1565 747 1618 822; x_wconf 87' lang='grc' dir='ltr'><strong><em>είς</em></strong></span> 
     </span>
     <span class='ocr_line' id='line_1_5' title="bbox 358 842 1618 935; baseline 0 -24"><span class='ocrx_word' id='word_1_34' title='bbox 358 850 418 935; x_wconf 77' lang='grc' dir='ltr'><strong><em>την</em></strong></span> <span class='ocrx_word' id='word_1_35' title='bbox 454 844 556 910; x_wconf 90' lang='grc' dir='ltr'><strong><em>πόλιν</em></strong></span> <span class='ocrx_word' id='word_1_36' title='bbox 585 855 757 933; x_wconf 77' lang='grc' dir='ltr'><strong><em>τραπῆναι</em></strong></span> <span class='ocrx_word' id='word_1_37' title='bbox 784 846 842 908; x_wconf 83' lang='grc' dir='ltr'><strong><em>καί</em></strong></span> <span class='ocrx_word' id='word_1_38' title='bbox 868 843 1030 930; x_wconf 77' lang='grc' dir='ltr'><strong><em>μυριάδες</em></strong></span> <span class='ocrx_word' id='word_1_39' title='bbox 1059 845 1200 929; x_wconf 87' lang='grc' dir='ltr'><strong><em>άπειροί</em></strong></span> <span class='ocrx_word' id='word_1_40' title='bbox 1227 864 1317 920; x_wconf 83' lang='grc' dir='ltr'><strong><em>τινες</em></strong></span> <span class='ocrx_word' id='word_1_41' title='bbox 1343 842 1533 932; x_wconf 81' lang='grc' dir='ltr'><strong><em>ἐδόθησαν·</em></strong></span> <span class='ocrx_word' id='word_1_42' title='bbox 1570 847 1618 912; x_wconf 82' lang='grc' dir='ltr'><strong><em>ὥν</em></strong></span> 
     </span>
     <span class='ocr_line' id='line_1_6' title="bbox 309 941 1654 1036; baseline -0.002 -20"><span class='ocrx_word' id='word_1_43' title='bbox 309 941 458 1017; x_wconf 72' lang='grc' dir='ltr'><strong><em>ίῧούδὲν</em></strong></span> <span class='ocrx_word' id='word_1_44' title='bbox 479 947 519 1036; x_wconf 80' lang='grc' dir='ltr'><strong><em>ἦν</em></strong></span> <span class='ocrx_word' id='word_1_45' title='bbox 542 946 681 1034; x_wconf 85' lang='grc' dir='ltr'><strong><em>ἀληθές,</em></strong></span> <span class='ocrx_word' id='word_1_46' title='bbox 708 950 755 1025; x_wconf 87' lang='grc' dir='ltr'><strong><em>ὡς</em></strong></span> <span class='ocrx_word' id='word_1_47' title='bbox 776 945 963 1033; x_wconf 73' lang='grc' dir='ltr'><strong><em>ἐβουλόμην</em></strong></span> <span class='ocrx_word' id='word_1_48' title='bbox 986 949 1027 1012; x_wconf 89' lang='grc' dir='ltr'><strong><em>άν</em></strong></span> <span class='ocrx_word' id='word_1_49' title='bbox 1050 949 1161 1030; x_wconf 83' lang='grc' dir='ltr'><strong><em>ἔγωγε.</em></strong></span> <span class='ocrx_word' id='word_1_50' title='bbox 1212 948 1251 1010; x_wconf 90' lang='grc' dir='ltr'><strong><em>τύ</em></strong></span> <span class='ocrx_word' id='word_1_51' title='bbox 1273 948 1336 1032; x_wconf 90' lang='grc' dir='ltr'><strong><em>γάρ</em></strong></span> <span class='ocrx_word' id='word_1_52' title='bbox 1359 944 1482 1024; x_wconf 89' lang='grc' dir='ltr'><strong><em>άλλους</em></strong></span> <span class='ocrx_word' id='word_1_53' title='bbox 1502 947 1617 1027; x_wconf 82' lang='grc' dir='ltr'><strong><em>καλῶς</em></strong></span> <span class='ocrx_word' id='word_1_54' title='bbox 1638 963 1654 1012; x_wconf 80' lang='lat'>⁵</span> 
     </span>
     <span class='ocr_line' id='line_1_7' title="bbox 358 1046 1618 1138; baseline 0.001 -23"><span class='ocrx_word' id='word_1_55' title='bbox 358 1057 521 1138; x_wconf 89' lang='grc' dir='ltr'><strong><em>πράττειν</em></strong></span> <span class='ocrx_word' id='word_1_56' title='bbox 550 1053 607 1115; x_wconf 81' lang='grc' dir='ltr'><strong><em>καί</em></strong></span> <span class='ocrx_word' id='word_1_57' title='bbox 634 1048 788 1134; x_wconf 80' lang='grc' dir='ltr'><strong><em>μεγάλων</em></strong></span> <span class='ocrx_word' id='word_1_58' title='bbox 817 1053 989 1133; x_wconf 79' lang='grc' dir='ltr'><strong><em>τυγχάνειν</em></strong></span> <span class='ocrx_word' id='word_1_59' title='bbox 1019 1051 1076 1112; x_wconf 89' lang='grc' dir='ltr'><strong><em>ούκ</em></strong></span> <span class='ocrx_word' id='word_1_60' title='bbox 1105 1051 1146 1112; x_wconf 89' lang='grc' dir='ltr'><strong><em>άν</em></strong></span> <span class='ocrx_word' id='word_1_61' title='bbox 1177 1046 1341 1112; x_wconf 89' lang='grc' dir='ltr'><strong><em>ούδέποτε</em></strong></span> <span class='ocrx_word' id='word_1_62' title='bbox 1372 1047 1534 1136; x_wconf 76' lang='grc' dir='ltr'><strong><em>λυπήσειε</em></strong></span> <span class='ocrx_word' id='word_1_63' title='bbox 1557 1055 1618 1116; x_wconf 90' lang='grc' dir='ltr'><strong><em>τδν</em></strong></span> 
     </span>
     <span class='ocr_line' id='line_1_8' title="bbox 358 1150 1618 1238; baseline -0.002 -19"><span class='ocrx_word' id='word_1_64' title='bbox 358 1164 436 1219; x_wconf 82' lang='grc' dir='ltr'><strong><em>νοῦν</em></strong></span> <span class='ocrx_word' id='word_1_65' title='bbox 458 1157 576 1235; x_wconf 90' lang='grc' dir='ltr'><strong><em>έχοντα</em></strong></span> <span class='ocrx_word' id='word_1_66' title='bbox 599 1150 711 1230; x_wconf 84' lang='grc' dir='ltr'><strong><em>άλλως</em></strong></span> <span class='ocrx_word' id='word_1_67' title='bbox 732 1173 769 1216; x_wconf 90' lang='grc' dir='ltr'><strong><em>τε</em></strong></span> <span class='ocrx_word' id='word_1_68' title='bbox 790 1155 847 1216; x_wconf 86' lang='grc' dir='ltr'><strong><em>καί</em></strong></span> <span class='ocrx_word' id='word_1_69' title='bbox 870 1159 1007 1236; x_wconf 83' lang='grc' dir='ltr'><strong><em>πρῶτον</em></strong></span> <span class='ocrx_word' id='word_1_70' title='bbox 1029 1155 1170 1232; x_wconf 83' lang='grc' dir='ltr'><strong><em>τυχόντα</em></strong></span> <span class='ocrx_word' id='word_1_71' title='bbox 1188 1153 1245 1214; x_wconf 81' lang='grc' dir='ltr'><strong><em>καὶ</em></strong></span> <span class='ocrx_word' id='word_1_72' title='bbox 1267 1153 1326 1238; x_wconf 83' lang='grc' dir='ltr'><strong><em>την</em></strong></span> <span class='ocrx_word' id='word_1_73' title='bbox 1349 1152 1508 1238; x_wconf 81' lang='grc' dir='ltr'><strong><em>άφορμην</em></strong></span> <span class='ocrx_word' id='word_1_74' title='bbox 1531 1151 1618 1231; x_wconf 82' lang='grc' dir='ltr'><strong><em>ἴσως</em></strong></span> 
     </span>
     <span class='ocr_line' id='line_1_9' title="bbox 358 1251 1617 1343; baseline -0.002 -23"><span class='ocrx_word' id='word_1_75' title='bbox 358 1261 603 1343; x_wconf 88' lang='grc' dir='ltr'><strong><em>παρεσχηκότα.</em></strong></span> <span class='ocrx_word' id='word_1_76' title='bbox 641 1258 759 1337; x_wconf 90' lang='grc' dir='ltr'><strong><em>όμοιον</em></strong></span> <span class='ocrx_word' id='word_1_77' title='bbox 774 1258 847 1339; x_wconf 92' lang='grc' dir='ltr'><strong><em>γάρ,</em></strong></span> <span class='ocrx_word' id='word_1_78' title='bbox 872 1255 988 1340; x_wconf 86' lang='grc' dir='ltr'><strong><em>ὥσπερ</em></strong></span> <span class='ocrx_word' id='word_1_79' title='bbox 1011 1253 1110 1330; x_wconf 88' lang='grc' dir='ltr'><strong><em>εἴτις</em></strong></span> <span class='ocrx_word' id='word_1_80' title='bbox 1126 1252 1216 1336; x_wconf 79' lang='grc' dir='ltr'><strong><em>αὐτῷ</em></strong></span> <span class='ocrx_word' id='word_1_81' title='bbox 1231 1257 1336 1334; x_wconf 87' lang='grc' dir='ltr'><strong><em>μόνον</em></strong></span> <span class='ocrx_word' id='word_1_82' title='bbox 1353 1251 1499 1335; x_wconf 76' lang='grc' dir='ltr'><strong><em>λάμπειν</em></strong></span> <span class='ocrx_word' id='word_1_83' title='bbox 1518 1253 1617 1342; x_wconf 84' lang='grc' dir='ltr'><strong><em>ηξίου</em></strong></span> 
     </span>
     <span class='ocr_line' id='line_1_10' title="bbox 250 1353 1619 1446; baseline -0.001 -23"><span class='ocrx_word' id='word_1_84' title='bbox 250 1369 253 1376; x_wconf 75' lang='grc'>“</span> <span class='ocrx_word' id='word_1_85' title='bbox 358 1363 416 1424; x_wconf 89' lang='grc' dir='ltr'><strong><em>τόν</em></strong></span> <span class='ocrx_word' id='word_1_86' title='bbox 438 1358 534 1446; x_wconf 77' lang='grc' dir='ltr'><strong><em>ἥλιον</em></strong></span> <span class='ocrx_word' id='word_1_87' title='bbox 554 1362 574 1446; x_wconf 81' lang='grc' dir='ltr'><em>ἢ</em></span> <span class='ocrx_word' id='word_1_88' title='bbox 598 1360 656 1422; x_wconf 88' lang='grc' dir='ltr'><strong><em>τόν</em></strong></span> <span class='ocrx_word' id='word_1_89' title='bbox 677 1360 747 1422; x_wconf 91' lang='grc' dir='ltr'><strong><em>Δία</em></strong></span> <span class='ocrx_word' id='word_1_90' title='bbox 770 1359 841 1420; x_wconf 81' lang='grc' dir='ltr'><strong><em>ὕειν</em></strong></span> <span class='ocrx_word' id='word_1_91' title='bbox 862 1358 882 1442; x_wconf 81' lang='grc' dir='ltr'><em>ἢ</em></span> <span class='ocrx_word' id='word_1_92' title='bbox 906 1359 985 1432; x_wconf 86' lang='grc' dir='ltr'><strong><em>τούς</em></strong></span> <span class='ocrx_word' id='word_1_93' title='bbox 1014 1357 1158 1436; x_wconf 85' lang='grc' dir='ltr'><strong><em>ἀνέμους</em></strong></span> <span class='ocrx_word' id='word_1_94' title='bbox 1188 1362 1285 1420; x_wconf 88' lang='grc' dir='ltr'><strong><em>πνεῖν</em></strong></span> <span class='ocrx_word' id='word_1_95' title='bbox 1312 1359 1332 1442; x_wconf 81' lang='grc' dir='ltr'><em>ἢ</em></span> <span class='ocrx_word' id='word_1_96' title='bbox 1361 1353 1489 1442; x_wconf 80' lang='grc' dir='ltr'><strong><em>μηδένα</em></strong></span> <span class='ocrx_word' id='word_1_97' title='bbox 1513 1355 1619 1422; x_wconf 84' lang='grc' dir='ltr'><strong><em>άλλον</em></strong></span> 
     </span>
     <span class='ocr_line' id='line_1_11' title="bbox 358 1449 1667 1546; baseline -0.001 -21"><span class='ocrx_word' id='word_1_98' title='bbox 358 1465 428 1526; x_wconf 88' lang='grc' dir='ltr'><strong><em>άπδ</em></strong></span> <span class='ocrx_word' id='word_1_99' title='bbox 452 1470 519 1524; x_wconf 84' lang='grc' dir='ltr'><strong><em>τῶν</em></strong></span> <span class='ocrx_word' id='word_1_100' title='bbox 545 1451 674 1546; x_wconf 83' lang='grc' dir='ltr'><strong><em>κρηνῶν</em></strong></span> <span class='ocrx_word' id='word_1_101' title='bbox 703 1457 876 1523; x_wconf 87' lang='grc' dir='ltr'><strong><em>δύνασθαι</em></strong></span> <span class='ocrx_word' id='word_1_102' title='bbox 904 1463 1007 1522; x_wconf 86' lang='grc' dir='ltr'><strong><em>πιεῖν.</em></strong></span> <span class='ocrx_word' id='word_1_103' title='bbox 1058 1449 1137 1521; x_wconf 75' lang='grc' dir='ltr'><strong><em>ἀλλ’</em></strong></span> <span class='ocrx_word' id='word_1_104' title='bbox 1163 1460 1250 1539; x_wconf 87' lang='grc' dir='ltr'><strong><em>ύμού</em></strong></span> <span class='ocrx_word' id='word_1_105' title='bbox 1277 1456 1617 1545; x_wconf 72' lang='grc' dir='ltr'><strong><em>φιλανθρωπότατος</em></strong></span> <span class='ocrx_word' id='word_1_106' title='bbox 1637 1474 1667 1526; x_wconf 87' lang='grc' dir='ltr'><strong><em>1ο</em></strong></span> 
     </span>
     <span class='ocr_line' id='line_1_12' title="bbox 359 1558 1620 1647; baseline -0.001 -21"><span class='ocrx_word' id='word_1_107' title='bbox 359 1567 406 1628; x_wconf 83' lang='grc' dir='ltr'><strong><em>ῶν</em></strong></span> <span class='ocrx_word' id='word_1_108' title='bbox 429 1558 483 1645; x_wconf 89' lang='grc' dir='ltr'><strong><em>&lt;ό&gt;</em></strong></span> <span class='ocrx_word' id='word_1_109' title='bbox 505 1564 719 1645; x_wconf 78' lang='grc' dir='ltr'><strong><em>αὐτοκράτωρ</em></strong></span> <span class='ocrx_word' id='word_1_110' title='bbox 741 1563 798 1624; x_wconf 87' lang='grc' dir='ltr'><strong><em>καί</em></strong></span> <span class='ocrx_word' id='word_1_111' title='bbox 827 1562 1055 1636; x_wconf 85' lang='grc' dir='ltr'><strong><em>συνετώτατος</em></strong></span> <span class='ocrx_word' id='word_1_112' title='bbox 1082 1561 1244 1622; x_wconf 83' lang='grc' dir='ltr'><strong><em>ἁπάντων</em></strong></span> <span class='ocrx_word' id='word_1_113' title='bbox 1275 1562 1354 1641; x_wconf 85' lang='grc' dir='ltr'><strong><em>έμοί</em></strong></span> <span class='ocrx_word' id='word_1_114' title='bbox 1381 1582 1418 1624; x_wconf 94' lang='grc' dir='ltr'><strong><em>τε</em></strong></span> <span class='ocrx_word' id='word_1_115' title='bbox 1449 1566 1620 1647; x_wconf 84' lang='grc' dir='ltr'><strong><em>παρέσχεν</em></strong></span> 
     </span>
     <span class='ocr_line' id='line_1_13' title="bbox 308 1659 1256 1749; baseline -0.007 -18"><span class='ocrx_word' id='word_1_116' title='bbox 308 1668 348 1732; x_wconf 88' lang='grc'><strong><em>16</em></strong></span> <span class='ocrx_word' id='word_1_117' title='bbox 362 1665 408 1728; x_wconf 81' lang='grc' dir='ltr'><strong><em>ὧν</em></strong></span> <span class='ocrx_word' id='word_1_118' title='bbox 429 1667 493 1748; x_wconf 77' lang='grc' dir='ltr'><strong><em>ἐγὼ</em></strong></span> <span class='ocrx_word' id='word_1_119' title='bbox 517 1662 659 1749; x_wconf 88' lang='grc' dir='ltr'><strong><em>έδεόμην</em></strong></span> <span class='ocrx_word' id='word_1_120' title='bbox 679 1666 736 1726; x_wconf 85' lang='grc' dir='ltr'><strong><em>καί</em></strong></span> <span class='ocrx_word' id='word_1_121' title='bbox 757 1660 875 1738; x_wconf 81' lang='grc' dir='ltr'><strong><em>ἄλλοις</em></strong></span> <span class='ocrx_word' id='word_1_122' title='bbox 898 1662 944 1726; x_wconf 85' lang='grc' dir='ltr'><strong><em>ὥν</em></strong></span> <span class='ocrx_word' id='word_1_123' title='bbox 966 1665 1088 1726; x_wconf 82' lang='grc' dir='ltr'><strong><em>ἐκεῖνον</em></strong></span> <span class='ocrx_word' id='word_1_124' title='bbox 1111 1659 1256 1726; x_wconf 80' lang='grc' dir='ltr'><strong><em>ἐδέοντο.</em></strong></span> 
     </span>
     <span class='ocr_line' id='line_1_14' title="bbox 443 1763 1619 1850; baseline -0.001 -19"><span class='ocrx_word' id='word_1_125' title='bbox 443 1770 535 1843; x_wconf 90' lang='grc' dir='ltr'><strong><em>τίνος</em></strong></span> <span class='ocrx_word' id='word_1_126' title='bbox 559 1767 616 1829; x_wconf 77' lang='grc' dir='ltr'><strong><em>οὖν</em></strong></span> <span class='ocrx_word' id='word_1_127' title='bbox 638 1770 745 1830; x_wconf 90' lang='grc' dir='ltr'><strong><em>ένεκεν</em></strong></span> <span class='ocrx_word' id='word_1_128' title='bbox 768 1765 883 1850; x_wconf 86' lang='grc' dir='ltr'><strong><em>εἴρηκα</em></strong></span> <span class='ocrx_word' id='word_1_129' title='bbox 907 1768 1018 1828; x_wconf 89' lang='grc' dir='ltr'><strong><em>πάντα</em></strong></span> <span class='ocrx_word' id='word_1_130' title='bbox 1042 1773 1161 1829; x_wconf 83' lang='grc' dir='ltr'><strong><em>τούτου</em></strong></span> <span class='ocrx_word' id='word_1_131' title='bbox 1183 1768 1241 1828; x_wconf 89' lang='grc' dir='ltr'><strong><em>τόν</em></strong></span> <span class='ocrx_word' id='word_1_132' title='bbox 1264 1763 1372 1848; x_wconf 91' lang='grc' dir='ltr'><strong><em>λόγον,</em></strong></span> <span class='ocrx_word' id='word_1_133' title='bbox 1395 1768 1480 1847; x_wconf 83' lang='grc' dir='ltr'><strong><em>ὑπὲρ</em></strong></span> <span class='ocrx_word' id='word_1_134' title='bbox 1504 1763 1619 1830; x_wconf 75' lang='grc' dir='ltr'><strong><em>ἄλλων</em></strong></span> 
     </span>
     <span class='ocr_line' id='line_1_15' title="bbox 358 1867 1619 1954; baseline -0.002 -21"><span class='ocrx_word' id='word_1_135' title='bbox 358 1873 451 1952; x_wconf 84' lang='grc' dir='ltr'><strong><em>ὑμῶν</em></strong></span> <span class='ocrx_word' id='word_1_136' title='bbox 473 1867 723 1952; x_wconf 83' lang='grc' dir='ltr'><strong><em>βουλευομένων</em></strong></span> <span class='ocrx_word' id='word_1_137' title='bbox 729 1891 742 1945; x_wconf 90' lang='grc'><strong><em>,·</em></strong></span> <span class='ocrx_word' id='word_1_138' title='bbox 764 1871 817 1931; x_wconf 88' lang='grc' dir='ltr'><strong><em>ότι</em></strong></span> <span class='ocrx_word' id='word_1_139' title='bbox 838 1870 894 1932; x_wconf 87' lang='grc' dir='ltr'><strong><em>καί</em></strong></span> <span class='ocrx_word' id='word_1_140' title='bbox 916 1870 1036 1930; x_wconf 90' lang='grc' dir='ltr'><strong><em>τούτου</em></strong></span> <span class='ocrx_word' id='word_1_141' title='bbox 1060 1875 1122 1930; x_wconf 83' lang='grc' dir='ltr'><strong><em>τοῦ</em></strong></span> <span class='ocrx_word' id='word_1_142' title='bbox 1140 1871 1340 1953; x_wconf 85' lang='grc' dir='ltr'><strong><em>πράγματος</em></strong></span> <span class='ocrx_word' id='word_1_143' title='bbox 1361 1869 1425 1951; x_wconf 77' lang='grc' dir='ltr'><strong><em>ἐγὼ</em></strong></span> <span class='ocrx_word' id='word_1_144' title='bbox 1450 1871 1619 1954; x_wconf 87' lang='grc' dir='ltr'><strong><em>πρότερος</em></strong></span> 
     </span>
     <span class='ocr_line' id='line_1_16' title="bbox 357 1967 1666 2059; baseline -0.001 -24"><span class='ocrx_word' id='word_1_145' title='bbox 357 1976 499 2059; x_wconf 72' lang='grc' dir='ltr'><strong><em>ἡψάμην</em></strong></span> <span class='ocrx_word' id='word_1_146' title='bbox 514 1974 571 2035; x_wconf 85' lang='grc' dir='ltr'><strong><em>καί</em></strong></span> <span class='ocrx_word' id='word_1_147' title='bbox 585 1967 734 2047; x_wconf 87' lang='grc' dir='ltr'><strong><em>πολλούς</em></strong></span> <span class='ocrx_word' id='word_1_148' title='bbox 749 1969 848 2033; x_wconf 80' lang='grc' dir='ltr'><strong><em>εἷπον</em></strong></span> <span class='ocrx_word' id='word_1_149' title='bbox 863 1967 989 2033; x_wconf 81' lang='grc' dir='ltr'><strong><em>ἐνθάδε</em></strong></span> <span class='ocrx_word' id='word_1_150' title='bbox 1006 1967 1124 2052; x_wconf 89' lang='grc' dir='ltr'><strong><em>λόγους</em></strong></span> <span class='ocrx_word' id='word_1_151' title='bbox 1139 1972 1225 2054; x_wconf 80' lang='grc' dir='ltr'><strong><em>ὑπὲρ</em></strong></span> <span class='ocrx_word' id='word_1_152' title='bbox 1242 1972 1412 2051; x_wconf 79' lang='grc' dir='ltr'><strong><em>ὁμονοίας,</em></strong></span> <span class='ocrx_word' id='word_1_153' title='bbox 1427 1973 1614 2057; x_wconf 72' lang='grc' dir='ltr'><strong><em>ἡγούμενος</em></strong></span> <span class='ocrx_word' id='word_1_154' title='bbox 1637 1983 1666 2034; x_wconf 80' lang='lat'><strong><em>15</em></strong></span> 
     </span>
     <span class='ocr_line' id='line_1_17' title="bbox 359 2067 1615 2161; baseline -0.002 -23"><span class='ocrx_word' id='word_1_155' title='bbox 359 2079 543 2161; x_wconf 81' lang='grc' dir='ltr'><strong><em>συμφέρειν</em></strong></span> <span class='ocrx_word' id='word_1_156' title='bbox 558 2082 599 2159; x_wconf 75' lang='grc' dir='ltr'><strong><em>τῇ</em></strong></span> <span class='ocrx_word' id='word_1_157' title='bbox 615 2070 715 2136; x_wconf 80' lang='grc' dir='ltr'><strong><em>πόλει</em></strong></span> <span class='ocrx_word' id='word_1_158' title='bbox 729 2079 829 2135; x_wconf 80' lang='grc' dir='ltr'><strong><em>τοῦτο</em></strong></span> <span class='ocrx_word' id='word_1_159' title='bbox 843 2067 935 2155; x_wconf 80' lang='grc' dir='ltr'><strong><em>(καί)</em></strong></span> <span class='ocrx_word' id='word_1_160' title='bbox 948 2079 1099 2157; x_wconf 86' lang='grc' dir='ltr'><strong><em>κρεῖττον</em></strong></span> <span class='ocrx_word' id='word_1_161' title='bbox 1115 2071 1202 2135; x_wconf 86' lang='grc' dir='ltr'><strong><em>εἶναι</em></strong></span> <span class='ocrx_word' id='word_1_162' title='bbox 1213 2074 1257 2159; x_wconf 82' lang='grc' dir='ltr'><strong><em>μη</em></strong></span> <span class='ocrx_word' id='word_1_163' title='bbox 1276 2069 1509 2157; x_wconf 88' lang='grc' dir='ltr'><strong><em>διαφέρεσθαι</em></strong></span> <span class='ocrx_word' id='word_1_164' title='bbox 1524 2076 1615 2159; x_wconf 86' lang='grc' dir='ltr'><strong><em>πρός</em></strong></span> 
     </span>
     <span class='ocr_line' id='line_1_18' title="bbox 356 2171 1614 2263; baseline -0.002 -22"><span class='ocrx_word' id='word_1_165' title='bbox 356 2175 484 2263; x_wconf 86' lang='grc' dir='ltr'><strong><em>μηδένα</em></strong></span> <span class='ocrx_word' id='word_1_166' title='bbox 500 2177 707 2258; x_wconf 83' lang='grc' dir='ltr'><strong><em>ἀνθρώπων,</em></strong></span> <span class='ocrx_word' id='word_1_167' title='bbox 729 2177 849 2260; x_wconf 77' lang='grc' dir='ltr'><strong><em>ἥκιστα</em></strong></span> <span class='ocrx_word' id='word_1_168' title='bbox 866 2171 902 2237; x_wconf 82' lang='grc' dir='ltr'><strong><em>δέ</em></strong></span> <span class='ocrx_word' id='word_1_169' title='bbox 919 2173 1016 2254; x_wconf 82' lang='grc' dir='ltr'><strong><em>οἶμαι</em></strong></span> <span class='ocrx_word' id='word_1_170' title='bbox 1031 2176 1119 2256; x_wconf 89' lang='grc' dir='ltr'><strong><em>πρός</em></strong></span> <span class='ocrx_word' id='word_1_171' title='bbox 1133 2176 1212 2249; x_wconf 83' lang='grc' dir='ltr'><strong><em>τούς</em></strong></span> <span class='ocrx_word' id='word_1_172' title='bbox 1227 2175 1322 2257; x_wconf 88' lang='grc' dir='ltr'><strong><em>έγγύς</em></strong></span> <span class='ocrx_word' id='word_1_173' title='bbox 1338 2176 1426 2237; x_wconf 82' lang='grc' dir='ltr'><strong><em>οὕτω</em></strong></span> <span class='ocrx_word' id='word_1_174' title='bbox 1440 2177 1497 2238; x_wconf 81' lang='grc' dir='ltr'><strong><em>καὶ</em></strong></span> <span class='ocrx_word' id='word_1_175' title='bbox 1512 2178 1614 2238; x_wconf 85' lang='grc' dir='ltr'><strong><em>ἀστυ-</em></strong></span> 
     </span>
     <span class='ocr_line' id='line_1_19' title="bbox 357 2272 1719 2364; baseline -0.007 -20"><span class='ocrx_word' id='word_1_176' title='bbox 357 2283 519 2364; x_wconf 89' lang='grc' dir='ltr'><strong><em>γείτονας.</em></strong></span> <span class='ocrx_word' id='word_1_177' title='bbox 557 2281 595 2341; x_wconf 91' lang='grc' dir='ltr'><strong><em>ού</em></strong></span> <span class='ocrx_word' id='word_1_178' title='bbox 610 2284 728 2359; x_wconf 90' lang='grc' dir='ltr'><strong><em>μέντοι</em></strong></span> <span class='ocrx_word' id='word_1_179' title='bbox 744 2280 831 2362; x_wconf 87' lang='grc' dir='ltr'><strong><em>πρός</em></strong></span> <span class='ocrx_word' id='word_1_180' title='bbox 845 2279 992 2352; x_wconf 77' lang='grc' dir='ltr'><strong><em>ἐκείνους</em></strong></span> <span class='ocrx_word' id='word_1_181' title='bbox 1006 2297 1042 2359; x_wconf 90' lang='grc' dir='ltr'><strong><em>γε</em></strong></span> <span class='ocrx_word' id='word_1_182' title='bbox 1057 2272 1167 2361; x_wconf 80' lang='grc' dir='ltr'><strong><em>ἦλθον</em></strong></span> <span class='ocrx_word' id='word_1_183' title='bbox 1191 2273 1267 2339; x_wconf 85' lang='grc' dir='ltr'><strong><em>ούδὲ</em></strong></span> <span class='ocrx_word' id='word_1_184' title='bbox 1291 2276 1390 2340; x_wconf 83' lang='grc' dir='ltr'><strong><em>εἶπον</em></strong></span> <span class='ocrx_word' id='word_1_185' title='bbox 1414 2275 1614 2364; x_wconf 89' lang='grc' dir='ltr'><strong><em>φιλάνθρω-</em></strong></span> <span class='ocrx_word' id='word_1_186' title='bbox 1631 2289 1719 2344; x_wconf 69' lang='grc' dir='ltr'><strong><em>σενα</em></strong></span> 
     </span>
     <span class='ocr_line' id='line_1_20' title="bbox 359 2375 1615 2466; baseline -0.004 -21"><span class='ocrx_word' id='word_1_187' title='bbox 359 2403 425 2446; x_wconf 87' lang='grc' dir='ltr'><strong><em>πον</em></strong></span> <span class='ocrx_word' id='word_1_188' title='bbox 438 2380 534 2446; x_wconf 80' lang='grc' dir='ltr'><strong><em>οὐδέν</em></strong></span> <span class='ocrx_word' id='word_1_189' title='bbox 550 2384 616 2466; x_wconf 89' lang='grc' dir='ltr'><strong><em>πρό</em></strong></span> <span class='ocrx_word' id='word_1_190' title='bbox 633 2389 695 2444; x_wconf 85' lang='grc' dir='ltr'><strong><em>τού</em></strong></span> <span class='ocrx_word' id='word_1_191' title='bbox 706 2377 954 2466; x_wconf 76' lang='grc' dir='ltr'><strong><em>καταλλαγῆναι</em></strong></span> <span class='ocrx_word' id='word_1_192' title='bbox 970 2375 1118 2466; x_wconf 78' lang='grc' dir='ltr'><strong><em>δημοσίᾳ</em></strong></span> <span class='ocrx_word' id='word_1_193' title='bbox 1134 2382 1193 2466; x_wconf 75' lang='grc' dir='ltr'><strong><em>την</em></strong></span> <span class='ocrx_word' id='word_1_194' title='bbox 1209 2377 1310 2442; x_wconf 90' lang='grc' dir='ltr'><strong><em>πόλιν</em></strong></span> <span class='ocrx_word' id='word_1_195' title='bbox 1325 2382 1381 2442; x_wconf 86' lang='grc' dir='ltr'><strong><em>καί</em></strong></span> <span class='ocrx_word' id='word_1_196' title='bbox 1394 2377 1515 2466; x_wconf 84' lang='grc' dir='ltr'><strong><em>φίλους</em></strong></span> <span class='ocrx_word' id='word_1_197' title='bbox 1526 2381 1615 2460; x_wconf 80' lang='grc' dir='ltr'><strong><em>ὑμᾶς</em></strong></span> 
     </span>
     <span class='ocr_line' id='line_1_21' title="bbox 357 2480 1668 2569; baseline -0.003 -21"><span class='ocrx_word' id='word_1_198' title='bbox 357 2485 530 2568; x_wconf 90' lang='grc' dir='ltr'><strong><em>γενέσθαι.</em></strong></span> <span class='ocrx_word' id='word_1_199' title='bbox 568 2485 680 2546; x_wconf 92' lang='grc' dir='ltr'><strong><em>καίτοι</em></strong></span> <span class='ocrx_word' id='word_1_200' title='bbox 696 2485 861 2568; x_wconf 79' lang='grc' dir='ltr'><strong><em>ψήφισμά</em></strong></span> <span class='ocrx_word' id='word_1_201' title='bbox 886 2502 922 2565; x_wconf 91' lang='grc' dir='ltr'><strong><em>γε</em></strong></span> <span class='ocrx_word' id='word_1_202' title='bbox 938 2483 1099 2566; x_wconf 78' lang='grc' dir='ltr'><strong><em>ἔπεμψαν</em></strong></span> <span class='ocrx_word' id='word_1_203' title='bbox 1115 2483 1219 2559; x_wconf 87' lang='grc' dir='ltr'><strong><em>εύθύς</em></strong></span> <span class='ocrx_word' id='word_1_204' title='bbox 1234 2484 1269 2546; x_wconf 82' lang='grc' dir='ltr'><strong><em>ἐν</em></strong></span> <span class='ocrx_word' id='word_1_205' title='bbox 1285 2484 1370 2568; x_wconf 79' lang='grc' dir='ltr'><strong><em>ἀρχῇ</em></strong></span> <span class='ocrx_word' id='word_1_206' title='bbox 1387 2480 1616 2569; x_wconf 84' lang='grc' dir='ltr'><strong><em>φιλοφρονού-</em></strong></span> <span class='ocrx_word' id='word_1_207' title='bbox 1639 2494 1668 2544; x_wconf 78' lang='grc'><strong><em>111</em></strong></span> 
     </span>
     <span class='ocr_line' id='line_1_22' title="bbox 357 2580 1616 2670; baseline -0.001 -22"><span class='ocrx_word' id='word_1_208' title='bbox 357 2605 454 2666; x_wconf 88' lang='grc' dir='ltr'><strong><em>μενοι</em></strong></span> <span class='ocrx_word' id='word_1_209' title='bbox 476 2586 532 2647; x_wconf 80' lang='grc' dir='ltr'><strong><em>καὶ</em></strong></span> <span class='ocrx_word' id='word_1_210' title='bbox 555 2580 827 2668; x_wconf 77' lang='grc' dir='ltr'><strong><em>παρακαλοῦντες</em></strong></span> <span class='ocrx_word' id='word_1_211' title='bbox 848 2584 1059 2670; x_wconf 79' lang='grc' dir='ltr'><strong><em>ἀφικέσθαι·</em></strong></span> <span class='ocrx_word' id='word_1_212' title='bbox 1087 2587 1143 2648; x_wconf 90' lang='grc' dir='ltr'><strong><em>καί</em></strong></span> <span class='ocrx_word' id='word_1_213' title='bbox 1172 2581 1284 2647; x_wconf 89' lang='grc' dir='ltr'><strong><em>πολλά</em></strong></span> <span class='ocrx_word' id='word_1_214' title='bbox 1307 2582 1421 2648; x_wconf 89' lang='grc' dir='ltr'><strong><em>δίκαιά</em></strong></span> <span class='ocrx_word' id='word_1_215' title='bbox 1443 2605 1504 2665; x_wconf 89' lang='grc' dir='ltr'><strong><em>μοι</em></strong></span> <span class='ocrx_word' id='word_1_216' title='bbox 1526 2587 1616 2670; x_wconf 87' lang='grc' dir='ltr'><strong><em>πρός</em></strong></span> 
     </span>
     <span class='ocr_line' id='line_1_23' title="bbox 359 2679 1616 2773; baseline 0.001 -24"><span class='ocrx_word' id='word_1_217' title='bbox 359 2689 480 2762; x_wconf 88' lang='grc' dir='ltr'><strong><em>αύτούς</em></strong></span> <span class='ocrx_word' id='word_1_218' title='bbox 494 2688 651 2773; x_wconf 76' lang='grc' dir='ltr'><strong><em>ὑπῆρχεν,</em></strong></span> <span class='ocrx_word' id='word_1_219' title='bbox 668 2688 784 2772; x_wconf 86' lang='grc' dir='ltr'><strong><em>ὥσπερ</em></strong></span> <span class='ocrx_word' id='word_1_220' title='bbox 800 2682 890 2768; x_wconf 78' lang='grc' dir='ltr'><strong><em>άλλη)</em></strong></span> <span class='ocrx_word' id='word_1_221' title='bbox 907 2688 974 2749; x_wconf 88' lang='grc' dir='ltr'><strong><em>τινί</em></strong></span> <span class='ocrx_word' id='word_1_222' title='bbox 988 2692 1055 2749; x_wconf 82' lang='grc' dir='ltr'><strong><em>τῶν</em></strong></span> <span class='ocrx_word' id='word_1_223' title='bbox 1070 2687 1244 2750; x_wconf 76' lang='grc' dir='ltr'><strong><em>ἐντεῦθεν·</em></strong></span> <span class='ocrx_word' id='word_1_224' title='bbox 1262 2679 1335 2750; x_wconf 80' lang='grc' dir='ltr'><strong><em>ἀλλ’</em></strong></span> <span class='ocrx_word' id='word_1_225' title='bbox 1356 2689 1448 2768; x_wconf 88' lang='grc' dir='ltr'><strong><em>όμως</em></strong></span> <span class='ocrx_word' id='word_1_226' title='bbox 1460 2688 1518 2767; x_wconf 91' lang='grc' dir='ltr'><strong><em>ούχ</em></strong></span> <span class='ocrx_word' id='word_1_227' title='bbox 1533 2688 1616 2750; x_wconf 85' lang='grc' dir='ltr'><strong><em>ύπέ-</em></strong></span> 
     </span>
     <span class='ocr_line' id='line_1_24' title="bbox 357 2779 1615 2876; baseline 0.002 -24"><span class='ocrx_word' id='word_1_228' title='bbox 357 2809 459 2870; x_wconf 86' lang='grc' dir='ltr'><strong><em>μενον</em></strong></span> <span class='ocrx_word' id='word_1_229' title='bbox 487 2786 845 2876; x_wconf 81' lang='grc' dir='ltr'><strong><em>φιλανθρωπεύεσθαι</em></strong></span> <span class='ocrx_word' id='word_1_230' title='bbox 873 2779 948 2850; x_wconf 76' lang='grc' dir='ltr'><strong><em>κατ’</em></strong></span> <span class='ocrx_word' id='word_1_231' title='bbox 979 2790 1140 2868; x_wconf 88' lang='grc' dir='ltr'><strong><em>έμαυτόν,</em></strong></span> <span class='ocrx_word' id='word_1_232' title='bbox 1171 2786 1255 2851; x_wconf 84' lang='grc' dir='ltr'><strong><em>ἀλλά</em></strong></span> <span class='ocrx_word' id='word_1_233' title='bbox 1284 2799 1381 2876; x_wconf 81' lang='grc' dir='ltr'><strong><em>κοινῇ</em></strong></span> <span class='ocrx_word' id='word_1_234' title='bbox 1405 2781 1490 2871; x_wconf 76' lang='grc' dir='ltr'><strong><em>μεθ’</em></strong></span> <span class='ocrx_word' id='word_1_235' title='bbox 1521 2792 1615 2872; x_wconf 80' lang='grc' dir='ltr'><strong><em>ὑμῶν</em></strong></span> 
     </span>
     <span class='ocr_line' id='line_1_25' title="bbox 308 2888 1616 2978; baseline -0.001 -22"><span class='ocrx_word' id='word_1_236' title='bbox 308 2895 346 2956; x_wconf 87' lang='grc'><strong><em>17</em></strong></span> <span class='ocrx_word' id='word_1_237' title='bbox 361 2893 476 2968; x_wconf 79' lang='grc' dir='ltr'><strong><em>αὐτοῖς</em></strong></span> <span class='ocrx_word' id='word_1_238' title='bbox 490 2889 676 2978; x_wconf 82' lang='grc' dir='ltr'><strong><em>έβουλόμην</em></strong></span> <span class='ocrx_word' id='word_1_239' title='bbox 691 2892 854 2976; x_wconf 84' lang='grc' dir='ltr'><strong><em>γενέσθαι</em></strong></span> <span class='ocrx_word' id='word_1_240' title='bbox 870 2888 980 2978; x_wconf 83' lang='grc' dir='ltr'><strong><em>φίλος.</em></strong></span> <span class='ocrx_word' id='word_1_241' title='bbox 1007 2891 1090 2953; x_wconf 90' lang='grc' dir='ltr'><strong><em>όθεν</em></strong></span> <span class='ocrx_word' id='word_1_242' title='bbox 1105 2892 1309 2977; x_wconf 81' lang='grc' dir='ltr'><strong><em>ὑφεωρῶντό</em></strong></span> <span class='ocrx_word' id='word_1_243' title='bbox 1320 2913 1362 2972; x_wconf 89' lang='grc' dir='ltr'><strong><em>με</em></strong></span> <span class='ocrx_word' id='word_1_244' title='bbox 1373 2895 1430 2956; x_wconf 81' lang='grc' dir='ltr'><strong><em>καὶ</em></strong></span> <span class='ocrx_word' id='word_1_245' title='bbox 1446 2889 1616 2978; x_wconf 82' lang='grc' dir='ltr'><strong><em>δυσχερῶς</em></strong></span> 
     </span>
     <span class='ocr_line' id='line_1_26' title="bbox 358 2990 1669 3081; baseline -0.002 -23"><span class='ocrx_word' id='word_1_246' title='bbox 358 2993 456 3074; x_wconf 87' lang='grc' dir='ltr'><strong><em>εἶχον.</em></strong></span> <span class='ocrx_word' id='word_1_247' title='bbox 483 2997 540 3057; x_wconf 86' lang='grc' dir='ltr'><strong><em>καί</em></strong></span> <span class='ocrx_word' id='word_1_248' title='bbox 550 3002 607 3058; x_wconf 80' lang='grc' dir='ltr'><strong><em>νῦν</em></strong></span> <span class='ocrx_word' id='word_1_249' title='bbox 620 2995 817 3076; x_wconf 89' lang='grc' dir='ltr'><strong><em>πυθόμενος</em></strong></span> <span class='ocrx_word' id='word_1_250' title='bbox 832 2995 893 3070; x_wconf 87' lang='grc' dir='ltr'><strong><em>τάς</em></strong></span> <span class='ocrx_word' id='word_1_251' title='bbox 909 2990 1081 3069; x_wconf 89' lang='grc' dir='ltr'><strong><em>διαλύσεις</em></strong></span> <span class='ocrx_word' id='word_1_252' title='bbox 1092 2995 1149 3056; x_wconf 85' lang='grc' dir='ltr'><strong><em>καί</em></strong></span> <span class='ocrx_word' id='word_1_253' title='bbox 1163 2995 1222 3080; x_wconf 77' lang='grc' dir='ltr'><strong><em>την</em></strong></span> <span class='ocrx_word' id='word_1_254' title='bbox 1239 2992 1358 3079; x_wconf 79' lang='grc' dir='ltr'><strong><em>φιλίαν</em></strong></span> <span class='ocrx_word' id='word_1_255' title='bbox 1370 2999 1495 3081; x_wconf 89' lang='grc' dir='ltr'><strong><em>ταύτην</em></strong></span> <span class='ocrx_word' id='word_1_256' title='bbox 1508 3015 1616 3080; x_wconf 86' lang='grc' dir='ltr'><strong><em>πρατ-</em></strong></span> <span class='ocrx_word' id='word_1_257' title='bbox 1638 3005 1669 3056; x_wconf 75' lang='lat'><strong><em>25</em></strong></span> 
     </span>
     <span class='ocr_line' id='line_1_27' title="bbox 357 3092 1614 3184; baseline 0.002 -26"><span class='ocrx_word' id='word_1_258' title='bbox 357 3103 509 3182; x_wconf 90' lang='grc' dir='ltr'><strong><em>τομένην,</em></strong></span> <span class='ocrx_word' id='word_1_259' title='bbox 530 3099 587 3160; x_wconf 92' lang='grc' dir='ltr'><strong><em>καί</em></strong></span> <span class='ocrx_word' id='word_1_260' title='bbox 603 3101 853 3183; x_wconf 77' lang='grc' dir='ltr'><strong><em>Ψηφισαμένων</em></strong></span> <span class='ocrx_word' id='word_1_261' title='bbox 868 3097 961 3176; x_wconf 83' lang='grc' dir='ltr'><strong><em>ὑμῶν</em></strong></span> <span class='ocrx_word' id='word_1_262' title='bbox 976 3098 1034 3177; x_wconf 82' lang='grc' dir='ltr'><strong><em>έμὲ</em></strong></span> <span class='ocrx_word' id='word_1_263' title='bbox 1049 3092 1172 3173; x_wconf 82' lang='grc' dir='ltr'><strong><em>καλεῖν,</em></strong></span> <span class='ocrx_word' id='word_1_264' title='bbox 1197 3093 1282 3172; x_wconf 83' lang='grc' dir='ltr'><strong><em>ἴσως</em></strong></span> <span class='ocrx_word' id='word_1_265' title='bbox 1296 3098 1352 3160; x_wconf 81' lang='grc' dir='ltr'><strong><em>καί</em></strong></span> <span class='ocrx_word' id='word_1_266' title='bbox 1373 3101 1498 3184; x_wconf 87' lang='grc' dir='ltr'><strong><em>ταύτης</em></strong></span> <span class='ocrx_word' id='word_1_267' title='bbox 1519 3100 1614 3161; x_wconf 85' lang='grc' dir='ltr'><strong><em>ένεκα</em></strong></span> 
     </span>
     <span class='ocr_line' id='line_1_28' title="bbox 357 3193 1612 3284; baseline 0.002 -24"><span class='ocrx_word' id='word_1_268' title='bbox 357 3207 416 3284; x_wconf 82' lang='grc' dir='ltr'><strong><em>τῆς</em></strong></span> <span class='ocrx_word' id='word_1_269' title='bbox 436 3200 551 3283; x_wconf 86' lang='grc' dir='ltr'><strong><em>χρείας</em></strong></span> <span class='ocrx_word' id='word_1_270' title='bbox 580 3199 688 3279; x_wconf 81' lang='grc' dir='ltr'><strong><em>(τυχόν</em></strong></span> <span class='ocrx_word' id='word_1_271' title='bbox 715 3199 776 3283; x_wconf 87' lang='grc' dir='ltr'><strong><em>γάρ</em></strong></span> <span class='ocrx_word' id='word_1_272' title='bbox 807 3193 964 3284; x_wconf 81' lang='grc' dir='ltr'><strong><em>ηλπίζετε</em></strong></span> <span class='ocrx_word' id='word_1_273' title='bbox 992 3199 1102 3278; x_wconf 81' lang='grc' dir='ltr'><strong><em>κάμοῦ</em></strong></span> <span class='ocrx_word' id='word_1_274' title='bbox 1128 3202 1356 3279; x_wconf 90' lang='grc' dir='ltr'><strong><em>μετασχόντος</em></strong></span> <span class='ocrx_word' id='word_1_275' title='bbox 1377 3197 1463 3284; x_wconf 76' lang='grc' dir='ltr'><strong><em>ῥᾷον</em></strong></span> <span class='ocrx_word' id='word_1_276' title='bbox 1485 3197 1612 3281; x_wconf 89' lang='grc' dir='ltr'><strong><em>μάλλον</em></strong></span> 
     </span>
     <span class='ocr_line' id='line_1_29' title="bbox 357 3298 1719 3387; baseline -0.002 -25"><span class='ocrx_word' id='word_1_277' title='bbox 357 3304 413 3365; x_wconf 90' lang='grc' dir='ltr'><strong><em>καί</em></strong></span> <span class='ocrx_word' id='word_1_278' title='bbox 443 3298 697 3387; x_wconf 79' lang='grc' dir='ltr'><strong><em>ἀσφαλέστερον</em></strong></span> <span class='ocrx_word' id='word_1_279' title='bbox 727 3301 874 3363; x_wconf 89' lang='grc' dir='ltr'><strong><em>έσεσθαι</em></strong></span> <span class='ocrx_word' id='word_1_280' title='bbox 902 3303 1031 3363; x_wconf 87' lang='grc' dir='ltr'><strong><em>πάντα·</em></strong></span> <span class='ocrx_word' id='word_1_281' title='bbox 1058 3301 1172 3364; x_wconf 86' lang='grc' dir='ltr'><strong><em>καίτοι</em></strong></span> <span class='ocrx_word' id='word_1_282' title='bbox 1201 3303 1257 3364; x_wconf 86' lang='grc' dir='ltr'><strong><em>καί</em></strong></span> <span class='ocrx_word' id='word_1_283' title='bbox 1285 3309 1342 3364; x_wconf 86' lang='grc' dir='ltr'><strong><em>νῦν</em></strong></span> <span class='ocrx_word' id='word_1_284' title='bbox 1372 3299 1457 3376; x_wconf 82' lang='grc' dir='ltr'><strong><em>ἴσως</em></strong></span> <span class='ocrx_word' id='word_1_285' title='bbox 1480 3302 1518 3364; x_wconf 89' lang='grc' dir='ltr'><strong><em>ού</em></strong></span> <span class='ocrx_word' id='word_1_286' title='bbox 1541 3308 1677 3378; x_wconf 66' lang='lat' dir='ltr'><strong><em>volgum</em></strong></span> <span class='ocrx_word' id='word_1_287' title='bbox 1689 3311 1719 3360; x_wconf 80' lang='grc' dir='ltr'><strong><em>ιῐν</em></strong></span> 
     </span>
     <span class='ocr_line' id='line_1_30' title="bbox 359 3399 1615 3489; baseline 0.002 -25"><span class='ocrx_word' id='word_1_288' title='bbox 359 3411 509 3487; x_wconf 83' lang='grc' dir='ltr'><strong><em>παροῦσι</em></strong></span> <span class='ocrx_word' id='word_1_289' title='bbox 529 3406 643 3485; x_wconf 91' lang='grc' dir='ltr'><strong><em>μόνον,</em></strong></span> <span class='ocrx_word' id='word_1_290' title='bbox 666 3400 751 3465; x_wconf 83' lang='grc' dir='ltr'><strong><em>ἀλλά</em></strong></span> <span class='ocrx_word' id='word_1_291' title='bbox 766 3403 868 3484; x_wconf 87' lang='grc' dir='ltr'><strong><em>κάμοί</em></strong></span> <span class='ocrx_word' id='word_1_292' title='bbox 889 3407 1045 3484; x_wconf 86' lang='grc' dir='ltr'><strong><em>νέμοντες</em></strong></span> <span class='ocrx_word' id='word_1_293' title='bbox 1067 3399 1165 3489; x_wconf 79' lang='grc' dir='ltr'><strong><em>τιμην</em></strong></span> <span class='ocrx_word' id='word_1_294' title='bbox 1180 3403 1265 3484; x_wconf 91' lang='grc' dir='ltr'><strong><em>μετά</em></strong></span> <span class='ocrx_word' id='word_1_295' title='bbox 1288 3409 1355 3466; x_wconf 84' lang='grc' dir='ltr'><strong><em>τῶν</em></strong></span> <span class='ocrx_word' id='word_1_296' title='bbox 1378 3401 1500 3481; x_wconf 79' lang='grc' dir='ltr'><strong><em>ἄλλων,</em></strong></span> <span class='ocrx_word' id='word_1_297' title='bbox 1524 3401 1615 3487; x_wconf 86' lang='grc' dir='ltr'><strong><em>λογι-</em></strong></span> 
     </span>
     <span class='ocr_line' id='line_1_31' title="bbox 360 3501 1665 3592; baseline -0.002 -25"><span class='ocrx_word' id='word_1_298' title='bbox 360 3501 494 3586; x_wconf 87' lang='grc' dir='ltr'><strong><em>ζόμενοι</em></strong></span> <span class='ocrx_word' id='word_1_299' title='bbox 514 3507 598 3586; x_wconf 79' lang='grc' dir='ltr'><strong><em>κάμε</em></strong></span> <span class='ocrx_word' id='word_1_300' title='bbox 615 3503 759 3591; x_wconf 89' lang='grc' dir='ltr'><strong><em>πολίτην</em></strong></span> <span class='ocrx_word' id='word_1_301' title='bbox 773 3507 943 3592; x_wconf 82' lang='grc' dir='ltr'><strong><em>ὑμέτερον,</em></strong></span> <span class='ocrx_word' id='word_1_302' title='bbox 966 3507 1064 3585; x_wconf 89' lang='grc' dir='ltr'><strong><em>τυχόν</em></strong></span> <span class='ocrx_word' id='word_1_303' title='bbox 1080 3507 1337 3591; x_wconf 86' lang='grc' dir='ltr'><strong><em>προθυμότεροι</em></strong></span> <span class='ocrx_word' id='word_1_304' title='bbox 1353 3510 1509 3590; x_wconf 90' lang='grc' dir='ltr'><strong><em>γεγόνασι</em></strong></span> <span class='ocrx_word' id='word_1_305' title='bbox 1524 3508 1613 3590; x_wconf 85' lang='grc' dir='ltr'><strong><em>πρὸς</em></strong></span> <span class='ocrx_word' id='word_1_306' title='bbox 1636 3513 1665 3565; x_wconf 81' lang='lat'><strong><em>³0</em></strong></span> 
     </span>
     <span class='ocr_line' id='line_1_32' title="bbox 358 3604 1615 3696; baseline 0 -26"><span class='ocrx_word' id='word_1_307' title='bbox 358 3607 453 3688; x_wconf 80' lang='grc' dir='ltr'><strong><em>ὑμᾶς)</em></strong></span> <span class='ocrx_word' id='word_1_308' title='bbox 475 3611 567 3689; x_wconf 89' lang='grc' dir='ltr'><strong><em>όμως</em></strong></span> <span class='ocrx_word' id='word_1_309' title='bbox 588 3604 662 3692; x_wconf 88' lang='grc' dir='ltr'><strong><em>&lt;ού&gt;</em></strong></span> <span class='ocrx_word' id='word_1_310' title='bbox 685 3606 819 3696; x_wconf 90' lang='grc' dir='ltr'><strong><em>σφόδρα</em></strong></span> <span class='ocrx_word' id='word_1_311' title='bbox 841 3609 1013 3695; x_wconf 86' lang='grc' dir='ltr'><strong><em>ηπείχθην</em></strong></span> <span class='ocrx_word' id='word_1_312' title='bbox 1036 3605 1280 3690; x_wconf 78' lang='grc' dir='ltr'><strong><em>εὐλαβούμενος</em></strong></span> <span class='ocrx_word' id='word_1_313' title='bbox 1294 3605 1339 3693; x_wconf 80' lang='grc' dir='ltr'><strong><em>μὴ</em></strong></span> <span class='ocrx_word' id='word_1_314' title='bbox 1355 3613 1491 3694; x_wconf 89' lang='grc' dir='ltr'><strong><em>γένηται</em></strong></span> <span class='ocrx_word' id='word_1_315' title='bbox 1513 3615 1615 3671; x_wconf 83' lang='grc' dir='ltr'><strong><em>τοῦτο</em></strong></span> 
     </span>
     <span class='ocr_line' id='line_1_33' title="bbox 359 3707 1616 3796; baseline 0 -24"><span class='ocrx_word' id='word_1_316' title='bbox 359 3707 519 3789; x_wconf 86' lang='grc' dir='ltr'><strong><em>έμποδών</em></strong></span> <span class='ocrx_word' id='word_1_317' title='bbox 542 3711 600 3773; x_wconf 85' lang='grc' dir='ltr'><strong><em>οὐκ</em></strong></span> <span class='ocrx_word' id='word_1_318' title='bbox 622 3713 778 3788; x_wconf 81' lang='grc' dir='ltr'><strong><em>ἐκείνοις,</em></strong></span> <span class='ocrx_word' id='word_1_319' title='bbox 802 3709 887 3773; x_wconf 83' lang='grc' dir='ltr'><strong><em>ἀλλά</em></strong></span> <span class='ocrx_word' id='word_1_320' title='bbox 909 3717 976 3773; x_wconf 84' lang='grc' dir='ltr'><strong><em>τῶν</em></strong></span> <span class='ocrx_word' id='word_1_321' title='bbox 999 3709 1157 3772; x_wconf 82' lang='grc' dir='ltr'><strong><em>ἐντεῦθέν</em></strong></span> <span class='ocrx_word' id='word_1_322' title='bbox 1179 3727 1259 3773; x_wconf 92' lang='grc' dir='ltr'><strong><em>τισι.</em></strong></span> <span class='ocrx_word' id='word_1_323' title='bbox 1313 3707 1430 3790; x_wconf 88' lang='grc' dir='ltr'><strong><em>σχεδόν</em></strong></span> <span class='ocrx_word' id='word_1_324' title='bbox 1452 3711 1515 3796; x_wconf 91' lang='grc' dir='ltr'><strong><em>γάρ</em></strong></span> <span class='ocrx_word' id='word_1_325' title='bbox 1539 3711 1616 3772; x_wconf 84' lang='grc' dir='ltr'><strong><em>εἰώ-</em></strong></span> 
     </span>
     <span class='ocr_line' id='line_1_34' title="bbox 359 3809 1618 3898; baseline 0.002 -24"><span class='ocrx_word' id='word_1_326' title='bbox 359 3815 448 3876; x_wconf 85' lang='grc' dir='ltr'><strong><em>θασι</em></strong></span> <span class='ocrx_word' id='word_1_327' title='bbox 477 3809 601 3876; x_wconf 79' lang='grc' dir='ltr'><strong><em>πολλοὶ</em></strong></span> <span class='ocrx_word' id='word_1_328' title='bbox 637 3821 704 3876; x_wconf 85' lang='grc' dir='ltr'><strong><em>τῶν</em></strong></span> <span class='ocrx_word' id='word_1_329' title='bbox 733 3813 930 3897; x_wconf 86' lang='grc' dir='ltr'><strong><em>ἀνθρώπων</em></strong></span> <span class='ocrx_word' id='word_1_330' title='bbox 959 3813 997 3874; x_wconf 85' lang='grc' dir='ltr'><strong><em>ού</em></strong></span> <span class='ocrx_word' id='word_1_331' title='bbox 1026 3816 1100 3886; x_wconf 88' lang='grc' dir='ltr'><strong><em>τοῖς</em></strong></span> <span class='ocrx_word' id='word_1_332' title='bbox 1130 3817 1394 3898; x_wconf 88' lang='grc' dir='ltr'><strong><em>πραττομένοις,</em></strong></span> <span class='ocrx_word' id='word_1_333' title='bbox 1428 3809 1513 3876; x_wconf 86' lang='grc' dir='ltr'><strong><em>ἀλλά</em></strong></span> <span class='ocrx_word' id='word_1_334' title='bbox 1542 3818 1618 3888; x_wconf 86' lang='grc' dir='ltr'><strong><em>τοῖς</em></strong></span> 
     </span>
    </p>
   </div>
   <div class='ocr_carea' id='block_1_3' title="bbox 358 4019 1617 4610">
    <p class='ocr_par' dir='ltr' id='par_1_3' title="bbox 358 4019 1617 4610">
     <span class='ocr_line' id='line_1_35' title="bbox 447 4019 1616 4104; baseline 0.001 -23"><span class='ocrx_word' id='word_1_335' title='bbox 447 4026 537 4104; x_wconf 81' lang='grc' dir='ltr'><strong><em>1ύῴη</em></strong></span> <span class='ocrx_word' id='word_1_336' title='bbox 553 4027 625 4096; x_wconf 81' lang='lat' dir='ltr'>libri,</span> <span class='ocrx_word' id='word_1_337' title='bbox 643 4043 711 4084; x_wconf 82' lang='lat' dir='ltr'><strong>corr.</strong></span> <span class='ocrx_word' id='word_1_338' title='bbox 730 4025 813 4081; x_wconf 86' lang='lat' dir='ltr'>Dind.</span> <span class='ocrx_word' id='word_1_339' title='bbox 882 4027 941 4082; x_wconf 77' lang='grc' dir='ltr'><strong><em>τῶν</em></strong></span> <span class='ocrx_word' id='word_1_340' title='bbox 959 4043 991 4097; x_wconf 85' lang='grc' dir='ltr'><strong><em>γε</em></strong></span> <span class='ocrx_word' id='word_1_341' title='bbox 1008 4025 1162 4095; x_wconf 83' lang='grc' dir='ltr'><strong><em>μέσεωνΤ</em></strong></span> <span class='ocrx_word' id='word_1_342' title='bbox 1241 4022 1343 4096; x_wconf 79' lang='grc' dir='ltr'><strong><em>3(ά“ν&gt;</em></strong></span> <span class='ocrx_word' id='word_1_343' title='bbox 1360 4019 1438 4102; x_wconf 78' lang='grc' dir='ltr'><strong><em>αύτῷ</em></strong></span> <span class='ocrx_word' id='word_1_344' title='bbox 1455 4025 1616 4082; x_wconf 78' lang='grc' dir='ltr'><strong><em>ὓὶαδοείὶαε</em></strong></span> 
     </span>
     <span class='ocr_line' id='line_1_36' title="bbox 360 4107 1617 4185; baseline -0.003 -17"><span class='ocrx_word' id='word_1_345' title='bbox 360 4116 479 4178; x_wconf 72' lang='lat' dir='ltr'><strong>(secutus</strong></span> <span class='ocrx_word' id='word_1_346' title='bbox 497 4113 648 4179; x_wconf 71' lang='lat' dir='ltr'><strong>Rolnkium)</strong></span> <span class='ocrx_word' id='word_1_347' title='bbox 725 4112 755 4170; x_wconf 77' lang='grc' dir='ltr'><strong><em>δὲ</em></strong></span> <span class='ocrx_word' id='word_1_348' title='bbox 772 4111 796 4166; x_wconf 85' lang='grc' dir='ltr'><em>Β</em></span> <span class='ocrx_word' id='word_1_349' title='bbox 882 4117 898 4164; x_wconf 84' lang='grc'><strong>1</strong></span> <span class='ocrx_word' id='word_1_350' title='bbox 917 4114 1060 4185; x_wconf 80' lang='grc' dir='ltr'><strong><em>τραπῆναι</em></strong></span> <span class='ocrx_word' id='word_1_351' title='bbox 1077 4114 1105 4184; x_wconf 82' lang='grc' dir='ltr'><strong><em>(η</em></strong></span> <span class='ocrx_word' id='word_1_352' title='bbox 1121 4126 1139 4168; x_wconf 74' lang='grc' dir='ltr'><strong><em>ο</em></strong></span> <span class='ocrx_word' id='word_1_353' title='bbox 1157 4115 1239 4179; x_wconf 82' lang='lat' dir='ltr'><strong>corr.)</strong></span> <span class='ocrx_word' id='word_1_354' title='bbox 1256 4112 1282 4169; x_wconf 89' lang='lat' dir='ltr'>U</span> <span class='ocrx_word' id='word_1_355' title='bbox 1367 4117 1383 4168; x_wconf 78' lang='lat'><strong>5</strong></span> <span class='ocrx_word' id='word_1_356' title='bbox 1401 4107 1507 4177; x_wconf 78' lang='grc' dir='ltr'><strong><em>ἄλλους</em></strong></span> <span class='ocrx_word' id='word_1_357' title='bbox 1524 4110 1617 4181; x_wconf 66' lang='lat' dir='ltr'><strong>Emp„</strong></span> 
     </span>
     <span class='ocr_line' id='line_1_37' title="bbox 359 4188 1617 4270; baseline -0.004 -14"><span class='ocrx_word' id='word_1_358' title='bbox 359 4194 483 4266; x_wconf 83' lang='grc' dir='ltr'><strong><em>πολλοὺς</em></strong></span> <span class='ocrx_word' id='word_1_359' title='bbox 499 4198 563 4255; x_wconf 82' lang='lat' dir='ltr'><strong>libri</strong></span> <span class='ocrx_word' id='word_1_360' title='bbox 649 4189 761 4270; x_wconf 75' lang='grc' dir='ltr'><strong><em>θαύτῷ</em></strong></span> <span class='ocrx_word' id='word_1_361' title='bbox 778 4194 828 4252; x_wconf 85' lang='lat' dir='ltr'><strong><em>UT</em></strong></span> <span class='ocrx_word' id='word_1_362' title='bbox 925 4188 1007 4266; x_wconf 77' lang='grc' dir='ltr'><strong><em>ἠξίου</em></strong></span> <span class='ocrx_word' id='word_1_363' title='bbox 1023 4191 1147 4265; x_wconf 82' lang='grc' dir='ltr'><strong><em>λάμπειν</em></strong></span> <span class='ocrx_word' id='word_1_364' title='bbox 1163 4196 1225 4262; x_wconf 80' lang='lat' dir='ltr'><strong>(hoc</strong></span> <span class='ocrx_word' id='word_1_365' title='bbox 1243 4196 1353 4262; x_wconf 84' lang='lat' dir='ltr'><strong>ord.)T</strong></span> <span class='ocrx_word' id='word_1_366' title='bbox 1459 4201 1490 4252; x_wconf 85' lang='lat'><strong><em>10</em></strong></span> <span class='ocrx_word' id='word_1_367' title='bbox 1507 4199 1617 4268; x_wconf 80' lang='grc' dir='ltr'><strong><em>κρινῶν</em></strong></span> 
     </span>
     <span class='ocr_line' id='line_1_38' title="bbox 359 4270 1549 4354; baseline -0.003 -13"><span class='ocrx_word' id='word_1_368' title='bbox 359 4285 382 4341; x_wconf 87' lang='lat' dir='ltr'>U</span> <span class='ocrx_word' id='word_1_369' title='bbox 400 4299 436 4339; x_wconf 83' lang='lat' dir='ltr'><strong><em>m.</em></strong></span> <span class='ocrx_word' id='word_1_370' title='bbox 454 4300 495 4354; x_wconf 84' lang='lat' dir='ltr'><strong><em>pr.</em></strong></span> <span class='ocrx_word' id='word_1_371' title='bbox 564 4275 631 4341; x_wconf 75' lang='grc' dir='ltr'><strong><em>ἀλλ’</em></strong></span> <span class='ocrx_word' id='word_1_372' title='bbox 650 4275 725 4352; x_wconf 81' lang='grc' dir='ltr'><strong><em>ὁμοῦ</em></strong></span> <span class='ocrx_word' id='word_1_373' title='bbox 742 4281 833 4351; x_wconf 80' lang='lat' dir='ltr'><strong>Emp..</strong></span> <span class='ocrx_word' id='word_1_374' title='bbox 852 4272 915 4339; x_wconf 80' lang='grc' dir='ltr'><strong><em>άλλ’</em></strong></span> <span class='ocrx_word' id='word_1_375' title='bbox 937 4277 953 4338; x_wconf 85' lang='grc' dir='ltr'><strong>ὁ</strong></span> <span class='ocrx_word' id='word_1_376' title='bbox 971 4281 1025 4351; x_wconf 75' lang='grc' dir='ltr'><strong><em>μὲν</em></strong></span> <span class='ocrx_word' id='word_1_377' title='bbox 1041 4281 1071 4336; x_wconf 79' lang='grc' dir='ltr'><strong>Μ</strong></span> <span class='ocrx_word' id='word_1_378' title='bbox 1089 4274 1154 4339; x_wconf 76' lang='grc' dir='ltr'><strong><em>ἀλλ’</em></strong></span> <span class='ocrx_word' id='word_1_379' title='bbox 1174 4270 1253 4351; x_wconf 74' lang='grc' dir='ltr'><strong><em>ὅμως</em></strong></span> <span class='ocrx_word' id='word_1_380' title='bbox 1271 4281 1328 4347; x_wconf 81' lang='grc' dir='ltr'><strong><em>ΒΤ,</em></strong></span> <span class='ocrx_word' id='word_1_381' title='bbox 1346 4283 1372 4340; x_wconf 90' lang='lat' dir='ltr'>U</span> <span class='ocrx_word' id='word_1_382' title='bbox 1389 4282 1549 4354; x_wconf 77' lang='lat' dir='ltr'><strong>compendio</strong></span> 
     </span>
     <span class='ocr_line' id='line_1_39' title="bbox 360 4363 1615 4442; baseline 0.002 -19"><span class='ocrx_word' id='word_1_383' title='bbox 360 4375 389 4424; x_wconf 94' lang='grc'><strong><em>11</em></strong></span> <span class='ocrx_word' id='word_1_384' title='bbox 411 4364 507 4426; x_wconf 61' lang='lat' dir='ltr'><strong><em>bada„</em></strong></span> <span class='ocrx_word' id='word_1_385' title='bbox 526 4368 606 4439; x_wconf 84' lang='lat' dir='ltr'><strong>Emp.</strong></span> <span class='ocrx_word' id='word_1_386' title='bbox 658 4363 756 4439; x_wconf 71' lang='grc' dir='ltr'><strong><em>ἔμοιγε</em></strong></span> <span class='ocrx_word' id='word_1_387' title='bbox 773 4365 844 4436; x_wconf 75' lang='lat' dir='ltr'><strong>libri,</strong></span> <span class='ocrx_word' id='word_1_388' title='bbox 864 4381 932 4423; x_wconf 76' lang='lat' dir='ltr'>corr.</span> <span class='ocrx_word' id='word_1_389' title='bbox 950 4365 1052 4423; x_wconf 81' lang='grc' dir='ltr'><strong><em>Βείείιο</em></strong></span> <span class='ocrx_word' id='word_1_390' title='bbox 1122 4367 1426 4441; x_wconf 79' lang='grc' dir='ltr'><strong><em>11βουλομένωνΰΤ</em></strong></span> <span class='ocrx_word' id='word_1_391' title='bbox 1497 4373 1528 4423; x_wconf 80' lang='lat'><strong><em>15</em></strong></span> <span class='ocrx_word' id='word_1_392' title='bbox 1547 4370 1615 4442; x_wconf 75' lang='grc' dir='ltr'><strong><em>περὶ</em></strong></span> 
     </span>
     <span class='ocr_line' id='line_1_40' title="bbox 358 4449 1527 4526; baseline -0.003 -17"><span class='ocrx_word' id='word_1_393' title='bbox 358 4451 431 4509; x_wconf 79' lang='grc' dir='ltr'><strong><em>σευ</em></strong></span> <span class='ocrx_word' id='word_1_394' title='bbox 522 4457 553 4508; x_wconf 86' lang='lat'><strong><em>16</em></strong></span> <span class='ocrx_word' id='word_1_395' title='bbox 570 4456 619 4510; x_wconf 72' lang='grc' dir='ltr'><strong><em>κω</em></strong></span> <span class='ocrx_word' id='word_1_396' title='bbox 635 4451 698 4508; x_wconf 79' lang='grc' dir='ltr'><strong><em>ιω.</em></strong></span> <span class='ocrx_word' id='word_1_397' title='bbox 718 4451 836 4508; x_wconf 67' lang='lat' dir='ltr'><strong>casaub.</strong></span> <span class='ocrx_word' id='word_1_398' title='bbox 921 4452 960 4526; x_wconf 76' lang='grc' dir='ltr'><strong><em>μη</em></strong></span> <span class='ocrx_word' id='word_1_399' title='bbox 984 4469 1036 4509; x_wconf 75' lang='lat' dir='ltr'><strong><em>om.</em></strong></span> <span class='ocrx_word' id='word_1_400' title='bbox 1055 4450 1129 4508; x_wconf 78' lang='grc' dir='ltr'><strong><em>σεε</em></strong></span> <span class='ocrx_word' id='word_1_401' title='bbox 1216 4457 1248 4508; x_wconf 78' lang='lat'><strong><em>22</em></strong></span> <span class='ocrx_word' id='word_1_402' title='bbox 1267 4449 1348 4524; x_wconf 68' lang='grc' dir='ltr'><strong><em>ειπερ</em></strong></span> <span class='ocrx_word' id='word_1_403' title='bbox 1365 4452 1445 4524; x_wconf 77' lang='lat' dir='ltr'><strong>Emp.</strong></span> <span class='ocrx_word' id='word_1_404' title='bbox 1463 4451 1527 4507; x_wconf 76' lang='grc' dir='ltr'><strong><em>τω.</em></strong></span> 
     </span>
     <span class='ocr_line' id='line_1_41' title="bbox 359 4531 1614 4610; baseline -0.002 -16"><span class='ocrx_word' id='word_1_405' title='bbox 359 4543 391 4594; x_wconf 78' lang='grc'><strong><em>27</em></strong></span> <span class='ocrx_word' id='word_1_406' title='bbox 409 4539 541 4596; x_wconf 84' lang='grc' dir='ltr'><strong><em>κακοῦΒ</em></strong></span> <span class='ocrx_word' id='word_1_407' title='bbox 628 4542 661 4594; x_wconf 79' lang='lat'><strong><em>29</em></strong></span> <span class='ocrx_word' id='word_1_408' title='bbox 679 4540 727 4594; x_wconf 85' lang='grc' dir='ltr'><strong><em>καί</em></strong></span> <span class='ocrx_word' id='word_1_409' title='bbox 744 4535 810 4609; x_wconf 79' lang='grc' dir='ltr'><strong><em>ἐμοί</em></strong></span> <span class='ocrx_word' id='word_1_410' title='bbox 827 4539 857 4593; x_wconf 85' lang='grc' dir='ltr'><strong>Μ</strong></span> <span class='ocrx_word' id='word_1_411' title='bbox 970 4531 1225 4595; x_wconf 71' lang='lat' dir='ltr'><strong>31013R0iskeex</strong></span> <span class='ocrx_word' id='word_1_412' title='bbox 1241 4535 1352 4608; x_wconf 83' lang='lat' dir='ltr'>interpr.</span> <span class='ocrx_word' id='word_1_413' title='bbox 1440 4531 1566 4610; x_wconf 77' lang='grc' dir='ltr'><strong><em>ἤπίχθην</em></strong></span> <span class='ocrx_word' id='word_1_414' title='bbox 1583 4537 1614 4592; x_wconf 85' lang='grc' dir='ltr'><strong>Μ</strong></span> 
     </span>
    </p>
   </div>
   <div class='ocr_carea' id='block_1_4' title="bbox 0 0 1740 5268">
    <p class='ocr_par' dir='ltr' id='par_1_4' title="bbox 0 0 1740 5268">
     <span class='ocr_line' id='line_1_42' title="bbox 0 0 1740 5268; baseline 0 0"><span class='ocrx_word' id='word_1_415' title='bbox 0 0 1740 5268; x_wconf 95' lang='lat' dir='ltr'><strong><em> </em></strong></span> 
     </span>
    </p>
   </div>
  </div>
 </body>
</html>
