3452 5264
623 341 844 400 PRAEFATIO.
1320 345 1373 401 v11

11 449 15 528 l
390 517 398 533 .
548 513 556 532 .
947 517 955 532 .
1001 518 1009 532 .
1180 517 1187 535 .
1255 517 1262 534 .

12 539 13 608 y
196 517 286 585 Haec
313 536 422 584 omnra
450 535 492 584 ex
515 515 620 583 Droue
648 521 776 599 sumpta
804 533 876 582 esse
904 524 1026 584 evrncrt
1051 523 1230 586 sententiae
1253 516 1372 588 rndea

11 629 13 718 j
107 619 240 688 nomine
261 619 330 688 eius
356 619 482 702 prolato
505 616 708 686 continuitas.
753 617 859 701 Atque
887 637 926 686 eo
948 618 1031 686 baec
1053 620 1237 688 coniectura
1259 620 1370 689 confir-

105 729 221 804 matur,
244 720 330 806 quod
355 719 652 790 11111111111111
679 721 755 806 „qni
780 719 827 805 pii
851 718 1069 788 vocabantur“
1092 722 1227 804 periculi
1249 725 1370 807 repulsi

108 824 256 893 meritum
278 823 437 906 tribuitur,
464 823 498 890 in
519 823 665 906 irang
687 821 914 890 Tarabostesei
936 829 1163 905 memorantur,
1187 824 1242 906 qui
1257 833 1372 908 postea

110 927 318 993 Pilleatorum
341 943 459 994 nomen
480 925 675 1008 acceperint,
697 943 762 1007 „ex
784 924 899 1007 quibus
920 925 968 991 eis
983 930 1016 990 et
1029 943 1123 1008 reges
1139 930 1172 991 et
1187 925 1372 994 sacerdotes

112 1023 375 1110 ordinabantur“,
402 1027 531 1094 Pilleati
548 1033 657 1094 autem
674 1027 706 1092 in
722 1047 750 1094 c.
767 1025 826 1110 XI,
843 1030 881 1092 71
900 1025 1084 1111 theologIca
1098 1026 1244 1094 doctrina
1259 1029 1374 1094 ceteris

112 1131 312 1216 praestitisse
340 1135 373 1196 et
403 1127 537 1196 deorum
565 1130 684 1198 cultum
713 1129 954 1198 administrasse
976 1130 1133 1197 dicuntur.
1176 1128 1374 1197 111111111-

11 1297 12 1320 ,
112 1235 207 1304 nibus
233 1232 418 1317 agnoscitur
440 1231 503 1300 Dio
525 1231 676 1315 politicus
699 1238 732 1298 st
751 1230 932 1318 theologos,
948 1233 1003 1316 qui
1018 1231 1283 1300 11111111111111
1300 1239 1375 1299 tunc

113 1335 268 1420 temporie
299 1335 514 1402 Romanorum
543 1335 689 1402 cladibus
718 1333 921 1402 nobilitatum
950 1355 991 1402 ex
1021 1335 1234 1404 sacerdotium
1261 1355 1374 1403 eorun-

12 1473 13 1524 7
115 1437 254 1522 demque
282 1435 545 1522 pbilosopbomm
574 1437 607 1503 in
640 1455 675 1504 re
707 1436 839 1520 publica
870 1437 1088 1506 dominatione
1122 1437 1293 1505 derivavit.
1338 1437 1374 1504 Si

116 1538 179 1606 boc
199 1539 342 1606 animum
363 1538 578 1622 advertimus,
600 1559 664 1606 non
686 1539 750 1605 iam
773 1539 961 1608 mirabimur
982 1541 1121 1609 Dionem
1145 1539 1374 1626 pbilosopbnm

118 1641 181 1710 boc
207 1661 272 1710 uno
300 1661 398 1725 opere
428 1641 611 1710 historicum
642 1642 814 1710 exstitisse.
857 1642 950 1710 Fecit
978 1643 1063 1728 quod
1096 1643 1228 1710 Tacitus
1259 1643 1376 1711 eodem

117 1745 187 1812 fere
208 1750 354 1828 tempore
373 1744 459 1828 iecit,
482 1762 553 1811 cum
575 1743 617 1811 de
639 1745 702 1811 situ
724 1751 757 1810 et
777 1745 908 1830 populis
923 1745 1127 1830 Germaniae,
1143 1766 1226 1830 qnae
1243 1753 1374 1830 propter

117 1847 251 1914 Traiani
268 1865 320 1914 rer
336 1851 444 1929 gestes
466 1847 607 1913 omnium
623 1846 656 1911 in
672 1864 728 1912 ore
743 1853 934 1929 versaretur,
950 1847 1095 1915 libellum
1111 1848 1273 1916 conderet.
1307 1848 1374 1916 Sed

116 1949 195 2016 fecit
227 1956 263 2017 ut
294 1946 505 2033 pbilosopbns
534 1947 620 2031 quod
653 1948 710 2013 illo
742 1954 777 2014 nt
804 1968 909 2016 rernm
941 1951 1092 2034 scriptor:
1122 1952 1314 2034 gravissima
1344 1954 1375 2018 ei

116 2053 261 2136 inerunt,
284 2070 368 2135 quae
391 2051 432 2118 de
459 2051 612 2118 Getarum
634 2050 777 2117 moribus
800 2056 834 2116 et
854 2051 1007 2117 institutis
1028 2051 1189 2135 proderet,
1214 2052 1375 2121 Romano·

11 2213 12 2232 ,
117 2175 188 2224 rum
211 2161 244 2222 et
258 2154 454 2221 Graecorum
476 2151 624 2216 luxuriae
646 2151 861 2233 incorruptam
883 2151 1010 2216 illorum
1026 2158 1060 2216 et
1074 2153 1208 2218 vetustis
1224 2153 1376 2222 institutis

117 2257 263 2324 innixam
286 2255 437 2320 virtutem
463 2251 678 2335 oppositurus.
715 2249 838 2330 Quodsi
854 2249 936 2317 baec
950 2259 1036 2318 recte
1051 2251 1297 2336 disputavimus,
1313 2276 1376 2323 non

117 2359 238 2441 poterit
260 2355 411 2437 dubitari,
434 2354 511 2437 quin
533 2353 630 2420 etiam
653 2371 693 2420 ea
714 2373 757 2420 ex
771 2353 876 2421 Dione
898 2355 1108 2438 manaverint,
1127 2375 1211 2440 quae
1227 2376 1254 2422 1.
1271 2356 1320 2422 XI
1335 2358 1377 2425 de

118 2458 256 2528 Dicineo
284 2457 419 2540 eiusque
446 2455 684 2524 successoribus
714 2462 745 2522 et
773 2477 799 2524 c.
821 2455 902 2522 XIII
924 2456 965 2524 de
992 2457 1085 2525 bellis
1107 2459 1237 2526 Dacieis
1259 2459 1376 2528 Roma·

117 2581 232 2628 norum
254 2565 437 2642 narrantur,
465 2577 549 2642 quac
572 2557 755 2625 Domitiano
784 2560 964 2642 imperante
992 2565 1085 2643 gesta
1112 2567 1193 2628 eunt
1237 2562 1320 2630 Nam
1344 2573 1377 2631 et

119 2660 249 2728 Dicinei
272 2661 466 2728 mentionem
489 2667 522 2726 et
535 2661 753 2744 Pilleatorum,
776 2681 859 2745 quae
882 2661 1242 2747 strenationem
1265 2666 1376 2734 deberi

121 2764 263 2834 vidimus
286 2763 358 2846 (irg.
380 2763 428 2842 I.).
471 2763 544 2831 lllic
566 2770 673 2830 autem
696 2783 758 2831 non
785 2762 1010 2831 inveniebatur
1037 2765 1100 2831 1111
1130 2765 1237 2834 brevis
1265 2768 1376 2834 adum-

119 2867 223 2936 bratio
246 2885 356 2934 eorum
384 2884 468 2950 quae
491 2886 518 2933 1.
541 2865 590 2932 XI
611 2863 713 2934 sosine
742 2873 952 2950 exponuntur.
1012 2867 1147 2934 Accedit
1175 2869 1262 2952 quod
1285 2870 1375 2953 ipsae

117 2989 170 3039 res
192 2990 220 3036 1.
242 2969 292 3036 XI
313 2974 469 3036 tractatae
490 2967 685 3054 philosopho
707 2970 811 3052 magis
834 2989 930 3052 quam
953 2967 1107 3036 historico
1136 2971 1258 3037 auctori
1280 2979 1376 3056 aptae

117 3072 281 3140 videntur.
330 3069 421 3150 Quae
444 3091 522 3140 vero
545 3093 572 3140 1.
588 3071 669 3138 XIII
690 3071 731 3138 de
758 3071 935 3138 Domitiani
957 3071 1088 3138 Dacicis
1110 3071 1205 3139 belbe
1228 3072 1374 3157 legimus,

116 3175 162 3242 ad
185 3193 281 3259 quem
304 3176 412 3259 aptius
441 3180 605 3244 auctorem
634 3174 811 3240 referentur
840 3193 938 3257 qnam
965 3173 1009 3240 ad
1031 3174 1185 3258 Dionem,
1216 3194 1311 3257 quem
1335 3195 1376 3242 ex

117 3277 308 3345 Philostrati
330 3278 400 3343 vita
421 3277 551 3360 solmon,
573 3279 678 3360 ipsum
701 3277 734 3342 in
756 3278 869 3344 cestrie
885 3277 1048 3359 legIonom
1063 3273 1106 3341 ad
1120 3275 1238 3343 Istrum
1260 3278 1375 3360 positis

115 3381 196 3460 (alia
216 3381 302 3448 enim
326 3379 471 3461 intellegi
493 3397 556 3446 non
571 3378 715 3461 possunt)
738 3384 895 3444 moratum
919 3397 1001 3462 esee,
1025 3396 1088 3460 quo
1105 3382 1249 3462 tempore
1266 3379 1376 3444 Domi·

115 3485 225 3552 tianus
247 3481 352 3552 obiit?
381 3480 464 3547 Nam
480 3485 616 3546 11111111
638 3496 708 3546 1111
731 3476 812 3546 baec
833 3479 922 3547 belle
935 3480 969 3546 in
984 3477 1107 3546 Geticis
1122 3479 1237 3547 Dionis
1254 3486 1374 3546 certum

116 3591 180 3668 est,
203 3585 281 3669 quia
301 3589 335 3653 et
355 3589 482 3668 poterat
507 3581 548 3649 de
571 3580 637 3648 illie
657 3598 787 3647 narrare
815 3599 899 3664 quae
927 3581 997 3664 ipse
1019 3578 1147 3646 viderat
1168 3588 1201 3647 et
1223 3582 1376 3647 lectorum

115 3688 260 3760 maxine
288 3691 422 3771 propter
449 3684 626 3770 periculum
657 3682 793 3767 imperio
815 3682 961 3748 Romano
990 3681 1160 3748 imminens
1191 3680 1377 3749 1111111111

115 3791 216 3860 rebne
239 3788 368 3857 edoceri
390 3789 551 3856 intererat
595 3787 708 3868 Itaque
730 3803 803 3852 cnm
833 3802 872 3850 ea
901 3801 984 3866 qnae
1014 3783 1162 3866 proxime
1184 3782 1379 3850 antecedunt

116 3891 210 3979 apud
231 3890 417 3972 Iordanem,
447 3910 489 3957 ex
517 3890 622 3957 Dione
651 3887 824 3956 Ablabium
854 3886 921 3964 (vel
948 3885 1203 3968 CassiodorIum)
1233 3882 1377 3952 bansisee

115 3999 244 4066 eertum
266 3992 318 4076 eit,
341 3991 422 4060 baec
444 4011 571 4075 quoque
594 3991 691 4057 Dioni
714 3989 830 4056 tribuo.

208 4095 360 4180 Fragm·
371 4095 426 4162 lv.
449 4092 597 4178 „Dehinc
611 4098 765 4177 regnante
781 4089 896 4158 Gothe
909 4091 1059 4158 Iluruieta
1069 4089 1223 4160 Dicinens
1239 4089 1377 4156 venitin

116 4195 293 4280 Gothiam,
324 4217 388 4282 quo
415 4204 560 4281 ternpore
582 4197 798 4264 Romanorum
819 4193 914 4277 Sylla
934 4194 1054 4277 potitus
1083 4198 1133 4260 est
1153 4193 1377 4277 principatum.

35 4375 39 4382 ,
117 4318 220 4388 quem
234 4300 403 4368 Dicineum
418 4301 596 4384 suscipiens
611 4298 761 4366 Buruieta
775 4296 867 4364 dedit
881 4297 912 4365 ei
927 4315 1011 4381 pene
1026 4296 1149 4380 regiam
1167 4301 1379 4380 potestatem

116 4403 215 4476 cuine
236 4403 371 4470 consilio
386 4401 485 4472 Gotbi
500 4403 731 4470 Germanorum
747 4409 859 4484 terrae,
881 4419 961 4483 quae
982 4418 1067 4466 nunc
1088 4398 1203 4466 Franci
1223 4397 1378 4481 optinent,

116 4505 272 4596 populati
298 4513 381 4574 eunt
431 4505 551 4576 caeso
578 4524 674 4588 vero,
703 4504 758 4588 qni
788 4503 850 4572 sibi
879 4503 1001 4587 primus
1030 4501 1171 4570 omnium
1199 4501 1377 4568 Romanum
