3452 5264
560 361 809 419 commum
825 359 963 418 mvn.
1347 359 1388 420 25

2 597 7 609 .
133 540 174 603 ἀν
190 541 256 623 ἀρα
270 537 338 624 δίη,
354 542 454 625 τιμην
468 540 714 624 ἀνατραπῆναι.
740 533 901 622 διαβολῆς
915 538 976 617 μὲν
990 535 1054 619 γάρ
1069 538 1163 599 ἕνεκα
1177 537 1239 598 κάν
1253 537 1387 618 Σωκρά-

2 635 3 647 ’
132 664 193 728 της
209 641 260 728 εἴη
276 650 342 706 τῶν
358 647 442 706 νέων
458 638 671 728 διαφθορεὺς
685 642 742 703 καί
757 643 894 702 πάντων
909 647 976 702 τῶν
988 641 1023 702 έν
1039 640 1242 764 ἀνθρώποις
1257 633 1389 719 νομιζο-

133 750 242 825 μένων
254 746 476 828 ἀνατροπεύς,
492 745 563 806 ἀπό
575 751 642 806 τῶν
655 744 748 806 θεῶν
760 744 953 827 ἀρχόμενος.
976 743 1071 816 τίνας
1082 742 1145 826 γάρ
1158 739 1252 803 οὑτοι
1265 761 1302 802 ου
1294 739 1388 804 ’δια-

133 845 335 932 βεβληκασιν
359 849 393 910 οί
415 851 527 911 πάντα
551 843 808 928 διαβάλλοντες;
831 846 869 907 οὑ
889 847 1087 930 Σωκράτην;
1111 865 1148 906 ου
1140 845 1389 927 Πυθαγόραν

99 961 115 1008 ε
139 969 177 1012 ου
169 946 380 1026 ’Πλάτωνα,·
403 951 462 1012 οὑκ
484 950 585 1012 αὑτὸν
600 951 658 1011 τόν
672 948 742 1011 Δία
764 949 821 1010 καί
835 949 893 1010 τόν
908 942 1068 1009 Ποσειδῶ
1084 948 1140 1009 καί
1155 948 1213 1009 τόν
1231 938 1387 1007 Ἀπόλλω

132 1054 189 1115 καί
210 1054 289 1128 τσὺς
311 1048 434 1127 ἀλλους
455 1053 580 1127 θεοὺς,·
610 1047 838 1113 άπτονταιδὲ
823 1051 917 1112 ὲκαί
938 1056 1006 1111 τῶν
1028 1047 1178 1133 θηλειῶν
1200 1049 1310 1125 θεῶν,
1340 1045 1386 1109 ὥν
1398 1049 1440 1114 33

133 1156 222 1230 είκδς
250 1150 290 1240 ἦν
318 1155 371 1217 ίτι
396 1150 524 1235 μᾶλλον
549 1155 570 1239 ἢ
600 1159 667 1216 τῶν
697 1153 846 1237 ἀρρένων
875 1151 1116 1235 ἐντρέπεσθαι.
1166 1157 1223 1214 νῶν
1252 1150 1390 1212 ἀκοὺετε

1 1269 119 1320 11811111
133 1259 196 1340 γάρ
219 1259 241 1318 ά
263 1254 400 1340 λέγουσι
420 1259 480 1343 τήν
494 1258 659 1341 Δήμητρα
681 1257 738 1318 καί
759 1257 819 1341 τὴν
831 1246 1037 1341 Ἀφροδίτην
1054 1255 1110 1316 καί
1124 1256 1184 1340 τήν
1199 1243 1281 1315 Ἕω*
1305 1251 1389 1312 ἀπί-

131 1380 251 1439 χονται
273 1350 307 1422 δ’
339 1357 416 1421 οὑδὲ
445 1367 505 1444 τῆς
522 1347 673 1443 Ἀθηνᾶς
702 1353 779 1420 οὑδὲ
801 1365 861 1443 τῆς
879 1348 1096 1442 Ἀρτέμιδος·
1125 1353 1210 1418 ἀλλά
1240 1356 1300 1440 την
1326 1354 1389 1431 μὲν

82 1470 111 1522 1ο
133 1463 366 1545 ἀπογυμνοῦσι
390 1459 438 1544 τῴ
457 1453 652 1538 Ἀκταίωνι,
680 1455 758 1547 (τὴν
781 1455 837 1540 δὲ>
862 1462 919 1523 καί
942 1462 1123 1542 συνάγουσι
1145 1455 1192 1540 τῷ
1210 1448 1387 1542 Ἡφαίστῳ

132 1565 189 1626 καὶ
211 1571 353 1626 ποιοῦσι
374 1566 434 1650 την
458 1564 635 1648 παρθένον
656 1569 780 1648 μικροῦ
791 1567 930 1648 μητέρα.
968 1553 1064 1624 ταῦτ’
1091 1561 1149 1623 οὑν
1164 1560 1389 1637 ἐπιστάμενοι

132 1661 340 1746 θαυμάζετε,
368 1668 400 1728 εί
427 1668 484 1729 καί
510 1667 595 1728 κατά
618 1668 739 1728 τούτου
768 1685 821 1741 τις
842 1668 954 1748 ψόγος
977 1661 1136 1748 διεδόθη,
1166 1663 1204 1725 ὃν
1233 1663 1389 1747 ίκφυγεῖν

131 1771 192 1848 μὲν
215 1766 326 1832 οὐδενί
353 1775 421 1830 τῶν
444 1769 582 1830 πάντων
604 1763 732 1853 ὑπῆρξε
756 1774 823 1830 τῶν
845 1769 880 1829 έν
904 1763 985 1852 δόξῃ
1007 1767 1239 1848 βεβιωκότων,
1268 1765 1328 1849 τήν
1351 1757 1387 1824 δὲ

131 1872 289 1958 ἀφορμὴν
312 1867 431 1952 έλαβεν
453 1872 489 1932 έκ
510 1879 571 1956 της
593 1871 673 1954 περί
694 1871 774 1944 τοὺς
789 1864 908 1951 λόγους
923 1860 989 1931 εἴτ’
1014 1864 1270 1950 ἐπαφροδισίαν
1285 1865 1388 1950 αὐτην

79 1982 108 2033 15
129 1965 202 2035 εἴθ’
232 1975 296 2050 ό,τι
326 1971 454 2059 δήποτε
480 1974 540 2058 χρὴ
569 1969 683 2034 καλεῖν
710 1978 811 2032 τοῦτο
840 1969 859 2031 δ
887 1972 943 2032 καί
970 1971 1067 2050 ὑμεῖς
1096 1972 1155 2031 σὺν
1177 1962 1308 2050 γυναιξί
1329 1967 1387 2028 καί

131 2079 260 2150 τέκνοις
288 2071 525 2151 ἀπεδέξασθε,·
559 2074 598 2134 οὑ
627 2073 819 2155 σκέψεσθε,·
855 2073 913 2133 οὑκ
948 2069 1261 2155 ἀναμνησθήσεσθε
1298 2068 1385 2149 πρὸς
1399 2070 1439 2133 34

135 2178 284 2252 ίαυτοὺς,
308 2173 343 2237 εἴ
362 2196 397 2237 τι
418 2180 573 2236 τοιοῦτον
596 2171 686 2254 αὑτῷ
706 2164 790 2257 παρ’
815 2173 895 2252 ὑμῖν
917 2176 1131 2253 πέπρακται,
1152 2171 1265 2232 καίτοι
1287 2165 1389 2230 πόλιν

1 2289 120 2340 nomn
137 2281 259 2342 οίκεῖτε
294 2284 361 2340 τῶν
391 2267 501 2338 οὑσῶν
529 2296 565 2338 τε
593 2276 650 2337 καί
677 2279 902 2359 γεγενημένων
936 2269 1272 2359 ἐπαφροδιτοτάτην,
1310 2268 1387 2333 ἀλλ’

19 2397 74 2448 (ιιι
87 2394 119 2445 ιιι
134 2384 226 2461 ὅμως
249 2367 345 2442 οὑδὲν
374 2381 555 2463 ηκοὺσατε,
586 2379 727 2461 θαρρῶν
751 2368 784 2440 δ’
809 2377 850 2439 ἀν
873 2375 1010 2456 εἴποιμι
1031 2378 1084 2439 ότι
1104 2370 1190 2460 μηδὲ
1213 2370 1316 2449 ἀλλος
1336 2395 1390 2450 τις

84 2493 114 2544 ιο
132 2474 301 2568 Ἑλλήνων.
339 2479 412 2542 εἶτα
428 2483 486 2543 τόν
501 2482 562 2543 έπί
575 2487 636 2566 τῆς
654 2471 809 2555 Ἑλλάδος
824 2480 859 2542 έν
875 2475 1010 2542 πλείονι
1025 2473 1124 2562 ἀδείᾳ
1142 2479 1199 2540 καί
1215 2477 1389 2560 συγγνώμη

131 2586 282 2666 κοσμίως
303 2583 501 2665 βεβιωκότα,
525 2590 644 2646 τοῦτον
660 2584 720 2645 ἐπὶ
734 2591 793 2668 τῆς
804 2573 931 2668 Ῥώμης
947 2569 1033 2664 παρ’
1052 2572 1154 2644 αὑτὸν
1169 2584 1228 2644 τόν
1243 2581 1388 2662 ἀρχοντα

131 2689 188 2750 καί
209 2688 288 2762 τοὺς
309 2689 433 2767 νόμους
447 2684 588 2768 ἡγεῖσθε
603 2681 882 2770 μεταβεβλῆσθαι
888 2706 901 2761 ,·
923 2680 1008 2746 άλλά
1031 2687 1131 2746 τοὺτό
1153 2704 1190 2767 γε
1207 2679 1388 2768 παραπλή-

134 2792 208 2851 σιόν
230 2791 339 2865 ἐστιν,
369 2787 486 2872 ὥσπερ
509 2787 550 2850 ἀν
573 2785 609 2850 εί
633 2808 686 2863 τις
707 2788 766 2850 τόν
795 2784 949 2873 ἀθλητήν
979 2786 1064 2872 φαίη
1093 2775 1176 2847 καθ’
1204 2787 1304 2848 αὑτόν
1326 2787 1388 2864 μὲν

133 2880 312 2967 εὑτακτεῖν,
335 2892 370 2953 έν
394 2887 429 2952 δέ
453 2888 501 2972 τῷ
527 2886 653 2972 σταδίῳ
677 2891 734 2952 καί
748 2891 843 2974 παρά
859 2892 917 2953 τόν
933 2889 1152 2973 ἀγωνοθέτην
1168 2884 1385 2972 πλημμελεῖν.

83 3005 113 3056 2¹>
135 2993 328 3078 παρρησίαν
352 2990 388 3056 δὲ
411 2994 481 3074 ἀγω
505 2989 640 3080 διπλῆν,
662 2994 737 3068 ίνός
751 2995 813 3072 μέν
827 2985 957 3073 (ἕνεκα>
971 2999 1034 3053 τοὺ
1044 2987 1246 3066 συνειδότος,
1270 2993 1385 3073 ἐτέρου
1398 2991 1439 3054 35

135 3091 170 3157 δέ
193 3102 255 3157 τοῦ
274 3095 501 3177 ἀγωνοθέτου.
526 3097 794 3168 πεπιστευκότος
815 3094 953 3177 μὲνγὰρ
968 3089 1008 3179 ἦν
1023 3094 1190 3177 τιμωρίαν
1212 3092 1306 3176 παρά
1328 3095 1390 3154 τοῦ

133 3200 365 3283 ἡμαρτηκότος
381 3195 505 3279 λαβεῖν,
522 3198 729 3272 ἀκούσαντος
745 3194 781 3259 δὲ
796 3202 954 3282 μηνῖσαι·
973 3199 1059 3281 όπερ
1074 3197 1200 3270 ἐκεῖνος
1216 3195 1386 3279 ἐποίησεν.

134 3302 229 3382 ὑμεῖς
252 3291 285 3364 δ’
317 3297 660 3385 ἐπακολουθήσαντες
689 3300 956 3383 ἀνθρώποις-
979 3293 1075 3361 οὐδέν
1106 3295 1141 3362 δὲ
1171 3291 1293 3372 αὑτοὺς
1320 3297 1386 3380 έρῶ

2 3417 120 3468 ¹1201211)
134 3404 181 3477 ὡς
203 3403 426 3484 ἀμυνόμενος·
450 3398 538 3488 πλην
560 3404 615 3465 ότι
637 3398 846 3485 δικαιότερον
867 3397 907 3486 ἦν
930 3403 1077 3477 ἐκείνους
1091 3403 1169 3481 ὑμῖν
1185 3396 1387 3463 ἀκολουθεῖν

84 3515 115 3566 30
136 3504 156 3588 ἢ
179 3504 266 3584 ὑμᾶς
287 3503 437 3578 ἐκείνοις.
482 3503 577 3582 ὑμεῖς
597 3504 661 3587 γάρ
684 3503 761 3565 έστε
782 3509 838 3564 νῦν
860 3503 899 3564 τό
924 3500 962 3587 δι)
988 3499 1164 3584 λεγόμενον
1187 3499 1307 3586 πρῷρα
1331 3502 1388 3565 καί
1398 3499 1439 3564 36

222 3689 234 3738 1
254 3678 292 3743 ἀν
315 3680 373 3758 ἀρα
396 3683 445 3755 δίη
461 3683 557 3754 Καρ,
583 3679 621 3742 ἀν
641 3680 701 3757 ἀρα
723 3686 768 3740 δεῖ
783 3683 812 3738 Μ
829 3677 993 3742 ἀνάδαστον
1009 3687 1057 3743 UB
1159 3679 1216 3743 κάν
1231 3681 1324 3751 Dind„
1340 3685 1389 3739 καί

133 3768 196 3824 libri
274 3765 495 3842 ίόιαβαλόντες
511 3769 560 3825 UB
638 3765 725 3826 ὓτδν
740 3775 805 3825 ante
822 3773 953 3827 Ποσειδῶ
970 3771 1064 3826 0111.ss
1125 3774 1222 3840 ῖροει
1238 3770 1287 3826 νὺν
1304 3767 1389 3822 inter-

134 3853 231 3924 pungit
247 3853 364 3924 grsviter
382 3855 415 3912 U.
433 3859 485 3914 νῦν
500 3859 549 3910 καί
565 3854 710 3911 delendum
728 3857 778 3910 καί
795 3869 856 3910 oum
871 3855 1001 3925 Emperio
1013 3848 1087 3926 ἱανῆ
1106 3857 1161 3912 Δία
1179 3851 1338 3909 mutandum

138 3944 169 3995 10
186 3934 239 4012 τὴν
255 3938 286 3998 σε
302 3939 365 3996 odd.
384 3939 491 3996 selden.
595 3934 721 4013 ἦφέστωι
738 3939 763 3996 U
867 3945 896 3995 11
916 3944 1023 3999 τοῦτον
1039 3956 1090 4012 pro
1108 3932 1191 3998 ταῦτ’
1210 3928 1263 3996 οὑν
1280 3936 1309 3990 M

137 4029 168 4080 12
185 4020 364 4095 θαυμάζεται
376 4025 406 4078 Μ
457 4021 564 4084 τούτου
574 4045 617 4093 τις
629 4025 767 4093 Roianus,
786 4025 874 4083 τοῦτό
886 4046 929 4092 τις
940 4025 1003 4082 libri
1057 4031 1087 4081 1³
1104 4019 1302 4100 βεβηακότων
1314 4021 1337 4078 U

137 4115 169 4166 111
188 4104 205 4168 ὑ
223 4126 274 4167 om.
293 4110 341 4168 ΠΒ
412 4115 443 4166 16
461 4105 653 4178 ἀποδέξασθαι
670 4113 700 4166 Μ
769 4105 804 4169 οὑ
821 4111 967 4182 σκέψεσθε
984 4128 1036 4169 om.
1055 4111 1085 4164 Μ
1145 4115 1175 4167 18
1192 4107 1389 4183 ἐπαφρόδιτοι·

134 4193 264 4264 τάιηνῦ
335 4201 367 4252 20
385 4199 444 4254 τῶν
459 4212 511 4267 pro
529 4191 624 4254 τὸνῦ
695 4191 813 4256 damu
883 4201 916 4252 22
932 4197 1152 4271 μεταβέβλησθε
1169 4198 1200 4254 Μ
1268 4199 1300 4250 2³
1318 4183 1388 4249 κατ’

135 4276 226 4340 αὑτὸν
242 4281 313 4350 libri,
333 4297 402 4338 τοτε.
421 4282 501 4353 Ειερ.
554 4287 587 4338 16
605 4277 690 4341 ἕνεκα
701 4283 793 4340 ιάἀίάῖ
843 4279 878 4341 τὸ
897 4282 1024 4351 συνειδὸς
1035 4310 1070 4331 =
1082 4284 1155 4340 bona
1172 4279 1338 4339 conscientia

137 4371 171 4424 26
188 4388 245 4442 γαρ
262 4357 298 4439 ἢν
314 4367 390 4437 wil„
407 4370 505 4426 πᾶσαν
521 4367 584 4424 libri
665 4372 697 4423 27
709 4377 824 4440 μηνῖσαι
839 4369 946 4440 scripsi,
961 4375 1084 4444 μηνῦσαι
1096 4369 1174 4439 libri;
1193 4367 1388 4436 dpenuoeum

136 4453 234 4510 fuisset
251 4451 390 4509 Hadriano
415 4452 449 4509 ἀι
467 4451 595 4509 Favorini
614 4453 709 4523 culpa,
731 4467 821 4524 ροειιε
838 4469 899 4510 eum
916 4455 1066 4528 ιῖῖεαίειείς
1091 4455 1161 4525 quod
1180 4453 1207 4509 ei
1223 4447 1388 4514 succensuit,

136 4537 227 4595 ῖεωεε
245 4540 390 4595 obsecuta!
407 4541 449 4592 ειί
552 4541 585 4593 29
601 4531 668 4609 ὑμῖν
685 4554 736 4595 om.
755 4539 784 4594 M
