3526 5264
583 379 721 438 ORATIO
737 379 890 440 LXXVIII.
1368 380 1429 443 21?

167 557 307 640 τρόπον,
328 551 434 634 κόλαξ
452 556 509 619 καί
530 557 612 640 χόης
633 555 709 618 ἀντί
729 556 884 638 γενναίου
898 556 955 618 καί
969 552 1124 643 ἀληθοῦς
1146 556 1275 643 φανείς.
1355 555 1483 622 καί-34

167 678 223 722 τοι
251 659 287 721 τί
313 677 399 722 ποτε
426 655 609 739 βούλονται
637 664 705 721 τῶν
733 658 909 741 μακαρίων
939 659 1029 733 τινές
1051 658 1318 743 θεραπεύεσθαι
1341 659 1430 743 πρός

169 761 367 846 ἀνθρώπων
389 757 580 846 ἐλευθέρων
603 759 692 824 εἶναι
716 763 916 847 φασκόντων
937 761 995 822 καί
1016 762 1096 835 τούς
1122 757 1349 840 καλουμένους
1373 781 1430 847 φι-

173 860 344 949 λυσόφους
365 864 427 927 ἐπί
447 864 575 948 θύραις
591 865 702 926 αὐτῶν
726 863 880 946 δρᾶσθαι
901 864 1086 938 ταπεινούς
1106 863 1163 926 καί
1184 863 1342 943 ἀτίμους,
1365 856 1432 947 [καί

135 958 230 1051 ἐμή]
258 965 419 1050 καθάπερ
448 966 592 1051 ηΚίρκη
622 961 779 1047 ἐβούλετο
803 967 862 1051 τὴν
896 963 1027 1050 οἴκησιν
1059 966 1161 1051 αὐτῆς
1193 962 1432 1051 φυλάττεσθαι

169 1070 239 1131 ύπδ
263 1065 407 1132 λεόντων
427 1065 547 1133 δειλάίν
561 1069 619 1131 καί
632 1070 892 1154 κατεπτηχότων
898 1089 911 1145 ,·
933 1068 1052 1130 ούκυυν
1068 1065 1144 1131 οὐδὲ
1160 1069 1284 1130 ἐκεῖνοι
1300 1064 1432 1143 λέοντες

171 1173 265 1247 όντες
293 1168 483 1258 ἐφύλαττον
513 1171 633 1256 αὐτήν,
669 1168 753 1233 ἀλλά
790 1168 951 1257 δύστηνοι
981 1171 1168 1256 ἀνθρωττοι
1195 1171 1254 1232 καί
1282 1170 1431 1256 ἀνόητοι,

170 1271 423 1360 διεφθαρμένοι
445 1271 502 1337 διά
524 1275 655 1359 τρυφήν
676 1275 733 1337 καί
762 1274 891 1358 ἀργίαν.
944 1273 1060 1336 οὐκοῦν
1091 1275 1172 1336 όταν
1201 1268 1256 1356 ἴδῃ
1286 1293 1340 1348 τις
1361 1278 1429 1334 τῶν
1442 1278 1483 1342 35

171 1374 375 1463 φιλοσόφων
397 1376 473 1438 τινὰ
502 1373 716 1456 καλουμένων
747 1377 827 1460 περί
854 1375 916 1451 τάς
945 1371 1050 1451 αύλάς
1077 1377 1134 1439 καί
1166 1376 1329 1460 πρόθυρα
1360 1374 1433 1436 σαί·

124 1485 152 1538 1ο
174 1498 275 1542 νοντα
303 1480 360 1542 καί
387 1481 550 1542 ταπεινόν
578 1479 714 1541 ἐκείνων
751 1474 848 1554 άξιυν
884 1477 1146 1564 ἀναμνησθῆναι
1179 1485 1247 1541 τῶν
1278 1473 1432 1552 λεόντων,

169 1581 264 1645 κυσίν
286 1583 413 1662 όμοίων
436 1587 582 1643 πεινῶσι
603 1581 660 1642 καί
682 1576 825 1658 δειλοῖς,
849 1581 1050 1664 ὠρυομένων
1075 1577 1254 1658 ὀξύτατον,
1283 1581 1342 1642 ἀτε
1363 1579 1432 1641 ὑπὸ

171 1685 358 1770 φαρμάκων
388 1680 662 1769 διεφθαρμένων.
714 1679 800 1746 ἀλλὰ
831 1680 871 1768 δή
903 1685 997 1746 ἐστιν
1028 1685 1086 1746 υύκ
1116 1673 1185 1746 οἶδ’
1211 1684 1333 1745 ὁποῖόν
1356 1685 1431 1767 τιή

169 1789 309 1872 τοιαύτη
333 1787 516 1867 ἐπιθυμία.
566 1787 685 1871 μυρίοι
712 1788 774 1867 μὲν
802 1789 865 1870 χάρ
896 1786 1001 1865 είσιν,
1036 1787 1071 1848 ot
1098 1786 1229 1860 έκόντες
1256 1784 1314 1848 καί
1342 1786 1433 1846 πάνυ

172 1890 365 1975 προθύμως
387 1890 623 1974 θεραπεύουσι
646 1891 726 1964 τούς
756 1886 942 1965 πλουσίους
970 1888 1027 1952 καί
1057 1886 1219 1962 δυνατούς
1247 1888 1303 1951 καί
1324 1885 1432 1966 μεστὰ

123 1999 152 2052 1⁵
175 1994 287 2055 πάντα
309 1989 460 2054 κολάκων
482 1992 556 2054 ἐστί
576 1998 646 2054 τῶν
666 1982 742 2072 μετ’
768 1992 950 2076 ἐμπειρίας
963 1991 1020 2053 καί
1035 1995 1152 2076 τέχνης
1168 1990 1250 2053 αύτδ
1266 1989 1434 2072 πραττόν-

22 2107 251 2163 (mamm.
304 2094 391 2156 ὥστε
420 2093 479 2155 ούκ
506 2083 637 2178 ἀπορίᾳ
666 2089 764 2155 τοῦδε
787 2100 850 2154 τοῦ
872 2095 1044 2178 χρήματος
1074 2088 1212 2178 ζητοῦσι
1241 2091 1335 2175 παρὰ
1364 2096 1431 2151 τῶν
1444 2091 1484 2158 36

173 2196 211 2256 ού
235 2198 455 2281 πεφυκότων,
485 2187 561 2256 ἀλλ’
587 2196 681 2257 έστιν
703 2197 824 2275 όμοιον
846 2201 947 2257 τοῦτο
970 2198 1073 2278 έτέρῳ
1104 2193 1346 2278 ἐπιχειρήματι
1367 2196 1434 2252 τῶν

173 2294 307 2383 σφόδρα
339 2294 552 2374 ἀκολάστων,
583 2298 619 2359 ol
645 2303 811 2380 γυναικῶν
841 2297 1008 2382 ἀφθόνων
1040 2297 1150 2358 οὐσῶν
1181 2285 1229 2358 δι’
1259 2295 1357 2377 ύβριν
1378 2293 1435 2354 καί

172 2402 390 2485 παρανομίαν
412 2401 645 2480 ἐπιθυμοῦσιν
667 2401 704 2462 ἐκ
726 2407 793 2463 τῶν
816 2397 948 2485 ἀνδρῶν
971 2404 1130 2481 γυναῖκας
1147 2398 1249 2482 σφίσι
1270 2395 1435 2478 γενέσθαι

122 2512 153 2566 w
174 2503 231 2566 καί
254 2499 413 2584 λαβόντες
435 2500 565 2578 παῖδας
586 2499 752 2583 ἐξέτεμον.
790 2503 874 2566 όθεν
897 2499 985 2565 πολύ
1008 2503 1124 2564 κάκιον
1146 2502 1203 2563 καί
1218 2496 1433 2579 δυστυχέστε-

170 2624 231 2688 ρον
253 2609 348 2688 χένος
370 2598 559 2689 [εύνυύχων]
581 2607 723 2688 ἐγένετο,
746 2606 995 2690 ἀσθενέστερον
1010 2611 1073 2666 τοῦ
1085 2603 1274 2685 γυναικείου
1289 2603 1347 2664 καί
1368 2600 1434 2686 θη-

172 2704 318 2792 λύτερον.
428 2698 504 2770 ἀλλ’
529 2710 548 2771 ό
576 2727 613 2792 χε
636 2711 724 2793 πρός
752 2705 921 2794 ἀληθειαν
944 2704 1099 2792 ἀνδρεῖος
1127 2707 1184 2768 καί
1205 2701 1430 2789 μεγαλόφρων
1443 2703 1484 2768 37

172 2811 231 2872 οὐκ
253 2811 294 2873 ἀν
317 2829 403 2874 ποτε
425 2811 541 2874 πάθοι
563 2818 719 2874 τοιοῦτον
736 2807 833 2874 υύδίν
850 2801 923 2873 οὐδ’
942 2811 983 2873 ἀν
999 2812 1144 2894 πρόοιτο
1159 2810 1220 2895 τὴν
1234 2805 1434 2890 ἐλευθερίαν

170 2914 231 2997 την
255 2913 360 2974 αὑτοῦ
384 2915 442 2976 καί
463 2916 523 2999 τήν
545 2915 740 2999 παρρησίαν
769 2921 871 2998 τιμῆς
898 2932 992 2988 τινος
1014 2913 1137 2993 ἀτίμου
1164 2913 1263 2996 χάριν
1292 2911 1312 2994 ἢ
1338 2906 1434 2971 δυνά-

124 3024 156 3076 11
177 3034 268 3094 μεως
290 3015 310 3099 ἢ
331 3019 529 3100 χρημάτων,
559 3008 632 3078 οὐδ’
658 3017 699 3078 ἂν
722 3016 859 3102 φθονοῖ
881 3019 955 3090 τοῖς
983 3011 1293 3096 μεταβαλλομένοις
1321 3032 1357 3074 τε
1378 3011 1436 3072 καί

172 3122 520 3202 μεταμφιεννυμένοις
542 3119 602 3180 ἐπί
624 3119 800 3192 τοιαύταις
824 3115 978 3201 δωρεαῖς,
1001 3109 1078 3179 ἀλλ’
1103 3107 1212 3200 ἡγοῖτ’
1238 3116 1280 3177 ἀν
1295 3113 1435 3193 δμοίους

173 3223 247 3294 τοῖς
268 3216 539 3300 μεταβάλλουσιν
561 3216 599 3297 ἐξ
621 3221 818 3304 ἀνθρώπων
841 3220 891 3295 είς
919 3221 1017 3306 όφεις
1038 3220 1058 3304 ἢ
1083 3215 1168 3280 ἀλλα
1197 3217 1322 3303 θηρία·
1352 3217 1435 3278 ἐκεί-

174 3339 252 3396 νους
274 3323 335 3400 μὲν
360 3322 398 3382 ού
421 3316 528 3406 ζηλῶν
552 3313 629 3384 οὐδὲ
656 3322 849 3404 βασκαίνων
873 3313 991 3397 αὐτοῖς
1012 3329 1072 3407 τῆς
1087 3329 1227 3406 τρυφῆς,
1251 3316 1336 3382 ἀλλά
1359 3309 1434 3381 τοῦ-

69 3439 118 3490 (εει
127 3435 160 3487 ιι)
174 3424 309 3486 ναντίον
325 3420 577 3508 ὀλοφυρόμενος
590 3425 647 3486 καί
662 3420 774 3502 ἐλεῶν,
796 3427 877 3486 όταν
892 3425 953 3487 ἐπί
968 3419 1101 3508 δώροις,
1119 3424 1236 3507 ὥσπερ
1253 3424 1287 3484 οἱ
1301 3419 1434 3499 παῖδας,

123 3536 154 3590 ³⁰
175 3525 441 3611 ἀποκείρωνται,
469 3528 527 3589 καί
555 3534 659 3589 ταῦτα
688 3527 749 3602 τάς
778 3523 919 3600 πολιάς·
950 3518 1051 3600 αὐτὸς
1081 3522 1117 3587 δέ
1146 3527 1184 3586 τό
1213 3517 1297 3586 καθ’
1331 3515 1431 3586 αὑτόν
1445 3521 1485 3584 38

174 3630 377 3713 πειράσεται
393 3626 635 3715 διαφυλάττειν
651 3618 864 3714 εὗσχημόνως
875 3629 932 3692 καί
946 3629 1102 3710 βεβαίως,
1117 3623 1291 3712 μηδέποτε
1307 3623 1435 3688 λείπων

174 3733 234 3816 τήν
257 3733 362 3794 αὑτοῦ
381 3729 487 3811 τάξιν,
511 3733 631 3818 ἀρετήν
655 3730 692 3795 δέ
713 3733 770 3794 καί
795 3733 1019 3816 σωφροσύνην
1042 3737 1149 3811 τιμῶν
1173 3730 1227 3791 ἀεί
1247 3730 1304 3791 καί
1327 3724 1435 3804 αύξων

261 3970 278 4020 4
296 3959 392 4024 αύτιῦν
408 3965 479 4032 libri,
498 3980 567 4022 corr.
582 3965 663 4021 DInd.
720 3970 769 4024 καί
785 3963 824 4038 μὴ
842 3967 908 4024 secl.
921 3965 994 4040 wil„
1012 3965 1111 4038 καινὴ
1130 3967 1186 4023 Δία
1203 3963 1284 4036 Emp.
1355 3969 1436 4025 σκαί

177 4050 274 4108 om.U
345 4047 450 4110 οὔκουν
472 4057 646 4122 corruptum,
670 4044 705 4111 ού
725 4051 782 4125 μὴν
803 4051 910 4111 ἐκεῖνοι
927 4054 992 4110 wil.
1080 4052 1143 4110 ’ἰοί
1166 4051 1321 4126 ἅνθρωποι
1338 4052 1369 4107 Μ

179 4143 208 4193 11
230 4130 402 4208 δμοίωςΙῙΒ
455 4140 557 4196 πίνωσι
575 4138 604 4191 Μ
656 4142 747 4195 ἀειλοῖ
763 4137 958 4212 οορυωμένων
975 4140 1005 4194 Μ
1025 4143 1128 4206 δειλοῖς
1145 4131 1370 4212 ω’ρυωμένωνῖί
1452 4167 1456 4178 ·

179 4226 210 4278 12
228 4223 454 4297 διεφθαρμένους
472 4224 501 4278 Μ
552 4218 640 4294 ἦσαν.
653 4223 703 4280 UB
758 4228 789 4278 15
807 4215 967 4282 πάντωνΜ
1019 4227 1079 4282 τῶν
1091 4224 1227 4290 Βείείείαε,
1245 4226 1294 4280 καί
1305 4222 1368 4278 libri

178 4313 209 4364 17
230 4302 265 4367 αδ
282 4308 362 4379 Ειαρ.
381 4309 519 4378 dubium,
537 4301 569 4368 εὖ
585 4309 649 4366 libri
699 4309 925 4382 πεφιιενκύτων
942 4309 1002 4376 (sub
1019 4325 1117 4366 mura
1135 4307 1326 4380 οι,ιι11είίοε)
1344 4307 1370 4364 U

177 4397 208 4448 21
230 4386 376 4468 εύνούχων
392 4395 502 4462 techni,
519 4395 675 4466 interpretis
693 4411 753 4453 εεεε
769 4399 847 4452 ratus
901 4399 933 4451 13
951 4400 1068 4454 τοιοῦτο
1082 4396 1106 4451 U
1159 4389 1243 4455 οὐδέν
1254 4411 1306 4450 om.
1318 4393 1368 4451 UB

178 4485 211 4534 24
229 4474 319 4538 αύτοῦ
336 4481 407 4546 libri,
426 4475 516 4538 αὺτοῦ
531 4481 585 4535 iam
604 4481 716 4538 νομαί]
768 4485 801 4536 26
820 4475 941 4553 ὁμοίους
955 4483 1085 4552 casaub„
1104 4478 1214 4552 ὁμοίως
1231 4479 1294 4538 libri
1346 4483 1379 4535 27
1398 4478 1438 4545 είς

179 4558 830 4640 &peccantumspacffussssmastaqu
864 4561 1020 4636 ἐκείνοιςῐί
1055 4565 1438 4636 31αύτοῦ11111,υοτε.Ειορ.
