3526 5264
301 297 366 356 212
753 289 877 348 motus
895 289 946 347 m}
962 289 1109 347 INVIDIA

252 471 343 559 16δή
365 473 451 553 χθές
474 470 553 551 περὶ
576 464 725 530 πλούτου
748 464 914 549 ἐλέγομεν.
952 465 1039 527 ὥστε
1063 456 1137 526 οὐδ’
1162 466 1204 528 ἂν
1220 463 1429 550 φθονήσειεν
1452 461 1568 528 ούδενί

298 575 465 659 χρυσοόῆ
490 573 634 657 ἀργύρου
656 571 676 655 ῆ
700 571 923 655 βοσκημάτων
944 568 964 652 ῆ
989 565 1099 642 οἰκίας
1119 567 1139 652 ῆ
1163 563 1267 629 ἀλλου
1290 572 1358 628 τῶν
1384 568 1564 644 τοιούτων,

300 679 386 762 ὑπὲρ
410 674 456 738 ὤν
479 671 652 755 ἐλέγομεν·
683 673 729 748 ὥς
752 687 857 758 φησιν
886 673 1000 754 έιερος
1023 669 1185 754 ποιητής,
1216 659 1274 748 οὐχ
1304 669 1409 731 αὑτοῦ
1427 671 1565 754 γνώμην

303 779 593 865 ἀποφαινόμενος,
617 772 702 837 ἀλλὰ
725 777 785 860 τήν
807 781 875 836 τῶν
898 771 1095 856 ἀνθρώπων
1118 768 1340 856 ἐξηγούμενος
1362 767 1480 847 δόξαν·

508 878 598 941 οίσίν
619 870 652 939 τ’
678 877 717 940 εδ
737 873 862 954 ζώουσι
882 877 939 938 καί
961 874 1099 960 ἀφνειοί
1118 870 1314 937 καλέονται·
1586 881 1606 932 5

305 986 352 1060 ὡς
374 985 478 1064 μόνον
499 977 714 1060 καλουμένων
740 971 851 1042 αδτῶν
873 979 1039 1064 ἀφνειῶν,
1071 966 1147 1038 ἀλλ’
1174 968 1234 1039 οὐκ
1256 979 1363 1039 όντων
1383 967 1460 1038 κατ’
1486 973 1568 1062 ἀλή-

256 1091 293 1152 17
307 1086 420 1149 θειαν.
465 1084 548 1148 είεν·
573 1076 691 1146 ούκοόν
710 1084 893 1168 χρημάτων
913 1083 975 1163 μέν
989 1081 1149 1165 κρείττων
1165 1081 1184 1141 ό
1198 1083 1351 1161 γενναῖος
1363 1079 1422 1141 καί
1436 1075 1568 1154 τέλειος

306 1189 390 1273 ἀνήρ
412 1191 492 1271 ήμῖν
515 1183 622 1249 δοκεῖ·
653 1185 733 1270 περί
756 1181 793 1248 δέ
816 1181 917 1269 δόξης
939 1185 1037 1263 τυχδν
1060 1177 1167 1264 ἐρίζοι
1188 1182 1230 1243 ἀν
1251 1181 1308 1244 καί
1331 1179 1479 1266 φθονοῖ,
1509 1182 1568 1256 ούς

304 1290 346 1352 ἂν
367 1292 579 1370 τιμωμένους
599 1285 729 1370 μᾶλλον
752 1287 846 1370 παρά
869 1283 916 1368 τῷ
941 1282 1072 1371 πλήθει
1087 1281 1196 1368 βλέπῃ
1211 1284 1268 1346 καί
1281 1277 1445 1363 μειζόνων
1468 1283 1568 1345 έπαί-

300 1412 373 1455 νων
395 1393 636 1473 τυγχάνοντας,·
657 1391 677 1475 ῆ
702 1391 760 1452 οδκ
782 1391 915 1472 ἀγνοεῖν
939 1389 1092 1474 φήσομεν
1115 1389 1161 1462 ὡς
1178 1388 1305 1471 έστινῆ
1323 1381 1405 1462 δόξα
1428 1386 1447 1446 ό
1469 1384 1564 1468 παρά
1588 1393 1620 1445 1⁰

305 1499 373 1555 τῶν
396 1489 534 1556 πολλῶν
556 1493 714 1567 έπαινος·
737 1494 768 1555 εἰ
791 1488 827 1554 δέ
850 1498 917 1554 τῶν
940 1487 1088 1568 πολλῶν,
1112 1485 1286 1576 δῆλονὸτι
1307 1495 1374 1551 τῶν
1398 1487 1457 1549 ούκ
1478 1482 1567 1549 εἰδό-

258 1596 297 1661 18
308 1616 376 1658 των
381 1617 394 1671 ,·
408 1627 452 1640 -
466 1592 633 1674 Οὐδαμῶς
647 1596 747 1656 τοῦτό
762 1614 799 1677 γε
814 1595 904 1669 είκδς
920 1594 1021 1656 αότδν
1038 1594 1179 1676 ἀγνοεῖν.
1193 1627 1235 1638 -
1250 1593 1291 1654 A.
1310 1593 1398 1674 Φέρε
1413 1583 1494 1674 [οὐκ]
1511 1589 1568 1652 οὖν
1578 1601 1632 1652 (σοι
1640 1599 1676 1652 ¹1)

309 1694 406 1760 δοκεῖ
424 1713 482 1759 σοι
503 1697 638 1779 ἀγαθός
659 1693 805 1782 αύλητής
828 1693 978 1783 ῆδεσθαι
999 1697 1060 1759 έπί
1080 1703 1123 1782 τῆ
1144 1693 1312 1780 τέχνῃκαὶ
1326 1697 1411 1776 μέγα
1429 1696 1568 1778 φρονεῖν

308 1801 377 1862 ύπδ
400 1800 560 1879 ἀμούσων
573 1800 632 1863 καί
645 1800 792 1880 ἀτέχνων
807 1800 1063 1879 ἐπαινούμενος,
1084 1799 1146 1860 κάν
1169 1799 1199 1860 εί
1222 1798 1444 1881 περιστάντες
1467 1795 1569 1857 αὐτόν

310 1898 433 1978 παῖδας
463 1903 632 1988 συφορβοὶ
658 1903 717 1966 καί
748 1907 911 1983 ποιμένες
938 1896 1149 1981 θαυμάζοιεν
1176 1901 1233 1962 καί
1260 1902 1428 1983 κροτοῖεν,
1467 1897 1567 1959 έπαί-
1589 1901 1622 1954 ιο

308 2005 438 2088 ρεσθαι
459 1996 520 2068 ἐπ’
547 2003 638 2088 αύτῷ
659 2008 767 2089 τούτῳ
789 2006 930 2068 καὶτοῦ
951 2006 1080 2080 παντὸς
1095 2005 1192 2082 ἀξιον
1213 2001 1375 2087 ῆγεῖσθαι
1397 2001 1456 2062 τὸν
1479 1990 1566 2083 παρ’

308 2105 443 2168 ἐκείνων
466 2106 627 2181 έπαινον;
649 2101 735 2166 ἀλλά
757 2107 822 2191 μήν
844 2100 1013 2189 έδήλωοεν
1036 2105 1055 2165 ό
1079 2101 1231 2189 Θηβαῖος
1254 2100 1399 2190 αδληιής
1422 2097 1499 2164 οὐδὲ
1521 2098 1570 2183 τῷ

308 2207 445 2291 θεάτρῳ
470 2209 559 2270 πάνυ
583 2212 761 2289 προσέχων
783 2208 841 2270 τδν
863 2214 941 2271 νοῦν
965 2202 1042 2270 οὐδὲ
1057 2211 1131 2283 τοῖς
1145 2211 1278 2292 κριταῖς
1292 2206 1452 2290 ἀπείροις
1475 2203 1571 2266 οδσιν

310 2305 499 2394 αδλήσεως,
526 2309 584 2372 καί
611 2317 717 2372 ταῦτα
747 2310 827 2393 περί
854 2306 966 2372 ἀθλου
994 2309 1051 2372 καί
1078 2311 1172 2395 νίκης
1200 2302 1462 2391 ἀγωνιζόμενος
1491 2293 1705 2367 aarum

309 2413 401 2489 όμως
423 2406 500 2472 οόδέ
522 2412 642 2495 μικρδν
664 2411 803 2498 ἐκβῆναι
824 2418 886 2473 του
905 2411 1044 2496 ῥυθμοῦ
1063 2419 1126 2474 τοῦ
1151 2415 1346 2496 πρέποντος
1374 2406 1570 2494 έτόλμησεν,
1592 2414 1625 2467 2]

261 2517 300 2580 19
313 2508 403 2594 αόνῳ
427 2507 463 2573 δέ
484 2512 542 2575 καί
563 2515 640 2586 ταῖς
662 2513 824 2588 Μούσαις
846 2510 960 2576 αδλεῖν
983 2514 1060 2599 έφη.
1104 2515 1140 2576 τί
1162 2513 1240 2590 οδν,·
1269 2511 1336 2577 οἴει
1356 2514 1415 2576 τδν
1433 2502 1572 2598 Ὀρφέα,

310 2615 369 2675 τδν
391 2619 452 2691 τῆς
473 2615 619 2698 Μούσης
641 2615 731 2693 υίόν,
755 2616 785 2678 εί
807 2611 942 2701 ἀληθής
965 2617 984 2677 ό
1004 2607 1085 2679 κατ’
1111 2617 1212 2679 αύτδν
1234 2617 1357 2697 μῦθος,
1379 2611 1509 2696 μᾶλλον
1532 2615 1573 2676 δν

308 2715 440 2799 χαίρειν
460 2722 529 2780 τῶν
552 2716 703 2801 ὀρνίθων
724 2723 1007 2798 καταπετομένων
1030 2720 1119 2802 πρός
1148 2720 1249 2782 αύτδν
1280 2709 1405 2803 ᾄδοντα
1426 2717 1575 2780 καὶτῶν

311 2817 446 2902 θηρίων
467 2814 680 2903 κηλουμένων
705 2821 771 2882 ύπδ
793 2827 853 2906 τῆς
876 2828 992 2907 φωνῆς
1013 2821 1070 2884 καί
1092 2824 1353 2907 παρεστηκότων
1376 2813 1497 2905 πρᾴως
1518 2819 1576 2880 καί

312 2918 507 3006 ἀθορύβως,
530 2922 635 2984 όπότε
657 2918 798 3007 ἀρξαιτο
820 2919 993 3005 μελῳδεῖν,
1016 2924 1068 2987 έτι
1092 2920 1128 2986 δέ
1150 2931 1218 2988 τῶν
1241 2920 1387 3008 δένδρων
1409 2923 1571 3008 προσιόν·
1593 2928 1625 2980 νῦ

313 3043 382 3084 των
405 3025 474 3102 ἅμα
497 3021 546 3106 τῷ
567 3021 688 3108 καρπῷ
710 3025 825 3088 τεκαὶ
846 3026 966 3104 ἀνθει,
991 3027 1138 3091 καὶτῶν
1161 3024 1271 3091 λίθων
1293 3030 1498 3109 κινουμένων
1519 3025 1577 3086 καί

315 3119 506 3202 ξυνιόντων,
523 3126 611 3188 ὥστε
625 3123 754 3208 μεγάλα
766 3130 894 3212 έρματα
905 3125 1138 3214 ἀθροίζεσθαι
1153 3122 1288 3215 [λίθων]
1303 3127 1450 3216 πλησίον
1463 3128 1575 3202 αὐτοῦ,

315 3223 444 3307 μᾶλλον
465 3228 525 3291 έπλ
546 3230 682 3305 τούτοις
703 3235 915 3311 γιγνομένοις
945 3234 1075 3315 δρῶντα
1105 3232 1302 3319 τέρπεσθαι
1327 3235 1386 3296 καί
1411 3227 1576 3313 μεγαλαυ-

312 3328 466 3409 χεῖσθαι,
489 3325 670 3410 νομίζοντα
691 3339 752 3418 τῆς
765 3342 930 3420 μουσικῆς
944 3336 1036 3420 ήκειν
1051 3327 1110 3398 έπ’
1137 3337 1249 3419 ἀκρον,
1272 3337 1292 3421 ῆ
1316 3334 1414 3421 είπερ
1432 3339 1452 3419 ή
1467 3336 1576 3421 μήτηρ

316 3432 418 3495 αύτδν
438 3436 459 3518 ῆ
482 3429 665 3518 Καλλιόπη
687 3430 910 3519 κιθαρίζοντα
933 3435 1079 3522 ἐπῄνεσέ
1099 3459 1135 3501 τε
1157 3438 1214 3501 καί
1236 3437 1313 3501 είπε
1342 3438 1572 3523 καταψήσασα
1594 3439 1624 3493 ³⁰

316 3535 386 3615 άμα
409 3536 469 3621 τήν
498 3532 664 3622 κεφαλήν,
695 3538 742 3612 ὡς
772 3538 895 3615 ἱκανῶς
923 3540 996 3620 έχοι
1021 3549 1185 3628 μουσικῆς
1213 3543 1271 3604 καὶ
1300 3543 1501 3629 σοφώτατος
1523 3535 1575 3622 εἴη

265 3637 360 3702 20τά
383 3645 442 3723 τῆς
463 3641 598 3724 τέχνης,·
620 3639 684 3722 ἐγὼ
707 3641 768 3720 μέν
790 3641 853 3727 γάρ
878 3641 975 3722 οἶμαι
995 3639 1121 3723 μᾶλλον
1143 3645 1211 3706 ύπδ
1229 3641 1460 3726 Φιλάμμωνος
1475 3641 1577 3704 αύτδν

317 3736 452 3804 ἐθέλειν
474 3743 704 3829 έπαινεθῆναι
726 3745 806 3829 περί
827 3747 991 3832 μουσικήν
1011 3747 1032 3831 ῆ
1056 3745 1162 3821 εἴτις
1183 3742 1223 3830 ήν
1238 3754 1306 3810 τῶν
1321 3749 1399 3810 τότε
1414 3747 1577 3828 ἔμπειρος

316 3840 531 3929 κιθαρῳδίας
552 3845 572 3929 ῆ
596 3841 800 3925 ξυμπάντων
822 3845 942 3923 ἅπλῶς
964 3855 1031 3911 τῶν
1047 3849 1181 3933 θηρίων
1196 3869 1233 3911 τε
1254 3851 1311 3914 καί
1334 3851 1475 3935 όρνέων·
1498 3838 1575 3909 ἀλλ’

403 4034 515 4100 δοίσίν
531 4037 562 4103 τ’
580 4044 631 4102 Οδ.
653 4051 692 4113 Π,
711 4047 775 4114 ⁴²³3
794 4039 855 4103 οἶοί
871 4037 900 4102 τ’
918 4043 981 4101 libri
997 4047 1038 4112 (at
1054 4045 1084 4100 M
1102 4045 1130 4100 ln
1147 4048 1256 4111 mura)
1273 4042 1372 4117 άφνιοι
1389 4047 1420 4101 M
1498 4041 1578 4104 Ἰού·

318 4145 390 4184 κουν
406 4127 437 4183 M
488 4127 612 4206 Βέρίζοι
630 4126 669 4190 δν
685 4131 774 4203 Ειορ..
792 4129 923 4202 έριζοίαν
938 4127 969 4186 M
986 4129 1079 4204 ἐρίζοι
1094 4133 1156 4198 (om.
1175 4123 1222 4198 δν)
1240 4131 1288 4187 UB
1345 4131 1479 4203 θβλέπει
1496 4131 1527 4187 M

318 4207 447 4281 μιζόνων
462 4215 493 4270 M
548 4221 578 4272 10
596 4209 680 4289 ἔστην
697 4216 728 4271 M
782 4221 812 4272 12
831 4209 1103 4286 αύτῶνῦω.ρτ.Β
1155 4205 1208 4273 οδν
1224 4215 1328 4285 εοάριί,
1347 4209 1454 4274 οὐκοῦν
1470 4216 1533 4272 libri

322 4301 353 4351 13
371 4297 418 4356 ἐπὶ
435 4303 471 4373 τῇ
488 4300 573 4374 τέχνη
588 4301 718 4358 Βοῖοίδυι
735 4302 891 4382 transponit
907 4303 972 4372 post
997 4311 1119 4376 φρονεῖν
1224 4305 1255 4356 14
1274 4293 1403 4372 ἀτέχνων
1419 4304 1469 4357 καί
1487 4292 1578 4369 άμού·

320 4382 422 4439 σωνΠ
493 4391 524 4442 16
542 4389 595 4444 τοῦ
611 4385 721 4455 Βελελο,
739 4391 826 4446 τοῦτο
844 4385 875 4444 M
893 4383 987 4465 τούτῳ
1005 4387 1054 4445 UB
1140 4389 1173 4441 20
1192 4386 1355 4459 σμικρονΒ
1437 4387 1468 4439 27
1487 4385 1579 4442 λίθοιν

320 4466 373 4524 dol.
385 4466 451 4526 wil.
504 4475 536 4526 ³0
554 4471 802 4547 καταρτίσασαῐί
