3476 5264
650 357 788 416 ORATIO
804 361 910 416 XXIX.
1345 357 1407 418 289

17 537 246 620 [ωικσγμήκει
274 542 336 597 τού
358 536 490 619 χρόνον.
536 535 588 596 ἔτι
618 530 654 596 δέ
681 537 738 597 καί
759 533 837 598 τόδε
859 538 901 598 άν
924 557 976 611 τις
1002 536 1106 597 αότού
1125 531 1337 620 κατεπλάγη,
1366 537 1405 598 τδ

144 640 228 723 μήτε
252 639 440 716 παιόμενον
462 627 564 699 αὐτὸν
586 637 670 721 μήτε
693 638 841 700 παίοντα
863 645 970 701 νικᾶν·
992 644 1135 701 τοσοῦτο
1162 643 1203 720 τῇ
1226 639 1321 721 ῥώμῃ
1346 656 1405 700 πε·

144 749 221 826 ριην
242 740 299 802 καί
320 737 368 821 τῷ
393 736 566 802 δύνασθαι
588 744 715 802 πονεῖν.
762 737 926 816 πολλάκις
947 740 1010 826 γάρ
1034 731 1081 803 δι’
1107 735 1187 823 ὅλης
1203 747 1262 824 τῆς
1276 742 1403 824 ἡμέρας
1417 741 1456 806 12

146 843 336 928 ἠγωνίσατο
353 842 388 904 έν
403 848 444 925 τῇ
461 837 678 926 σφοδροτάτῃ
695 842 767 925 ὥρᾳ
782 849 844 905 τού
861 843 967 918 ἔτους,
990 844 1046 904 καί
1069 838 1254 921 δυνάμενος
1276 841 1404 904 θάττον

111 960 126 1008 ⁵
151 947 191 1008 ἀν
214 944 459 1028 περιγενέσθαι
481 944 594 1005 παίων
625 943 684 1005 ούκ
705 941 879 1024 ἐβούλετο,
909 939 1053 1024 νομίζων
1075 945 1114 1006 τδ
1136 945 1199 1023 μὲν
1221 941 1334 1028 πληγῇ
1356 963 1404 1006 νι-

147 1056 250 1134 κῆσαι
270 1048 327 1110 καί
348 1053 410 1108 τοῦ
425 1042 639 1131 φαυλοτάτου
662 1035 743 1108 ἔσθ’
769 1049 824 1110 ὅτε
840 1045 928 1111 εἰναι
950 1049 1009 1109 τόν
1025 1044 1214 1127 βέλτιστον,
1238 1048 1269 1108 εἰ
1291 1047 1404 1124 τύχοι·

142 1153 206 1236 την
229 1146 265 1212 δὲ
288 1146 527 1234 ἀληθεστάτην
549 1149 651 1232 νίκην,
674 1151 754 1211 όταν
770 1150 922 1234 ἄτρωτον
941 1149 1111 1234 ἀναγκάσῃ
1133 1151 1193 1211 τόν
1214 1143 1404 1211 ἀντίπαλον

148 1253 321 1316 ἀπειπεῖν.
367 1252 405 1314 ού
426 1251 489 1336 γάρ
512 1257 574 1313 τοῦ
594 1252 796 1335 τραύματος,
820 1244 898 1313 ἀλλ’
923 1255 1047 1314 ἐαυτοῦ
1065 1251 1248 1336 ἡττῆσθαι.
1284 1252 1341 1314 καί
1362 1252 1401 1314 τό

148 1351 214 1436 όλιρ
237 1353 313 1417 τινά
335 1350 383 1436 τῷ
408 1355 542 1433 σώματι
564 1353 736 1430 ἀπειπεῖν,
760 1349 845 1415 ἀλλά
867 1355 911 1439 μη
935 1353 985 1436 τῷ
1007 1350 1169 1438 πληγέντι
1189 1355 1295 1437 μέρει,
1319 1349 1401 1433 λαμ·

99 1470 129 1521 1ο
151 1458 247 1539 πρόν.
292 1457 350 1518 τδν
374 1452 409 1518 δί
431 1456 651 1536 ἐπειγόμενον
667 1457 713 1529 ὡς
730 1454 802 1517 οἷόν
817 1476 854 1517 τε
869 1457 1011 1534 τάχιστα
1027 1465 1163 1541 νικῆσαι
1181 1457 1238 1519 καί
1254 1455 1402 1518 παίοντα

147 1562 204 1622 καί
227 1555 499 1638 συμπλεκόμενον
523 1557 623 1618 αύτδν
644 1557 817 1641 ἡττῆσθαι
839 1564 901 1618 τοῦ
921 1558 1091 1637 καύματος
1111 1559 1169 1620 καί
1189 1564 1252 1619 τοῦ
1268 1557 1401 1636 χρόνον.

144 1664 175 1724 εἰ
205 1659 243 1725 δέ
269 1682 322 1736 τις
351 1660 390 1722 οδ
418 1662 522 1744 ταύτῃ
552 1655 800 1740 ὑπολαμβάνει,
829 1660 985 1722 ἐννοείτω
1012 1662 1066 1722 ότι
1091 1661 1167 1734 σύες
1188 1660 1244 1722 καί
1266 1655 1401 1744 ίλαφοι,
1417 1664 1457 1727 13

142 1768 241 1844 μέχρι
269 1764 330 1843 μέν
359 1763 475 1837 αὐτοῖς
497 1764 521 1846 ἠ
547 1761 641 1839 ἰσχύς
664 1763 846 1842 πάρεστιν,
876 1762 952 1823 οὔτε
981 1762 1185 1847 ἀνθρώποις
1212 1762 1287 1823 ούτε
1309 1762 1404 1823 κυσίν

17 1885 18 1934 1
146 1868 248 1947 δμδσι
270 1871 454 1947 χωροῦσιν·
477 1867 558 1926 όταν
581 1860 617 1925 δί
638 1863 773 1948 ηττηθῃ
792 1864 850 1926 καί
869 1866 969 1948 κάμῃ,
992 1862 1148 1949 τηνικάδε
1166 1860 1403 1944 συμπλέκεται,

96 1979 124 2030 1ο
145 1970 202 2032 καί
223 1964 351 2049 μᾶλλον
367 1963 482 2028 έθέλει
498 1964 752 2049 τιτρώσκεσθαι
764 1967 822 2027 καί
837 1958 1106 2050 άποθνῄσκεινῆ
1125 1971 1243 2028 πονεῖν
1258 1967 1310 2028 έτι
1326 1962 1405 2028 διω-

145 2073 280 2149 κόμενα.
319 2068 446 2146 δμοίως
469 2063 504 2128 δὲ
527 2068 584 2128 καί
606 2059 726 2146 ἄνδρες
741 2068 776 2128 έν
792 2063 943 2148 πολέμῳ,
965 2069 1079 2130 καίτοι
1093 2065 1222 2143 εἰδότες
1244 2071 1298 2130 ότι
1318 2065 1403 2147 μάλ-

147 2168 204 2233 λον
227 2171 268 2233 άν
286 2169 446 2231 παίοιντο
463 2169 677 2254 φεύγοντεςὴ
694 2171 861 2248 μένοντες,
886 2166 942 2231 διδ
958 2171 996 2230 τδ
1016 2171 1061 2256 μη
1077 2167 1271 2250 βούλεσθαι
1293 2166 1401 2232 πλείω

143 2274 264 2357 χρόνον
292 2273 430 2350 κάμνειν
457 2271 584 2332 ἀπίασι
613 2267 824 2352 παραδόντες
853 2261 974 2348 αύτούς
1002 2277 1076 2347 τοῖς
1098 2273 1249 2335 όπισθεν
1274 2273 1400 2335 παίειν.

148 2375 234 2436 οὕτω
257 2375 297 2435 τό
319 2393 355 2454 γε
377 2375 578 2457 τραυμάτων
598 2377 824 2457 καταφρονεῖν
848 2373 906 2434 ούκ
920 2369 1077 2455 ἀνδρείας
1092 2374 1195 2452 ἐστίν,
1218 2371 1303 2436 ἀλλά
1327 2375 1402 2436 τού-

98 2489 128 2540 20
143 2478 287 2542 ναντίον.
376 2475 473 2556 οἶμαι
496 2473 534 2561 δή
559 2477 594 2538 έν
616 2473 726 2558 τούτῷ
750 2477 862 2538 πάντα
884 2476 1049 2560 εἰρῆσθαι
1069 2476 1126 2538 καί
1141 2477 1222 2560 περί
1242 2473 1400 2562 ἀνδρείας
1414 2481 1454 2541 14

21 2581 202 2646 541111111καί
224 2579 303 2659 περί
325 2580 489 2660 εὐψυχίας
511 2579 568 2641 καί
590 2579 669 2663 περί
690 2579 884 2662 ἐγκρατείας
911 2580 969 2640 καί
990 2579 1071 2662 περὶ
1093 2581 1326 2664 σωφροσύνης.
1370 2581 1402 2642 εἰ

145 2683 189 2767 μη
213 2681 275 2766 γάρ
292 2683 451 2767 έγκρατης
466 2701 503 2743 τε
516 2683 574 2743 καί
595 2682 743 2766 σώφρων
765 2677 814 2766 ἦν,
838 2683 897 2743 ούκ
912 2681 954 2743 ἀν
970 2678 1067 2748 οἶμαι
1081 2688 1225 2744 τοσούτο
1240 2689 1283 2766 τῇ
1304 2683 1399 2766 ῥώμῃ

37 2801 89 2853 (σεο
101 2799 133 2848 1ο
149 2785 332 2868 ὑπερέσχεν
355 2781 431 2846 οὐδὲ
455 2785 486 2846 εἰ
509 2785 612 2870 φύσει
634 2785 854 2868 ἰσχυρότατος
874 2785 1031 2870 ὑπῆρχεν.
1074 2785 1132 2847 καί
1153 2786 1256 2866 έγωγε
1279 2775 1337 2847 οὐκ
1359 2785 1401 2847 ἀν

146 2887 325 2971 ὀκνήσαιμι
353 2886 465 2948 εἰπεῖν
493 2888 548 2949 ότι
574 2887 631 2949 καί
657 2892 725 2947 τῶν
755 2882 912 2948 παλαιῶν
934 2888 1070 2971 ηρώων,
1099 2887 1156 2961 οδς
1172 2888 1321 2962 άπαντες
1343 2888 1403 2967 ύμ-

93 3001 124 3051 25
146 2995 277 3064 νούσιν,
309 2984 444 3062 ούδενδς
473 2983 636 3051 ἐλάττονα
659 2988 780 3073 ἀρετην
803 2986 898 3066 είχεν,
922 2987 999 3049 ούτε
1020 2993 1088 3050 τῶν
1110 2989 1146 3050 ἐν
1171 2989 1278 3074 Τροίᾳ
1301 2986 1402 3052 πολι-

145 3092 325 3173 μησάντων
356 3089 431 3150 ούτε
460 3095 527 3151 τῶν
555 3091 695 3174 ὕστερον
725 3092 760 3152 έν
782 3099 824 3174 τῇ
847 3082 979 3152 Ἑλλάδι
1000 3092 1079 3164 τούς
1103 3091 1295 3174 βαρβάρους
1318 3091 1400 3170 ἀμυ-

145 3195 306 3271 ναμένων.
350 3193 407 3253 καί
436 3189 472 3252 εἴ
489 3211 526 3272 γε
547 3193 624 3254 τότε
646 3193 776 3273 ἐγένετο
783 3240 793 3269 ,
823 3193 911 3272 άπερ
938 3193 1061 3254 ἐκεῖνοι
1081 3189 1227 3278 ἔπραξεν
1249 3194 1301 3256 όν.
1344 3194 1453 3256 καί15

144 3289 297 3355 καθόλου
327 3290 363 3354 δέ
393 3294 495 3374 ἔγωγε
524 3299 624 3355 τούτο
652 3302 712 3380 τῆς
735 3295 769 3355 έν
792 3299 866 3368 τοῖς
888 3291 1054 3373 πολέμοις
1076 3294 1197 3380 ἀρετῆς
1219 3296 1400 3380 προκρίνω,

145 3399 200 3458 ότι
223 3402 359 3480 πρῶτον
381 3397 442 3474 μὲν
466 3397 501 3457 οἰ
515 3393 642 3459 ἐνθάδε
664 3398 802 3476 άριστοι
821 3396 919 3458 κάκεῖ
937 3392 1134 3481 διαφέροιεν
1156 3398 1214 3458 άν·
1238 3397 1332 3482 όγάρ
1349 3398 1400 3458 ἰσ-

99 3507 130 3558 311
148 3499 329 3582 χυρότερος
356 3496 405 3579 τῷ
434 3499 567 3579 σώματι
595 3500 652 3560 καί
674 3495 781 3561 πλείω
801 3500 922 3582 χρόνον
949 3503 1066 3561 πονεῖν
1088 3496 1280 3579 δυνάμενος,
1304 3496 1403 3574 οὗτος

148 3597 245 3680 οἶμαι
265 3600 322 3662 καί
343 3601 421 3662 ἀνευ
444 3597 561 3663 όπλων
582 3602 639 3664 καί
662 3602 721 3662 σύν
743 3596 865 3676 ὅπλοις
886 3601 1046 3684 κρείττων
1068 3600 1176 3662 έστίν·
1199 3601 1320 3663 ἔπειτα
1343 3602 1402 3680 ούχ

148 3703 267 3781 όμοιον
291 3704 378 3786 πρδς
401 3700 541 3778 ἰδιώτας
564 3697 794 3785 ἀγωνίζεσθαι
808 3703 864 3765 καί
878 3699 926 3784 τῷ
950 3703 1054 3765 παντί
1070 3697 1300 3788 φαυλοτέρους
1320 3703 1340 3788 ἢ
1365 3699 1400 3778 ἐξ

17 3799 18 3804 ’
146 3805 284 3890 ἁπάσης
306 3813 366 3892 της
388 3807 584 3892 οἰκουμένης
610 3807 689 3880 τούς
715 3806 915 3890 κρατίστους
937 3805 1024 3884 ἔχειν
1046 3799 1263 3879 ἀντιπάλους.
1308 3805 1407 3868 κάκεῖ

17 3913 19 3938 ³
144 3909 206 3987 μὲν
229 3904 325 3984 ἅπαξ
348 3909 366 3970 δ
387 3910 556 3994 κρατήσας
578 3912 636 3971 τδν
659 3909 909 3992 ἀνταγωνιστὴν
936 3908 1141 3984 ἀπέκτεινεν,
1166 3908 1253 3970 ὥστε
1274 3909 1318 3993 μη
1343 3908 1400 3970 αδ-

231 4103 486 4180 ύφαυλοτέρουῦ
554 4105 706 4179 βέλτιστον
723 4101 760 4164 ιῖν
776 4105 807 4162 Μ
875 4107 951 4181 θεῷ
967 4121 1018 4176 pro
1035 4105 1070 4162 τδ
1089 4105 1139 4162 UB
1222 4109 1252 4159 10
1270 4099 1336 4162 οἷόν
1353 4124 1400 4162 ται

145 4189 301 4250 norom
317 4191 349 4247 M
431 4195 461 4245 17
481 4193 610 4248 παίοιντο
629 4191 659 4244 Μ
744 4186 902 4260 βούλεσθαι
919 4205 972 4246 om.
990 4189 1039 4247 UT
1128 4194 1159 4246 18
1178 4186 1284 4249 ὄπισθε
1302 4190 1332 4245 Μ

146 4281 179 4331 11
197 4281 339 4334 τοσοῦτοι
356 4277 429 4346 (sici)
447 4275 471 4332 U
557 4279 591 4333 23
607 4271 716 4350 ὑπῆρχε
732 4275 782 4333 UB
850 4280 883 4331 26
901 4269 1088 4346 ἀμυνομένων
1105 4275 1129 4330 Β
1191 4278 1223 4330 28
1241 4270 1276 4332 τὸ
1294 4268 1399 4333 τούτου

144 4361 451 4432 ριστοῖταίαεοοοίαι
514 4362 729 4432 πολεμίοιςΒΜ
797 4365 830 4417 19
842 4354 927 4420 κάκεῖ
937 4359 1027 4431 Emp..
1038 4359 1099 4419 ἐκεῖ
1109 4359 1172 4415 libri
1235 4359 1399 4434 διαφέροιεν

150 4442 188 4505 ἄν
205 4447 235 4502 Μ
252 4446 420 4520 όιαφδροιαν
437 4447 486 4505 UB
588 4443 776 4522 ἰσχυρότερος
793 4447 872 4518 Emp.
891 4443 1082 4519 ἰσχυρότατος
1098 4445 1160 4501 libri
1263 4449 1294 4500 31
1315 4441 1397 4515 οἶμαι

146 4531 236 4602 Eum„
254 4527 292 4590 ἄν
307 4551 358 4601 μοι
375 4531 438 4587 libri
505 4535 638 4606 κρεῖττον
655 4531 680 4588 U
697 4548 732 4586 m.
748 4548 792 4602 pr.

195 4625 298 4670 D10.II·
1164 4621 1194 4672 ¹9
