3452 5264
345 327 384 388 16
742 325 866 384 moins
883 325 1209 384 BOBYSTHENITIGA

341 508 468 584 κόσμον
490 499 601 588 εὐειδῆ
622 503 679 564 καί
699 497 802 565 καλόν
825 503 1019 587 ἀμηχάνως,
1043 499 1131 565 πολύ
1155 499 1194 589 δη
1225 483 1459 588 λαμπρότερον
1481 505 1501 590 ἢ
1527 503 1603 580 οίος

341 609 465 692 δρᾶται
478 613 546 669 νῦν.
584 607 696 667 πάντα
718 605 781 689 γάρ
805 623 873 667 που
894 606 952 667 καὶ
965 601 1071 667 τάλλα
1088 607 1167 688 ἔργα
1190 611 1257 668 τῶν
1273 602 1484 691 δημιουργῶν
1499 610 1600 672 καινά

342 710 414 772 όπδ
432 716 493 796 της
508 711 623 792 τέχνης
644 707 701 770 καί
715 713 782 769 τῶν
794 713 918 792 χειρῶν
935 715 1139 793 παραχρῆμα
1156 714 1217 769 τοῦ
1232 707 1442 792 ποιησαντος
1458 711 1600 793 κρείττω

339 813 397 876 καὶ
426 807 660 894 στιλπνότερα.
710 811 767 872 καί
793 815 861 871 τῶν
893 815 1007 895 φυτῶν
1035 809 1077 871 τά
1106 809 1252 894 νεώτερα
1275 801 1506 896 εὐθαλέστερα
1532 820 1601 875 τῶν

341 909 500 976 παλαιῶν
521 909 582 974 όλα
604 933 640 975 τε
662 908 825 993 βλαστοῖς
853 913 997 974 ἐοικότα.
1046 913 1103 974 καί
1123 914 1189 998 μην
1218 914 1260 974 τά
1282 931 1318 994 γε
1341 906 1411 995 ζῷα
1439 902 1599 1000 εὐχάριτα
1620 927 1637 978 ⁵

340 1019 398 1080 καὶ
420 1023 573 1102 προσηνῆ
598 1011 683 1077 ίδεῖν
705 1014 791 1094 μετὰ
814 1015 874 1099 την
896 1018 1037 1095 γένεσιν,
1061 1005 1100 1077 οὐ
1122 1017 1226 1094 μόνον
1241 1015 1284 1076 τά
1299 1012 1462 1079 κάλλιστα
1479 1008 1602 1085 αὐτῶν,

341 1115 455 1182 πῶλοί
475 1139 512 1182 τε
533 1119 590 1180 καί
610 1114 735 1197 μόσχοι
756 1118 813 1179 καί
837 1113 1005 1194 σκύλακες,
1028 1114 1114 1180 άλλά
1129 1119 1186 1181 καί
1207 1117 1342 1203 θηρίων
1366 1121 1507 1200 σκύμνοι
1528 1127 1598 1182 τῶν
1612 1137 1663 1187 boo
1676 1135 1708 1180 ιιι

290 1217 332 1282 59
342 1223 569 1306 ἀγριωτάτων.
606 1223 626 1304 ἡ
655 1222 716 1300 μέν
737 1219 799 1303 γὰρ
824 1218 1013 1304 ἀνθρώπου
1037 1222 1142 1306 φύσις
1164 1220 1271 1305 νηπία
1293 1223 1372 1284 τότε
1393 1223 1451 1285 καλ
1472 1219 1599 1308 ύδαρης

341 1325 443 1404 όμοία
463 1323 646 1408 Δήμητρος
668 1317 785 1385 ἀτελεῖ
799 1319 901 1405 χλόῃ,
924 1319 1145 1404 προελθοῦσα
1169 1319 1205 1385 δέ
1229 1324 1279 1398 είς
1301 1326 1340 1386 τὸ
1362 1327 1486 1409 μέτρον
1509 1325 1600 1410 ὥρας

340 1427 397 1490 καλ
418 1421 577 1510 νεότητος
599 1426 727 1498 παντὸς
750 1425 896 1504 ἀτεχνῶς
925 1432 1034 1510 φυτοῦ
1060 1429 1211 1508 κρεῖττον
1239 1427 1296 1489 καί
1327 1427 1599 1512 ἐπιφανέστερον
1622 1433 1652 1493 11
1665 1445 1704 1494 (411

341 1525 529 1612 βλάστημα.
573 1527 592 1589 ύ
614 1522 650 1588 δὲ
674 1523 809 1607 ξύμπας
832 1518 976 1611 οὐρανός
996 1547 1032 1590 τε
1047 1529 1103 1590 καί
1118 1524 1255 1608 κόσμος,
1277 1529 1333 1592 δτε
1348 1535 1486 1612 πρῶτον
1510 1543 1603 1592 συνε-

341 1627 499 1714 τελέσθη,
514 1627 702 1711 κοσμηθεὶς
716 1629 785 1690 ὐπὸ
800 1635 860 1714 τῆς
877 1631 1081 1715 σοφωτάτης
1095 1649 1132 1692 τε
1147 1630 1205 1692 καί
1219 1630 1360 1714 ἀρίστης
1374 1633 1500 1714 τέχνης,
1523 1631 1603 1714 ἀρτι

343 1738 411 1794 τῶν
440 1738 503 1792 τοῦ
524 1727 727 1814 δημιουργοῦ
747 1737 869 1813 χειρῶν
892 1727 1171 1815 ἀπηλλαγμένος,
1201 1727 1357 1814 λαμπρός
1383 1735 1441 1796 καί
1463 1729 1603 1820 διαογης

342 1836 399 1898 καὶ
422 1841 511 1896 πᾶσι
530 1836 605 1907 τοῖς
626 1835 746 1916 μέρεσι
768 1834 995 1918 παμφαίνων,
1019 1835 1142 1919 νήπιος
1164 1835 1225 1914 μὲν
1249 1831 1369 1898 ούδένα
1389 1832 1511 1920 χρόνον
1533 1837 1603 1918 ἐγέ-

342 1955 418 2000 νετο
441 1927 520 1999 οὐδὲ
536 1934 687 2019 ἀσθενὴς
700 1935 785 1996 κατὰ
800 1937 860 2021 την
875 1936 1099 2021 ἀνθρωπίνην
1114 1956 1150 1999 τε
1165 1938 1222 2000 καί
1235 1937 1365 2022 θνητήν
1380 1945 1441 2023 τῆς
1464 1939 1601 2024 φύσεως
1623 1952 1651 2002 1⁵

292 2051 333 2116 60
346 2041 546 2116 ἀσθένειαν,
576 2039 651 2111 νέος
679 2033 715 2098 δὲ
738 2039 795 2100 καί
816 2033 972 2118 ἀκμάζων
994 2026 1100 2114 εὐθύς
1129 2039 1200 2101 ἀπό
1229 2047 1289 2126 τῆς
1318 2040 1429 2125 ἀρχῆς.
1476 2043 1532 2104 ότε
1562 2037 1600 2126 δη

343 2144 400 2206 καί
422 2142 441 2203 δ
464 2138 666 2227 δημιουργός
689 2130 871 2204 αὐτοῦκαὶ
894 2142 1005 2227 πατὴρ
1035 2138 1118 2203 ἐδύν
1140 2140 1233 2226 ἥσθη
1257 2143 1318 2222 μέν
1342 2130 1516 2221 οὐδαμῶς·
1545 2163 1603 2204 τα-

344 2246 462 2308 πεινόν
490 2244 552 2328 γάρ
581 2243 617 2304 ἐν
646 2247 823 2318 ταπεινοῖς
851 2250 952 2305 τοῦτο
988 2243 1123 2318 πάθος·
1159 2245 1260 2327 ἐχάρη
1298 2240 1333 2306 δὲ
1362 2245 1419 2307 καί
1448 2245 1602 2330 ἐτέρφθη

345 2343 579 2432 διαφερόντως

497 2450 620 2534 ἥμενος
646 2440 830 2529 Οὐλύμπῳ,
852 2443 1013 2529 ἐγέλασσε
1035 2444 1074 2509 δέ
1096 2447 1130 2508 ol
1154 2443 1255 2533 φίλον
1277 2443 1358 2532 ἦτορ
1623 2463 1653 2514 1ο

498 2551 684 2636 γηθοσύνη,
708 2542 768 2614 ὅθ’
795 2551 897 2634 ύρύῐτο
920 2549 1026 2624 θεούς

345 2657 425 2731 τούς
447 2655 602 2730 ἅπαντας
623 2652 687 2740 ηδη
710 2656 889 2737 γεγονότας
910 2654 967 2715 καί
990 2645 1173 2736 παρόντας.
1225 2656 1286 2739 την
1309 2649 1345 2715 δὲ
1368 2651 1446 2717 τότε
1467 2659 1604 2743 μορφὴν

344 2765 406 2821 τοῦ
425 2754 570 2837 κόσμου,
601 2753 684 2838 λέγω
709 2751 745 2819 δέ
768 2758 828 2842 την
850 2775 887 2818 τε
911 2755 1001 2838 ὤραν
1022 2756 1078 2817 καί
1099 2757 1138 2817 τό
1161 2751 1283 2830 κάλλος
1305 2757 1360 2819 ἀεὶ
1380 2753 1486 2820 καλοῦ
1507 2759 1604 2834 όντος

345 2862 540 2946 ἀμηχάνως,
569 2852 681 2934 οὐδείς
704 2849 835 2922 δύναιτ’
868 2859 909 2920 άν
932 2857 1129 2941 ἀνθρώπων
1152 2853 1381 2944 διανοηθῆναι
1408 2861 1466 2923 καί
1493 2862 1604 2924 εἰπεῖν

344 2961 449 3041 ἀξίως
481 2963 557 3026 οὐτε
591 2969 658 3024 τῶν
686 2969 743 3024 νῦν
771 2961 847 3023 οὔτε
876 2966 943 3022 τῶν
973 2961 1156 3044 πρότερον,
1183 2961 1215 3022 εί
1242 2963 1287 3046 μη
1312 2961 1455 3025 Μοῦσαί
1483 2983 1520 3025 τε
1547 2967 1603 3026 καὶ
1625 2973 1654 3024 11

341 3059 520 3130 Ἀπόλλων
541 3067 577 3128 ἐν
599 3066 686 3147 θείῳ
710 3061 833 3149 ῥυθμῷ
857 3071 917 3149 τῆς
938 3059 1139 3146 εἰλικρινοῦς
1168 3083 1203 3126 τε
1225 3065 1282 3127 καὶ
1303 3065 1408 3147 ἄκρας
1430 3065 1604 3148 ἁρμονίας.

293 3175 332 3237 61
347 3171 430 3233 ὅθεν
453 3165 492 3254 δη
515 3169 572 3231 καί
585 3171 683 3252 ημεῐς
697 3168 851 3247 ἐάσωμεν
872 3165 915 3226 τό
938 3171 1004 3242 νῦν,
1027 3167 1107 3227 ὅσον
1129 3169 1210 3249 ημῖν
1233 3162 1374 3229 δυνατόν
1396 3168 1525 3250 ἐπᾶραι
1547 3169 1606 3228 τόν

346 3270 444 3354 λόγον
479 3261 538 3333 οὐκ
571 3271 780 3355 ὀκνήσαντες.
834 3270 866 3331 εί
900 3265 935 3330 δὲ
969 3268 1115 3347 ἀτεχνῶς
1142 3264 1276 3353 ύφηλδν
1306 3289 1342 3332 τε
1369 3269 1427 3332 καί
1453 3265 1607 3353 ἐξίτηλον

345 3375 456 3460 ἀπέβη
486 3376 525 3436 τά
554 3381 616 3436 τοῦ
644 3365 744 3455 λόγου
776 3380 903 3458 σχῆμα,
935 3371 1050 3453 ὥσπερ
1075 3371 1109 3432 ol
1131 3368 1237 3434 δεινοί
1260 3372 1339 3456 περὶ
1360 3374 1440 3447 τούς
1463 3373 1607 3456 όρνιθάς

347 3494 435 3564 φασι
462 3478 520 3540 τὸν
550 3471 685 3561 σφόδρα
714 3476 784 3537 ἀνω
810 3475 1012 3558 χωρήσαντα
1041 3475 1193 3548 καὶτοῖς
1222 3477 1361 3560 νέφεσιν
1389 3475 1604 3558 ἐγκρύψαντα
1626 3486 1656 3536 ³⁰

346 3581 448 3644 αὐτὸν
470 3575 570 3664 ἀτελῆ
593 3579 653 3662 τὴν
676 3579 837 3658 μαντείαν
862 3579 985 3652 ποιεῖν,
1010 3566 1069 3637 οὐκ
1083 3577 1142 3655 ἐμὲ
1159 3572 1255 3652 ἄξιον
1277 3576 1472 3653 αἰτιᾶσθαι,
1495 3578 1556 3662 την
1572 3573 1608 3638 δὲ

291 3723 294 3730 ’
347 3683 610 3768 Βορυσθενιτῶν
634 3676 786 3757 ἀξίωσιν,
811 3681 858 3754 ὡς
879 3671 959 3740 τότε
980 3679 1103 3740 ἐκεῖνοι
1127 3674 1233 3759 λέγειν
1257 3674 1480 3762 προσέταξαν.

432 3851 447 3900 1
466 3841 556 3921 δρᾶτε
573 3845 603 3900 Μ
654 3837 739 3902 καινά
758 3843 895 3908 Reiskiun,
913 3845 962 3899 καί
979 3835 1015 3898 τὰ
1028 3840 1090 3898 libri
1143 3845 1158 3894 3
1175 3843 1225 3897 καί
1242 3845 1303 3898 τῶν
1313 3844 1422 3913 χειροῖν
1439 3858 1492 3898 om.
1507 3840 1556 3897 UT

348 3923 439 3991 ῦδλα
456 3951 490 3990 τε
507 3931 577 3996 libri,
596 3920 653 3988 ὅσα
671 3948 703 3988 τε
720 3926 847 3984 Βεὶύδιιι
937 3918 1091 3998 εὐχάριστα
1110 3924 1184 3981 ῦΒΤ
1279 3930 1372 3983 ῦόεῖν
1390 3925 1419 3979 bi
1505 3922 1611 3984 Θτότε

349 4017 457 4088 scripsi,
475 4036 507 4074 τε
524 4015 587 4072 libri
670 4020 697 4069 11
718 4008 735 4070 ὁ
754 4013 784 4070 δὲ
801 4011 908 4081 scripsi,
926 4005 943 4068 ὁ
962 4006 993 4082 δὴ
1011 4010 1075 4066 iibri
1146 4017 1177 4066 14
1194 4007 1297 4085 κη’πιος
1313 4013 1335 4065 Β
1353 4007 1457 4084 ῥὴπιος
1473 4009 1553 4069 11111

352 4106 384 4159 16
402 4097 434 4174 δὴ
454 4104 503 4159 καί
521 4097 539 4158 0¹
558 4116 611 4158 om.
628 4099 669 4167 M,
686 4097 760 4169 quod
776 4097 842 4152 1ειτ1
858 4109 940 4165 posse
957 4095 982 4150 ι1
999 4085 1018 4152 ὅ
1035 4114 1067 4153 τε
1084 4097 1222 4152 scribatur
1239 4103 1332 4153 τιοιιι
1346 4097 1425 4167 Eup.
1479 4100 1512 4152 20
1529 4095 1611 4153 Hom.

349 4187 381 4242 11.
399 4191 442 4257 11,
461 4190 570 4256 asbsq„
588 4185 638 4242 ubi
653 4179 741 4249 θεοὺς
758 4177 827 4255 ἔριδι
845 4176 1006 4249 ξυνιόνταςΙ
1094 4185 1127 4237 13
1145 4181 1237 4254 λέγων
1253 4178 1305 4254 τήν
1323 4203 1354 4240 τε
1372 4182 1423 4240 UT
1486 4185 1519 4238 11
1538 4201 1612 4253 προ-

351 4272 445 4346 τέρων
462 4270 536 4327 UBT
640 4273 673 4326 16
690 4260 753 4326 θύω
772 4267 801 4321 Μ
905 4270 936 4322 11
953 4263 1080 4336 ἐάσομεν
1098 4266 1128 4321 Μ
1230 4271 1263 4323 18
1281 4264 1417 4341 ἐξήτηλσν
1434 4267 1464 4322 Μ
1480 4265 1613 4338 ἐξήτιλσν

352 4356 425 4412 Um.
444 4372 486 4427 pr.
556 4359 590 4411 30
607 4349 839 4428 ἀναχωρήσαντα
858 4351 931 4408 UBT
1012 4357 1042 4407 31
1063 4346 1154 4410 αὐτὸν
1171 4351 1202 4409 Μ
1275 4357 1564 4427 11βωρυσθενειτο1ν
1583 4353 1614 4409 Μ

348 4443 573 4514 βωροσθενιτῶν
591 4439 614 4496 U
683 4437 776 4510 λέγειν
794 4436 900 4497 ἐκεῖνοι
917 4437 983 4503 (hoc
999 4437 1069 4502 ord.)
1087 4435 1162 4494 UBT
