3452 5264
339 337 379 398 λδ
877 341 1052 442 mum

340 516 475 600 πρύμνα
497 525 557 602 τῆς
575 509 744 596 Ἑλλάδος,
768 514 881 600 όλβιοι
901 520 963 598 μέν
984 519 1042 580 καί
1064 518 1201 603 ἀφνειοί
1221 517 1278 578 καί
1299 517 1341 580 τά
1364 524 1505 580 τοιαῦτα
1527 525 1597 582 τῶν

339 620 515 698 ὀνομάτων
543 621 580 682 έκ
609 616 765 682 παλαιῶν
791 623 920 701 χρόνων
948 621 1017 682 ύπδ
1046 617 1093 682 τιῖ
1095 641 1113 682 ν
1143 616 1295 704 ποιητῶν
1323 620 1380 682 καί
1407 617 1474 682 τῶν
1502 618 1597 685 θειῑν

339 715 599 801 ὀνομαζόμενοι,
626 724 682 784 δτε
710 724 767 784 καί
794 729 862 784 τῶν
884 719 996 784 ἀλλων
1018 723 1108 784 τισίν
1129 723 1257 808 ύπήρχε
1278 723 1335 784 καί
1357 717 1517 786 πλουτεῖν
1538 726 1595 786 καί

340 816 527 885 δύνασθαι·
556 831 612 885 νῦν
642 815 676 886 δ’
708 814 772 910 ἀφ’
805 821 848 885 ού
874 819 1144 906 προλέλοιπενό
1173 818 1320 897 πλοῦτος
1338 813 1537 906 Ὀρχομενόν
1558 845 1595 889 τε

338 923 395 985 καί
415 920 574 1011 Δελφούς
595 921 677 1007 έλέηι
699 927 762 1006 μὲν
784 927 876 1006 ὑμῶν
892 922 1052 988 δύνανται
1067 921 1254 1011 διαφέρειν,
1277 918 1363 1009 ζήλῳ
1381 923 1417 988 δέ
1440 919 1518 989 ούδέ
1535 926 1594 1002 είς.
1614 939 1631 990 ⁵

288 1023 329 1088 37
424 1028 482 1089 καί
503 1034 609 1090 ταῦτα
630 1029 691 1107 μέν
706 1029 793 1110 ὑπὲρ
808 1035 869 1114 τής
884 1024 1027 1104 πόλεως,
1050 1027 1090 1112 ήν
1106 1019 1144 1088 ού
1169 1023 1226 1090 δεῖ
1243 1027 1337 1110 παρά
1352 1031 1426 1103 τοῖς
1439 1019 1596 1114 Ἕλλησιν

339 1129 498 1215 αἰσχύνην
520 1127 649 1216 ὀφλεῖν,
671 1133 752 1193 όταν
774 1132 832 1192 τδν
854 1120 916 1216 ὑφ’
942 1132 1035 1211 ύμῶν
1051 1131 1295 1193 ἐκπεπτωκότα
1311 1131 1437 1205 πάντες
1452 1131 1595 1211 ἀσμενοι

337 1228 587 1312 καταδέχωνται
610 1224 648 1295 ού
670 1235 785 1314 μόνον,
808 1229 893 1296 ἀλλά
915 1235 972 1296 καί
986 1229 1117 1296 καλῶσι
1131 1233 1188 1296 καλ
1202 1229 1518 1316 διαπρεσβεύωνται
1539 1235 1596 1296 καὶ

337 1339 455 1415 τιμαῖς
476 1340 552 1412 ταῖς
573 1356 610 1398 τε
632 1333 753 1410 ἄλλοις
774 1337 960 1420 γεραίρωσι
980 1337 1038 1398 καί
1061 1331 1099 1420 δή
1123 1335 1181 1398 καλ
1202 1343 1244 1420 τῇ
1266 1341 1334 1398 τῶν
1356 1335 1493 1398 είκδνων
1515 1335 1596 1396 ἀνα-

338 1437 448 1500 θέσει.
492 1439 578 1520 ύπὲρ
602 1433 638 1500 δὲ
660 1440 809 1518 έμαατοῦ
828 1439 966 1522 καὶτῆς
988 1439 1118 1513 εἰκόνος
1140 1444 1198 1500 νῦν
1220 1439 1285 1520 έρῶ
1304 1433 1411 1520 λόχον,
1434 1436 1473 1498 δν
1495 1435 1592 1499 εἶπεν
1616 1449 1646 1502 1ο

333 1529 562 1622 Ἀναξαγόρας
583 1541 657 1602 υίδν
680 1537 923 1626 ἀποβεβληκώς
943 1531 1085 1618 ,Ἤιδειν
1108 1541 1236 1626 θνητὸν
1258 1538 1482 1624 γεγεννηκώς(
1517 1523 1595 1602 ἀλλ’

340 1639 398 1702 οδν
418 1633 514 1726 ᾔδειν
535 1644 589 1704 δτι
605 1644 734 1705 τούτων
756 1650 824 1706 τῶν
846 1639 1056 1726 ἀνδριάντων
1078 1645 1220 1718 ἕκαστος
1241 1642 1447 1706 ἀνατίθεται
1467 1643 1529 1722 μὲν
1551 1643 1599 1718 ὡς

339 1743 479 1820 αίύινιος
500 1745 671 1824 ίσόμενος,
694 1745 881 1832 φθείρεται
902 1743 938 1808 δέ
955 1741 1058 1822 ἀλλος
1072 1739 1149 1808 κατ’
1166 1741 1270 1830 ἀλλην
1293 1745 1506 1830 εἱμαρμένην,
1528 1763 1598 1808 κοι-

339 1848 483 1932 νοτάτην
504 1849 566 1928 μέν
587 1850 644 1911 καί
666 1844 883 1934 δικαιοτάτην
906 1850 963 1912 καί
984 1855 1072 1911 πάσι
1095 1850 1272 1933 πράγμασι
1293 1850 1517 1932 προκειμένην
1538 1849 1598 1932 τήν

288 1941 328 2005 38
340 1956 403 2012 τοῦ
420 1952 559 2034 χρόνον·
582 1952 601 2013 ό
625 1947 661 2014 δέ
684 1953 830 2038 ποιητής
851 1947 962 2027 άλλως
984 1945 1172 2031 ἐκόμπαζεν
1194 1952 1326 2013 δτοῦτο
1342 1951 1381 2013 τό
1396 1950 1594 2034 έπίγραμμα
1616 1959 1647 2013 1ο

341 2053 500 2138 ποιήσας,
523 2055 542 2115 δ
565 2069 672 2139 φασιν
694 2056 755 2117 έπί
776 2051 824 2138 τῷ
848 2049 949 2117 Μίδα
974 2055 1100 2140 σήματι
1120 2049 1334 2138 γεγράφθαι·

490 2151 594 2241 χαλκή
618 2156 797 2239 παρθένος
819 2156 900 2237 είμί.
945 2151 1045 2218 Μίδα
1068 2146 1103 2218 δ’
1129 2156 1189 2218 έπί
1212 2156 1338 2240 σήματι
1359 2158 1491 2236 κεῖμαι,
1612 2133 1715 2236 {ffif

493 2249 566 2320 ἔστ’
592 2259 633 2320 ἀν
655 2254 746 2342 ύδωρ
768 2279 805 2322 τε
827 2255 890 2343 νάη
912 2259 970 2322 καλ
992 2255 1131 2343 δένδρεα
1152 2258 1263 2342 μακρά
1286 2253 1434 2342 τεθήλῃ,

494 2351 600 2422 αύτοῦ
620 2357 700 2445 τῇδε
722 2364 871 2440 μένουσα
895 2356 1114 2442 πολυκλαύτῳ
1138 2360 1199 2422 έπί
1220 2359 1334 2440 τύμβῳ

492 2457 638 2544 ἀγγελέω
663 2469 828 2546 παριοῦσι
850 2459 969 2537 Μίδας
991 2464 1045 2524 ότι
1066 2459 1146 2546 τῇδε
1167 2461 1353 2524 τέθαπται.
1617 2471 1648 2524 w

289 2554 330 2620 39
342 2553 464 2630 ἀλλ’,ὤ
483 2564 637 2646 παρθένε
653 2555 842 2646 αὐτάγγελε,
857 2571 920 2627 τοῦ
932 2566 994 2644 μέν
1009 2571 1157 2650 ποιητοῦ
1166 2564 1340 2643 ἀκούομεν,
1358 2563 1395 2626 σέ
1412 2560 1448 2625 δέ
1464 2557 1598 2648 ζητοῦν·

339 2685 395 2741 τες
425 2656 484 2744 σύχ
515 2667 655 2750 εύρομεν
684 2657 761 2729 οὐδὲ
790 2669 828 2730 τδ
861 2675 951 2753 σήμα
979 2669 1018 2729 τδ
1043 2663 1169 2730 Μίδαν.
1214 2663 1321 2728 ύδατα
1352 2662 1388 2728 δέ
1410 2667 1520 2730 ίκεῖνα
1541 2667 1598 2728 καί

342 2765 463 2853 δένδρα
485 2770 538 2831 ίτι
558 2771 620 2849 μὲν
642 2765 717 2832 νάει
738 2789 775 2831 τε
796 2770 854 2831 καί
874 2761 1010 2847 θάλλει,
1030 2771 1139 2854 χρόνῳ
1165 2765 1201 2831 δέ
1223 2770 1281 2831 καί
1294 2775 1401 2832 ταῦτα
1422 2767 1507 2848 μετά
1529 2773 1598 2829 τῶν

343 2868 454 2934 ἀλλων
476 2873 585 2934 ίοικεν
606 2868 813 2956 ἐπιλείψειν,
836 2873 883 2947 ὡς
906 2869 1035 2949 Μίδας,
1058 2873 1105 2947 ὡς
1127 2872 1313 2955 παρθένος.

493 2970 591 3058 ἀνδρί
611 2977 674 3054 μέν
690 2961 883 3054 Ἱππαίμων
906 2965 1002 3054 όνομ’
1027 2969 1078 3059 ήν,
1102 2973 1200 3055 ίππηι
1225 2969 1261 3036 δέ
1283 2969 1473 3055 Πόδαργος,
1616 2983 1646 3034 26

492 3077 550 3138 καί
570 3078 643 3138 κυνί
665 3076 858 3161 Λήθαργος
879 3076 936 3138 καί
956 3072 1152 3159 θεράποντι
1173 3072 1299 3160 Βάβης.

339 3178 393 3253 τίς
416 3177 474 3240 οδν
496 3171 579 3262 [ούκ]
603 3173 695 3240 οἶδεν
714 3169 876 3264 Ἑλλήνων
907 3177 965 3258 ούχ
993 3180 1047 3241 δτι
1075 3179 1135 3241 τόν
1158 3177 1285 3256 ίππον,
1314 3169 1391 3240 ἀλλ’
1417 3178 1518 3240 αύτδν
1539 3177 1598 3239 τδν

337 3267 564 3360 Ἱππαίμονα,·
586 3277 674 3343 δοκῶ
696 3281 758 3360 μὲν
782 3276 858 3342 ούδε
876 3281 1080 3366 Μαγνήτων,
1102 3281 1185 3344 δθεν
1200 3275 1240 3365 ήν
1259 3271 1461 3361 Ἰππαίμων.
1500 3277 1599 3356 ούτος

288 3371 329 3432 40
341 3382 402 3462 μέν
425 3381 483 3444 οδν
507 3378 657 3468 φροῦδος
673 3379 711 3460 έξ
727 3383 925 3466 ἀνθρώπων
947 3381 1038 3466 αύτῷ
1053 3385 1187 3470 Βάβητι
1200 3385 1259 3446 καί
1272 3380 1451 3468 Ποδάργῳ.
1489 3385 1598 3467 έτεροι

340 3482 376 3547 δὲ
399 3489 518 3548 έστάσι
538 3486 596 3548 καί
615 3487 868 3569 γιγνώσκονται,
891 3487 951 3573 τήν
967 3483 1004 3549 δέ
1020 3488 1214 3574 έπιγραφήν
1236 3489 1370 3568 έχουσιν
1384 3490 1518 3571 έτέρων,
1538 3487 1595 3548 καί
1617 3495 1648 3546 ³⁰

339 3589 377 3650 τδ
400 3590 595 3670 γιγνόμενόν
618 3590 711 3652 ἐστιν
735 3587 808 3651 οἷον
824 3591 859 3650 ἐν
874 3593 948 3665 τοῖς
962 3585 1099 3669 μέλεσιν
1115 3590 1348 3652 ἀντίσπαστον
1371 3582 1421 3672 [τό
1439 3590 1500 3670 μέν
1522 3587 1597 3649 έπί-
1614 3597 1717 3646 (ιεεεο

341 3710 478 3775 γραμμα
500 3685 681 3776 ῥωμαΐζει,
710 3683 778 3776 καί]
807 3694 936 3775 τρόπον
959 3691 1034 3752 τινά
1064 3687 1359 3753 ἀντιδιδάσκουσιν
1382 3692 1416 3752 οί
1438 3691 1598 3775 ποιηταί·

426 3901 563 3979 ῖύφλειν
580 3903 629 3962 UB
698 3905 751 3980 τήν
768 3921 818 3977 pro
836 3901 890 3962 τὸν
907 3905 937 3960 Μ
955 3907 994 3970 (ιλ
1010 3903 1039 3958 in
1056 3917 1164 3970 mun,
1181 3903 1240 3958 scil.
1258 3917 1293 3958 ox
1310 3901 1343 3968 T)
1434 3906 1601 3974 Θδιαπρεσ-

339 3985 478 4066 βεύσνται
495 3991 525 4046 Μ
596 3997 627 4048 10
646 3985 717 4048 δ’Β
788 3997 817 4047 11
837 3984 904 4049 ἀλλ’
923 3979 976 4048 σύν
992 3987 1099 4058 scripsi,
1116 3979 1184 4046 ἀλλ’
1202 3981 1255 4046 σύν
1272 3985 1333 4041 libri
1408 3989 1440 4040 12
1457 3981 1600 4042 τοιούτων

340 4079 401 4134 ταῖν
412 4077 443 4132 Μ
460 4076 533 4132 unde
550 4079 700 4136 τοιοῦτον·
719 4079 779 4135 ταῖν
794 4072 852 4148 γάρ
866 4074 969 4131 Jacobs
995 4067 1147 4140 τοιαύτας·
1165 4075 1224 4130 τῶν
1240 4066 1299 4144 γάρ
1310 4069 1391 4140 Emp·
1402 4073 1511 4127 semto
1528 4063 1596 4128 ἄλλ’

340 4156 394 4222 οὐκ
446 4161 662 4236 ιεφειρειαισ
735 4156 1159 4217 ιειι.ι>1ιι.νιιεοι.ιειο
1231 4162 1261 4212 ιι
1281 4151 1431 4226 ισμιιισ
1504 4153 1599 4230 ιερέῃ

341 4247 414 4316 libri,
426 4245 590 4319 σαπίύιορ.
642 4245 836 4319 ήςρεοκαίλῖ
922 4247 956 4298 22
973 4238 1009 4301 τὸ
1027 4239 1118 4316 μήδου
1134 4243 1165 4298 M
1182 4245 1234 4300 τοῦ
1250 4243 1335 4312 μέσον
1352 4239 1401 4298 UB
1488 4244 1521 4297 23
1539 4241 1599 4302 δίν-

339 4337 408 4407 ιρεα
426 4332 456 4387 ω
545 4336 578 4388 ιε
602 4332 769 4402 epigramm
789 4329 923 4386 νοωωο
948 4329 1078 4384 ισοιιαα
1101 4329 1184 4384 εισι.
1208 4327 1265 4384 1³21.
1289 4327 1341 4384 νο
1359 4331 1410 4384 εοι
1496 4330 1528 4382 τι
1548 4317 1601 4386 τόν

340 4411 394 4476 ούκ
410 4418 474 4485 ΒΜ,
494 4415 524 4473 λιι
542 4416 566 4474 U
584 4413 638 4476 σύν
655 4431 763 4472 omum
843 4419 877 4471 28
895 4417 973 4473 δοκεῖ
989 4413 1043 4483 μὲν
1059 4413 1196 4476 Βείεῑδιιι.
1214 4417 1355 4484 δοκοῦμεν
1371 4413 1434 4470 libri
1512 4419 1542 4469 31
1563 4409 1599 4472 τὸ

339 4501 392 4572 μέν
410 4531 442 4542 -
461 4506 494 4556 31
511 4505 560 4559 καί
578 4501 680 4557 seclusi
698 4500 733 4555 οῖ.
752 4499 796 4556 ιδ.
814 4516 843 4571 p.
863 4503 905 4566 11,
920 4505 949 4569 13
966 4499 1044 4555 Ιοειιι
1061 4499 1277 4556 emendationem
1295 4505 1436 4570 exspectnt
