3476 5264
655 376 792 434 offilo
809 377 896 436 XXV.
1344 383 1408 446 279

149 549 281 628 ἐλαίαις
299 554 577 639 κατεφύτευσαν,
612 553 866 638 Πεισιστράτου
902 553 1174 640 προστάξαντος·
1208 559 1266 622 καὶ
1299 555 1406 622 τάλλα

149 656 245 730 όπως
266 656 392 730 ἐκεῖνος
414 651 582 735 ἐβούλετο,
605 655 712 731 οὕτως
733 656 913 742 ἐπραττον.
953 660 1094 744 ὕστερον
1116 657 1152 724 δὲ
1176 659 1261 736 ίσως
1282 657 1406 736 ἀλλους
1429 662 1449 724 4

149 776 186 818 τε
209 757 295 843 φαίη
318 777 371 832 τις
393 757 434 818 ἀν
462 757 519 818 καί
543 753 774 836 Θεμιστοκλέα
803 761 861 822 καὶ
880 757 1050 845 Περικλέα
1078 762 1243 844 γενέσθαι
1271 763 1322 840 (ού
1344 764 1407 848 γάρ

151 859 293 944 ἀνήκοος
322 854 432 944 δήπου
462 861 634 941 τυγχάνεις
663 861 743 944 περὶ
769 866 843 926 τοῖν
873 859 1022 946 ἀνδροῖν)
1050 863 1108 924 τόν
1136 867 1215 943 μέν,
1250 867 1304 926 ότι
1331 885 1409 928 ναυ-

117 969 132 1018 ι
151 966 270 1045 μαχεῖγ
277 951 485 1047 Ἀθηναίους
496 964 660 1047 ήνάγκασε
673 957 797 1038 πεζούς
806 965 972 1049 πρότερον
984 965 1083 1040 όντας
1093 966 1151 1028 καὶ
1161 966 1220 1050 τήν
1229 967 1342 1051 χώραν
1353 967 1410 1028 καί

54 1073 101 1124 1282
114 1067 209 1151 Μιτήν
221 1060 323 1128 πόλιν
339 1068 547 1149 προεμένους
562 1069 635 1140 τοῖς
645 1065 833 1150 βαρβάροις
844 1068 901 1130 καὶ
914 1067 1008 1131 θεῶν
1021 1069 1094 1152 ἱερά
1109 1069 1166 1130 καί
1177 1069 1308 1153 τάφους
1323 1085 1409 1151 προ·

150 1168 257 1250 γόνων
279 1167 315 1229 έν
337 1171 413 1242 ταῖς
435 1167 534 1230 ναυσί
555 1167 778 1253 ποιήσασθαι
801 1171 913 1232 πάντα
935 1169 978 1231 τά
997 1173 1145 1255 σφέτερα
1160 1171 1343 1253 πράγματα
1365 1199 1409 1212 -

149 1269 207 1331 καί
226 1269 366 1352 ύστερον
389 1270 447 1331 τόν
468 1269 621 1353 Πειραιᾶ
638 1271 786 1350 τειχίσαι
809 1268 977 1335 πλειόνων
998 1272 1019 1357 ή
1041 1273 1237 1357 ἐνενήκοντα
1262 1267 1410 1334 σταδίων

150 1372 207 1434 καὶ
218 1367 303 1432 ἀλλα
320 1377 461 1434 τοιαῦτα
476 1368 686 1455 προσέταξεν
705 1373 831 1452 αὐτοῖς,
848 1371 895 1436 ὧν
906 1373 948 1436 τά
959 1377 1022 1455 μέν
1036 1375 1097 1436 ἐπὶ
1110 1380 1274 1436 τοσοῦτον
1285 1373 1410 1457 ἐπρατ-

105 1482 134 1534 1ο
153 1492 212 1536 τον
233 1463 293 1558 ἐφ’
318 1475 398 1535 όσον
419 1474 546 1548 ἐκεῖνος
566 1482 688 1560 πυρήν,
711 1475 753 1536 τὰ
776 1471 812 1538 δέ
833 1476 890 1538 καί
913 1478 1078 1561 φυγόντος
1100 1477 1204 1538 αὐτοῦ
1223 1477 1280 1538 καί
1300 1471 1411 1538 τελευ-

150 1577 324 1662 τήσαντος.
374 1575 432 1636 καί
458 1576 544 1655 μετδ
575 1583 680 1639 ταῦτα
710 1571 833 1653 ἀλλους
861 1579 957 1653 τινάς
985 1577 1071 1654 ίσως
1099 1580 1222 1664 φήσεις
1245 1574 1411 1658 δαίμονας

149 1681 321 1760 γεγονέναι
356 1683 424 1738 τῶν
454 1665 667 1762 Ἀθηναίων,
707 1678 781 1741 οίον
810 1672 1027 1766 Ἀλκιβιάδην
1062 1681 1121 1743 τόν
1157 1676 1317 1743 Κλεινίου
1354 1680 1412 1742 καί

150 1781 275 1844 Νικίαν
295 1781 353 1843 καὶ
367 1776 508 1842 Κλέωνα
529 1781 587 1844 καί
605 1771 817 1864 Ὑπέρβολον,
840 1783 920 1858 τούς
934 1787 996 1864 μέν
1011 1803 1107 1858 τινας
1121 1783 1285 1857 ἐπιεικεῖς
1300 1784 1409 1862 τυχόν,

150 1885 229 1958 τούς
251 1879 288 1945 δέ
312 1884 401 1944 πάνυ
424 1884 594 1967 πονηρούς
615 1903 652 1945 τε
673 1885 730 1946 καί
753 1881 934 1962 χαλεπούς.
987 1886 1039 1947 ἐτι
1068 1881 1104 1948 δὲ
1127 1885 1240 1969 Κῦρον
1261 1885 1407 1968 Περσῶν
1430 1885 1450 1948 5

104 1995 133 2047 1⁶
155 1986 225 2048 ἀπὸ
244 1986 367 2067 χρόνου
389 1985 482 2057 τινδς
503 1980 648 2063 δαίμονα
669 1986 834 2065 γενέσθαι
855 1979 933 2070 [καί]
948 1983 1124 2068 βασιλικόν
1146 2007 1222 2048 τινα
1244 1986 1301 2049 καὶ
1322 1982 1413 2049 ἐλευ-

150 2089 289 2172 θέριον,
320 2086 358 2161 δς
381 2081 602 2160 δουλεύοντας
631 2085 753 2161 αὐτούς
775 2085 914 2171 Μήδοις
942 2091 1110 2173 πρότερον
1140 2088 1191 2163 εἰς
1212 2085 1413 2172 ἐλευθερίαν

151 2186 312 2275 ἀφείλετο
340 2189 397 2250 καί
425 2190 563 2250 πάντων
593 2187 748 2272 ἀπέφηνε
777 2185 949 2264 δεσπότας
978 2195 1045 2252 τῶν
1079 2190 1165 2252 κατά
1193 2191 1253 2275 τήν
1280 2181 1412 2254 Ἀσίαν.

151 2293 204 2354 ἐτι
226 2289 262 2354 δὲ
284 2290 472 2374 Καμβύσην
493 2291 551 2352 καὶ
572 2290 721 2374 Δαρεῖον
742 2291 799 2354 καί
820 2293 901 2366 τούς
922 2287 1045 2367 ἀλλους
1073 2292 1153 2367 τούς
1181 2287 1321 2378 έφεξής,
1351 2292 1411 2354 τδν

151 2397 213 2476 μὲν
235 2394 423 2478 Καμβύσην
444 2394 486 2454 τά
509 2412 545 2454 τε
564 2393 719 2478 χρήματα
743 2393 853 2456 αὐτῶν
876 2391 1101 2457 ἀναλίσκοντα
1130 2393 1188 2455 καί
1210 2393 1331 2467 αύτούς
1351 2412 1411 2454 κα-

24 2491 133 2596 (Ἢν)
155 2493 378 2574 τατοξεύοντα
407 2496 464 2558 καὶ
495 2495 674 2578 στρατείας
702 2497 965 2580 προστάσσοντα
998 2491 1152 2576 χαλεπός
1178 2496 1235 2559 καί
1264 2497 1412 2575 συνεχεῖς

152 2601 209 2664 καί
229 2595 402 2683 μηδέποτε
430 2599 537 2660 ἐῶντα
568 2596 657 2662 οἴκοι
685 2601 815 2678 μένειν·
844 2601 903 2662 τόν
933 2597 970 2663 δὲ
991 2602 1140 2684 Δαρεῖον
1165 2600 1321 2683 χρήματα
1350 2599 1411 2678 μέν

153 2705 199 2778 ὡς
228 2701 301 2765 οίόν
330 2721 367 2764 τι
395 2696 506 2763 πολλά
538 2703 765 2783 συναγαγόντα
799 2703 856 2764 καί
885 2709 926 2788 τῇ
957 2703 1052 2786 χάρη
1087 2703 1264 2783 γενόμενον
1299 2698 1411 2766 αἴτιον

152 2808 248 2881 όπως
270 2804 539 2889 ἐργασθήσεται,
569 2800 742 2884 πολέμους
772 2799 888 2868 δὲκαὶ
914 2812 1034 2868 τοῦτον
1057 2797 1284 2886 ἀναγκάζοντα
1308 2798 1411 2866 πυλε-

151 2912 228 2988 μεῖν
247 2904 419 2986 χαλεπούς
440 2907 497 2969 καὶ
518 2903 763 2984 ἐπικινδύνους,
785 2907 946 2991 καθάπερ
970 2905 1068 2987 οἶμαι
1089 2906 1148 2968 τόν
1171 2905 1259 2988 πρός
1273 2903 1411 2979 Σκύθας

99 3020 130 3071 25
151 3011 208 3072 καί
229 3010 288 3071 τόν
311 2999 627 3093 πρδςἈθηναίους.
666 3009 754 3070 ούτω
778 3004 814 3070 δέ
828 3009 887 3071 καί
900 3010 1039 3090 Νουμᾶν
1053 2998 1287 3089 μὲνῬωμαϊοι
1308 3006 1407 3085 τυχόν
1430 3009 1450 3073 6

154 3113 195 3174 ἀν
218 3107 345 3193 λέγοιεν
369 3111 478 3172 αὐτῶν
502 3105 663 3190 δαίμονα,
692 3106 923 3194 Καρχηδόνιοι
945 3107 981 3174 δὲ
998 3102 1149 3174 Ἄννωνα
1171 3111 1228 3172 καί
1246 3100 1414 3189 Ἀννίβαν,

153 3210 351 3288 Μακεδόνες
374 3209 410 3275 δέ
429 3203 649 3296 Ἀλέξανδρον
670 3212 690 3296 ή
715 3208 911 3291 Φίλιππον,
942 3213 981 3289 δς
1001 3210 1206 3287 Μακεδόνας
1229 3209 1413 3285 ταπεινούς

154 3318 254 3391 όντας
275 3317 333 3378 καὶ
347 3313 518 3391 ἀσθενεῖς,
542 3307 620 3396 [καί]
636 3321 699 3376 τού
712 3315 843 3398 πατρός
858 3315 963 3377 αὐτοῦ
976 3317 1287 3400 παραχωρήσαντος
1301 3303 1414 3374 Ὀλυν-

241 3607 464 3687 1πισιστράτυυ
481 3612 510 3666 M
528 3626 568 3668 or.
587 3611 640 3668 vn
658 3613 737 3680 §107
755 3618 895 3683 comparat
911 3612 991 3684 Emp.
1061 3609 1098 3671 τὰ
1116 3609 1189 3673 ἄλλα
1207 3615 1256 3671 UB
1330 3616 1413 3672 ῖκαί

155 3702 296 3780 Περικλέα
313 3715 366 3758 om.
384 3697 414 3752 M
516 3696 653 3770 γενέσθαι
671 3696 729 3752 scil.
749 3697 906 3770 Ἀθηναίων
926 3701 1067 3770 δαίμονας
1163 3705 1181 3754 4
1203 3692 1321 3772 ἀνδροῖν
1337 3704 1412 3767 (σει

155 3788 279 3852 οοτεΗ]
349 3805 384 3844 το
401 3783 497 3855 μένΠ
566 3781 773 3857 όπροεμένσις
791 3783 822 3838 M
907 3787 1067 3858 8τειχήσαι
1085 3784 1116 3839 M
1183 3781 1313 3843 πλεόνων
1330 3785 1361 3842 M

152 3871 343 3947 ἐννενήκοντα
355 3869 405 3926 UB
423 3869 491 3924 haee
507 3881 631 3938 pugnare
648 3866 732 3923 videri
750 3881 813 3923 cum
824 3867 911 3925 Τίιαυ.
924 3868 950 3923 11
965 3873 994 3924 1³
1013 3873 1066 3927 τοῦ
1077 3873 1219 3941 Πειραιῶς
1236 3864 1285 3937 ξύν
1298 3873 1412 3928 Μουνυ-

151 3963 203 4039 χίᾳ
220 3955 357 4032 ἑξήκοντα
374 3955 427 4026 μὲν
444 3955 570 4013 σταδίων
588 3947 605 4011 δ
623 3943 702 4021 ἀπας
717 3955 877 4028 περίβολος
892 3954 1046 4011 οδσεττετίί
1061 3953 1143 4025 Εωρ.
1161 3955 1200 4018 (in
1223 3953 1342 4020 εσίιοάίι)

158 4052 186 4102 11
206 4047 344 4117 δαίμονας
361 4036 460 4115 φήσεις
476 4040 539 4106 (hoe
557 4038 663 4108 ord.)U
717 4043 749 4095 15
766 4032 826 4098 ἀπό
845 4039 915 4106 libri,
933 4037 981 4098 ἐπὶ
996 4039 1075 4112 Enp.
1093 4038 1164 4109 quod
1175 4039 1241 4095 mihi
1258 4055 1314 4097 non
1332 4037 1412 4096 suffl-

154 4147 216 4188 τετε
232 4130 339 4187 videtur
406 4130 454 4184 καί
471 4125 583 4182 seclusit
600 4125 727 4183 Reiskiun
797 4130 829 4179 11
848 4118 970 4198 άφίλετο
988 4125 1019 4182 M
1070 4121 1213 4197 δεσπότην
1224 4124 1303 4182 BMU
1314 4141 1350 4182 m.
1368 4139 1412 4195 pr.

152 4223 301 4287 (superant.
319 4215 376 4281 ας)
459 4215 490 4266 19
505 4201 633 4284 χρήματ’
651 4209 681 4264 M
765 4208 1013 4278 κατατοξεύονταε
1030 4210 1152 4268 Πετοάοί
1167 4209 1253 4266 11135
1272 4211 1414 4280 compunt

154 4302 234 4370 Emp.
287 4303 320 4355 20
338 4299 477 4372 στρατίας
494 4296 523 4351 M
541 4291 679 4371 στρατιὰς
695 4295 745 4353 UB
764 4296 957 4370 στρατείαςΤ
1008 4293 1235 4370 προστάσσοντα
1248 4294 1304 4351 UM
1320 4311 1414 4366 προσ-

154 4382 341 4445 τάττονταΒ
392 4388 423 4439 21
444 4403 490 4441 σοι
507 4384 624 4453 καίρια
642 4380 719 4440 οίκοι
736 4381 766 4436 M
818 4386 851 4438 22
869 4375 910 4450 ὥς
927 4379 1039 4441 οἴονται
1056 4381 1144 4449 UBM.
1162 4373 1203 4447 ὥς
1220 4373 1286 4438 οίόν
1302 4377 1376 4438 τεΤ

155 4473 188 4524 26
206 4462 302 4528 αδταῖν
318 4471 348 4526 M
366 4464 456 4528 αδτδν
473 4469 530 4537 UB,
548 4483 618 4525 corr.
630 4467 711 4537 Emp.
833 4471 865 4524 21
885 4470 1029 4536 Φίλιππος
1045 4467 1099 4540 μέν
1114 4471 1177 4536 (om.
1197 4462 1240 4534 ἀς)
1259 4465 1289 4520 M
1307 4457 1416 4539 11αάοή

154 4555 319 4625 (Φίλιππον
336 4545 390 4625 ὧν)
408 4559 471 4614 Φιλ.
489 4555 543 4626 μὲν
558 4552 625 4610 wil.
696 4556 728 4608 28
745 4555 796 4610 καί
812 4553 911 4610 seclusi
