3454 5272
323 361 385 420 328
826 355 1017 413 APPENDIX
1033 357 1084 414 111.

323 559 384 613 τας
412 531 609 618 βασιλικούς
638 530 757 615 λόγους
786 531 877 615 αὐτῷ
907 529 1101 616 ἐξεπόνησε.
1158 535 1406 616 Χρυσόστομος
1435 533 1472 598 δέ
1500 541 1593 600 κατὰ

324 641 383 702 τόν
400 635 497 721 λόγον
515 637 572 717 οὐχ
589 637 697 710 οὕτως
712 638 792 697 ὅσον
809 632 866 697 διά
881 655 916 696 τι
932 637 1125 714 σύμπτωμα
1141 636 1201 697 έπὶ
1215 638 1254 697 τό
1281 637 1595 722 εὐσχημονέστερον

323 741 616 823 μεταποιούμενον
638 735 777 824 έκλῆίόη.
821 745 864 823 τῆ
885 738 948 821 γάρ
972 738 1043 798 ἀπὸ
1075 745 1138 799 τοῦ
1166 739 1335 816 στόματος
1356 739 1526 826 ἀποφορᾷ
1553 745 1595 804 οὐ
1706 729 1707 732 “

325 847 415 906 πάνυ
438 844 571 922 εὐτυχεῖ
595 844 730 927 ἐχρῆτο,
760 841 807 915 ὡς
837 837 876 926 δῆ
906 841 963 903 καλ
991 835 1090 902 ἄλλοι
1119 835 1260 917 πολλοί,
1290 842 1347 902 καί
1375 842 1395 903 δ
1422 844 1504 918 τοὺς
1536 841 1597 906 λό-

287 958 301 1006 υ
324 967 401 1030 γους
424 947 524 1020 θεῖος
547 939 751 1026 ἀπαγγέλλει
774 943 867 1027 ἀνήρ.
920 943 1005 1027 φησί
1033 941 1095 1026 γάρ
1125 942 1206 1025 περὶ
1228 943 1334 1004 αὐτοῦ
1353 945 1389 1005 έν
1414 945 1596 1027 ἰαμβείοις

327 1051 431 1111 αὐτοῦ
453 1049 550 1110 οὕτω.
858 1046 859 1050 ’
1707 1053 1708 1064 ’

529 1166 624 1227 Δίων
647 1163 797 1239 ἀνέπνει,
822 1163 939 1247 φασίν,
963 1163 1001 1223 οὐ
1023 1151 1104 1242 μάλ’
1130 1159 1192 1247 ῆδά
1215 1177 1266 1225 τι·

532 1275 651 1328 τοῦτον
676 1262 759 1348 λέγω
782 1265 911 1342 Δίωνα,
935 1262 976 1326 οδ
997 1261 1104 1339 πολάς
1128 1260 1235 1347 λόγος.

532 1370 589 1432 καλ
611 1361 703 1431 τοῦτ’
729 1371 930 1452 ἐκερτόμησε
953 1375 1020 1430 τῶν
1042 1388 1095 1442 τις
1117 1367 1274 1430 ἀστικῶν.

278 1483 306 1534 10
534 1473 592 1534 τόν
616 1463 648 1533 δ’
674 1472 721 1545 ὡς
744 1466 829 1532 ἰδεῖν
851 1475 990 1552 γυναῖκα
1013 1471 1073 1554 τὴν
1097 1469 1209 1546 αὑτοῦ,
1234 1471 1383 1555 φράσαι·

537 1575 580 1635 Τί
600 1580 718 1648 τοῦτο,
741 1573 779 1633 οὐ
801 1573 864 1657 γάρ
888 1573 1043 1657 ἔφρασας
1064 1591 1125 1651 μοι
1147 1574 1208 1657 την
1230 1575 1340 1634 νόσον.

530 1677 588 1737 καλ
609 1677 669 1760 τῆν
693 1677 752 1736 σὺν
775 1677 872 1758 ὅρκῳ,
900 1677 1008 1735 Τοῦτο
1032 1677 1170 1736 πάντων
1193 1675 1352 1758 ἀρρένων,

534 1778 655 1854 εἰπεῖν,
678 1780 716 1838 τὸ
742 1768 925 1857 ούμπτωμ’
952 1768 1077 1861 ᾠόμην,
1101 1777 1140 1838 οδ
1164 1784 1227 1839 σοῦ
1246 1780 1369 1856 μόνου·

535 1887 698 1941 τοσοῦτον
721 1876 930 1962 ἀνδρῶνκαὶ
953 1876 1063 1964 φίλων
1086 1880 1287 1941 ἀποστάτιν.

280 1993 308 2043 1ο
536 1985 555 2044 ό
576 1984 638 2066 γάρ
663 1977 761 2065 λόγος
784 1979 929 2065 δίδαγμα
952 1989 1014 2044 τοῦ
1036 1990 1162 2062 σεμνοῦ
1181 1985 1320 2066 τρόπου.

332 2103 408 2165 ἀντὶ
429 2103 541 2164 τοίνυν
563 2111 625 2164 τοῦ
642 2095 844 2183 Ὀζόστομος
868 2099 990 2186 ἐλέχθη
1019 2103 1178 2187 εὐφήμως
1199 2104 1457 2185 Χροσόστομος.
1518 2100 1599 2186 ίδέρ

334 2204 369 2268 δὲ
391 2211 548 2291 κέχρηται
572 2209 743 2291 συγκράτῳ
766 2202 940 2288 τοῦλόγου
956 2201 1159 2289 Πλατωνικῆ
1181 2206 1238 2266 καλ
1260 2203 1430 2289 Λυσιακῇ,
1455 2205 1532 2267 οὔτε
1556 2209 1598 2266 τὸ

334 2306 512 2394 διηρμένον
534 2317 596 2372 του·
616 2305 803 2383 Πλάτωνος
824 2317 884 2394 τῆς
901 2311 1079 2392 Λυσιακῆς
1102 2303 1262 2369 ἀπολύων
1285 2304 1490 2392 ἀπλότητος,
1516 2307 1598 2368 οὔτε

335 2413 374 2474 τό
399 2413 578 2473 Λυσιακὸν
601 2415 651 2485 είς
673 2407 850 2494 ἁπλότητα
873 2406 1173 2493 ἐπιτετηδευμένον
1196 2417 1255 2495 τῆς
1270 2407 1492 2496 Πλατωνικῆς
1516 2427 1599 2488 σεμ-

283 2525 312 2574 2⁰
334 2517 474 2598 νότητος
496 2514 713 2595 ἀποστερῶν,
744 2508 829 2573 ἀλλά
851 2513 907 2574 καί
931 2509 1141 2593 σεμνολογῶν
1163 2512 1248 2591 μετά
1272 2509 1435 2598 ἀφελείας
1456 2512 1514 2573 καί
1535 2514 1600 2598 τῆν

335 2611 498 2700 ἀφέλειαν
523 2605 668 2698 ἐξαίρων
691 2610 748 2675 διά
773 2615 985 2696 σεμνότητος.

422 2729 540 2797 Suidas
562 2751 588 2798 ε.
614 2751 659 2796 v.:
683 2733 777 2794 Δίων
802 2734 821 2792 δ
843 2733 1092 2816 Πασικράτους,
1115 2735 1326 2817 Προυσαεδς,
1350 2735 1519 2818 σοφιστῆς
1540 2735 1601 2795 καί

337 2831 541 2920 φιλόσοφος,
565 2834 603 2896 δν
617 2836 865 2918 Χρυσόστομον
886 2825 1057 2896 ἐκάλεσαν.
1094 2835 1309 2897 ἀντεποιεῖτο
1326 2831 1362 2897 δέ
1381 2837 1598 2920 σεμνότητος,

338 2938 385 3012 ὡς
406 2937 462 2999 καλ
486 2933 621 3022 λεοντῆν
645 2942 761 3022 φορῶν
784 2940 951 3020 προϊέναι.
988 2932 1028 3020 ἦν
1053 2933 1088 2999 δὲ
1113 2933 1237 3013 λεπτός
1258 2939 1296 2998 τὸ
1322 2943 1428 3018 σῶμα,
1450 2939 1507 2999 καλ
1530 2933 1601 3000 διέ-

286 3053 316 3103 25
337 3048 440 3122 τριψε
463 3042 501 3102 τὸ
525 3035 687 3101 πλεῖστον
709 3039 804 3122 παρά
831 3036 989 3121 Τραιανῷ
1012 3037 1061 3121 τῷ
1083 3040 1252 3120 Καίσαρι,
1283 3041 1330 3114 ὡς
1351 3041 1408 3102 καλ
1432 3039 1600 3120 συγκαθέ-

338 3137 462 3218 ζεσθαι
487 3129 524 3204 ἓν
545 3139 594 3223 τῷ
616 3137 782 3223 βασιλικῷ
799 3142 951 3225 όχῆματι.
990 3142 1148 3224 ἔγραψεν,
1172 3142 1213 3203 Εἰ
1237 3141 1396 3227 φθαρτὸς
1419 3143 1438 3203 δ
1460 3144 1600 3220 κόσμος,

335 3237 514 3324 Ἑγκώμιον
533 3234 735 3327 Ἡρακλέους
756 3244 813 3305 καλ
827 3239 1024 3320 Πλάτωνος,
1044 3235 1143 3328 Ὑπὲρ
1155 3231 1301 3328 Ὁμήρου
1325 3246 1412 3326 πρός
1427 3239 1601 3305 Πλάτωνα

339 3342 385 3421 δ’,
408 3346 495 3428 Περὶ
517 3352 584 3406 τῶν
601 3336 823 3430 Ἀλεξάνδρου
847 3347 975 3429 ἀρετῶν
998 3343 1044 3430 η’.

345 3533 910 3544 ——a-n—-n—m—-m—..ffl
1399 3535 1597 3546 ———--—·-

428 3669 459 3720 14
477 3659 627 3722 τοσούτων
645 3665 668 3718 Β
754 3669 784 3718 16
803 3663 894 3720 Schol.
917 3663 1033 3720 Luciani
1051 3663 1210 3720 Hermotim.
1229 3679 1254 3719 ο.
1273 3668 1315 3730 34,
1333 3663 1427 3719 endem
1445 3665 1480 3720 de
1498 3663 1604 3720 Gelone

342 3751 514 3823 Syracusano
533 3749 684 3805 narrantis:
713 3752 805 3806 Τοῦτο
822 3752 871 3806 καί
889 3752 954 3823 περὶ
973 3751 1086 3816 Δίωνος
1103 3747 1268 3823 λστοροῦαιν
1291 3753 1344 3807 τοῦ
1361 3751 1544 3822 Προυσαέως,
1565 3743 1602 3807 δν

340 3841 389 3894 καὶ
402 3835 449 3894 διά
460 3840 547 3892 τοῦτο
560 3827 630 3892 κατ’
643 3828 822 3906 εὐφημισμὸν
837 3831 1052 3908 Χρυσόστομον
1063 3831 1265 3906 ἐπωνόμασαν.
1291 3835 1435 3904 Εοοορλυε
1447 3835 1503 3892 vit.
1517 3837 1602 3906 δορὴ.

341 3939 368 3992 p.
382 3927 410 3978 ³:
430 3923 508 3978 Δίων
527 3914 544 3978 ὃ
562 3918 595 3978 ἐκ
613 3922 757 3987 Βιθυνίας,
774 3914 810 3978 δν
826 3919 987 3979 ἐπεκάλουν
1004 3912 1226 3991 Χρυσόστομον.
1262 3919 1422 3977 Theodorus
1434 3919 1603 3976 Prodromnn

342 4006 454 4063 Νοίίτιε
470 4011 497 4061 εί
515 4003 645 4060 Εαίνοίίι
661 4005 713 4062 vol.
732 4009 757 4074 ό,
776 4021 803 4077 p.
822 4011 886 4061 554:
906 4000 1083 4076 Ἐθαύμαζεν
1106 3995 1235 4078 άἝλλην
1258 4003 1312 4078 τὴν
1333 4007 1446 4071 Δίωνος
1466 4009 1604 4078 γλῶσσαν

341 4096 391 4150 καὶ
406 4095 514 4165 χρυσῆν
531 4083 622 4162 αὐτὴν
639 4085 699 4148 ἀπὸ
717 4095 769 4148 τοῦ
787 4087 958 4164 πράγματος
970 4089 1213 4165 προσηγόρευσεν.
1242 4089 1281 4144 Et
1291 4088 1373 4147 ibim:
1396 4089 1454 4162 ij
1470 4083 1502 4146 δ’
1520 4087 1605 4160 ἱεράν

342 4198 397 4236 σου
413 4179 557 4252 γλῶσσαν,
573 4175 963 4249 λερομνῆμον,.όιωνίζουοαν
979 4177 1034 4246 μὲν
1050 4178 1115 4247 δίχα
1133 4178 1186 4233 τοῦ
1203 4167 1328 4245 ἀφελοῦς
1344 4178 1393 4232 καὶ
1409 4176 1606 4246 χρυσίζουσαν

342 4285 369 4320 κ.
388 4285 412 4322 τ.
429 4268 455 4321 λ.
482 4263 595 4318 Ττοειοε
613 4261 698 4330 Exeg.
716 4261 747 4316 ll.
766 4279 793 4331 p.
810 4267 866 4327 ¹⁵5,
882 4267 922 4328 ¹³,
940 4277 1022 4331 quum
1040 4278 1067 4330 p.
1089 4266 1129 4326 1²,
1144 4266 1173 4316 17
1192 4259 1307 4316 Dionem
1326 4250 1541 4331 Χρυσόστομον
1557 4276 1606 4317 εο-

344 4353 435 4405 catum
447 4348 568 4413 dixisset,
587 4347 674 4402 addit:
695 4347 883 4416 Καλοάμενον
893 4342 948 4403 τὸν
965 4348 1061 4403 Δίωνα
1079 4350 1185 4404 τοῦτον
1197 4341 1412 4416 Χρυσόστομον
1428 4339 1517 4411 οὗτὸς
1534 4366 1606 4404 κατ·

344 4428 480 4502 ονομάζω
509 4427 732 4502 κοπρόστομον,
763 4421 809 4488 δτι
836 4427 933 4506 ἐντῷ
959 4434 1079 4505 Τρωικῷ
1104 4429 1234 4504 τραχέως
1263 4425 1384 4504 Ὁμήρου
1412 4425 1607 4490 καθάπτεται.

344 4517 480 4584 ιῦῑεδοεί)
550 4515 627 4574 Ιόίαν
646 4517 669 4570 Β
739 4519 768 4571 21
789 4511 951 4588 σεμνότητα
968 4517 992 4571 Β
