3466 5268
628 377 766 436 ORATIO
783 379 911 436 XXXIX.
1354 379 1396 437 45

14 561 306 630 ιυτιτωτοσαῦται
341 551 376 616 δὲ
411 550 558 636 γλῶτται
588 563 810 637 παραινοῦσι,
841 563 1007 618 τοσαῦται
1040 550 1076 616 δὲ
1114 551 1264 619 διάνοιαι
1294 579 1397 644 φρον-

140 652 299 732 τίζουσιν.
359 653 516 743 διαφέρει
552 658 614 740 γάρ
648 655 744 722 ούδέν
779 657 869 744 ῆιεῖ
899 679 952 733 τις
985 657 1079 718 θεῶν
1115 657 1221 733 οὑτως
1249 659 1396 747 μεγάλης

138 761 195 821 καί
218 757 495 843 πολυανθρώπου
519 757 653 834 πόλεως
681 762 763 840 μίαν
792 763 902 846 ψυχην
930 760 1102 844 ἐποίησεν.
1147 761 1195 834 ὡς
1217 761 1293 824 οὑτε
1315 786 1396 849 χρη-

139 865 257 942 μάτων
294 859 431 948 πλῇθος
467 861 544 923 οδτε
580 863 778 945 ἀνθρώπων
816 863 893 925 οὑτε
927 859 1010 947 άλλη
1048 859 1189 942 δύναμις
1226 859 1396 951 ξυνήνεγκε

102 969 215 1040 ττοῖς
237 962 514 1050 διαφερομένοις,
543 961 628 1026 ἀλλά
658 965 853 1029 τοὺναντίον
883 966 995 1027 πάντα
1024 970 1128 1024 ταῦτα
1159 967 1246 1048 πρός
1267 965 1396 1057 βλάβης

137 1063 267 1147 μᾶλλόν
295 1069 370 1130 ἐστι
397 1068 454 1129 καί
476 1069 544 1148 ὁσῳ
568 1069 609 1128 ἂν
639 1063 780 1130 πλείονα
803 1069 954 1151 ὑπάρχῃ,
982 1067 1134 1147 τοσούτῳ
1162 1063 1316 1146 μείζονος
1337 1077 1395 1136 καί

134 1166 392 1254 χαλεπωτέρας·
423 1171 539 1253 ὥσπερ
564 1168 662 1249 οἴμαι
689 1171 835 1232 καὶτῶν
865 1171 1031 1250 σωμάτων
1054 1165 1101 1250 τῷ
1123 1169 1185 1248 μὲν
1207 1171 1393 1251 ὑγιαίνοντι

138 1277 304 1358 συμφέρει
325 1275 364 1334 τό
386 1272 534 1354 μέγεθος
554 1274 612 1335 καί
633 1274 671 1334 τό
696 1267 833 1358 πλῆθος
856 1279 924 1333 τῶν
940 1276 1081 1347 σαρκῶν,
1105 1268 1153 1353 τῷ
1178 1267 1213 1332 δέ
1237 1284 1393 1340 νοσοῦντι

29 1375 192 1442 ιιωιοκαί
222 1372 361 1461 φαύλως
389 1375 499 1454 ἔχοντι
526 1370 769 1460 σφαλερωτάτη
800 1375 892 1435 ἐστίν
921 1377 940 1458 η
970 1376 1109 1458 τοιαύτη
1134 1371 1203 1450 έξις
1232 1377 1288 1438 καί
1318 1376 1392 1456 όξύ·

88 1487 117 1540 10
138 1497 240 1539 τατον
278 1479 399 1558 ἐπάγει
435 1473 596 1538 κίνδυνον.
664 1477 792 1557 ὁμοίως
828 1472 864 1539 δὲ
903 1477 959 1538 καί
998 1482 1078 1550 ναῦς
1116 1477 1191 1561 ἥτις
1230 1479 1272 1540 όν
1303 1483 1432 1560 μετὰθ

137 1581 298 1660 ὁμονοίας
331 1576 416 1663 πλέῃ
451 1587 512 1641 τοῦ
542 1580 741 1664 κυβερνήτου
775 1581 832 1641 καί
859 1585 926 1640 τῶν
961 1584 1107 1655 ναυτῶν,
1143 1580 1225 1665 αὑτή
1259 1603 1294 1646 τε
1326 1581 1391 1668 σφ’-

136 1677 229 1758 ζεται
250 1683 307 1745 καί
330 1676 430 1764 σῴζει
452 1683 531 1758 τούς
553 1678 780 1762 ἐμπλέοντας·
804 1682 835 1743 εί
858 1677 893 1742 δέ
915 1682 972 1765 μη,
996 1683 1064 1763 ὁσῳ
1089 1678 1197 1745 πλείω
1220 1685 1262 1745 τά
1287 1687 1390 1765 ίστία,

135 1786 286 1865 τοσούτῳ
319 1780 548 1868 σφοδρότερον
576 1785 634 1845 τόν
661 1789 810 1863 χειμῶνα
839 1785 896 1845 καί
924 1785 984 1868 τὴν
1013 1785 1160 1870 ταραχην
1181 1781 1285 1866 μείζω
1309 1807 1390 1872 συμ·

135 1887 265 1966 βαίνειν
287 1887 422 1970 ἀνάγκη.
460 1888 498 1947 τό
522 1886 603 1949 αὑτό
619 1893 719 1948 τοῦτο
743 1885 803 1948 ἐπί
825 1886 985 1969 ἅρματος,
1008 1887 1049 1947 ἐν
1070 1888 1167 1966 μένό
1188 1879 1231 1950 θ’
1256 1893 1391 1975 ἡνίοχος

89 1999 117 2050 ιο
139 1990 252 2071 ἄρχειν
280 1990 463 2073 ἐπίστηται
490 1984 732 2071 κατάτρόπον
763 1989 800 2049 οί
824 2008 861 2050 τε
896 1987 1003 2048 ἵπποι
1037 1989 1307 2074 ὁμοφρονοῦντες
1334 1998 1390 2058 καί

135 2092 340 2170 πειθόμενοι
362 2089 463 2167 ὦσιν,
490 2087 590 2165 ἐλπίς
612 2093 705 2152 ἐστιν
728 2091 763 2151 ἐν
784 2091 846 2169 μὲν
869 2089 974 2169 ἀγῶνι
996 2095 1107 2166 νικᾶν,
1130 2091 1166 2152 έν
1190 2089 1225 2154 δὲ
1250 2092 1387 2179 πολέμῳ

136 2187 310 2274 σῴζεσθαι
338 2195 376 2256 τό
405 2201 560 2256 τοιοῦτον
591 2194 698 2274 άρμα·
729 2193 881 2264 στάσεως
911 2185 946 2251 δέ
977 2191 1034 2252 καί
1063 2200 1209 2278 ταραχῆς
1238 2197 1388 2283 ἐνούσης,

134 2296 285 2378 τοσούτῳ
307 2290 429 2376 μείζων
452 2296 471 2356 ὁ
491 2291 654 2370 κίνδυνος,
678 2295 745 2375 ὁσῳ
770 2293 811 2354 ἂν
834 2293 1045 2374 ἰσχυρότεροι
1060 2289 1145 2355 ὦσιν
1162 2298 1196 2359 οί
1212 2298 1318 2362 ίπποι
1333 2304 1389 2365 καί

134 2398 318 2480 ταχύτεροι.
368 2393 620 2482 παραπλησίως
643 2393 678 2460 δέ
700 2396 758 2458 καί
780 2391 880 2457 πόλει
904 2395 1093 2480 ὁμονοούσῃ
1117 2399 1229 2460 πάντα
1251 2401 1293 2462 τά
1315 2422 1385 2465 τοι·
1410 2409 1428 2469 7

83 2507 115 2560 20
138 2506 222 2561 αῦτα
241 2501 389 2584 χρήσιμά
412 2502 505 2576 ἐστι,
535 2499 716 2584 περιουσία
736 2499 917 2583 χρημάτων
938 2498 995 2560 καί
1025 2494 1162 2586 πλῆθος
1192 2501 1389 2586 ἀνθρώπων

131 2603 188 2664 καί
209 2604 306 2682 τιμαί
326 2605 382 2666 καί
405 2598 487 2680 δόξα
509 2604 565 2665 καί
588 2599 745 2681 δύναμις·
769 2601 800 2663 εί
824 2597 859 2662 δέ
881 2602 938 2684 μή,
962 2597 1152 2686 δύσχρηστα
1175 2605 1231 2666 καί
1243 2601 1387 2683 χαλεπά,

13 2714 119 2766 158311)
133 2703 206 2766 οίον
235 2707 270 2767 ἐν
299 2702 409 2788 ταὺτῴ
438 2708 655 2790 τρεφομένων
684 2703 818 2788 θηρίων
842 2699 978 2765 πολλῶν
1001 2705 1020 2789 ἢ
1043 2705 1283 2789 βοσκημάτων,
1312 2711 1387 2784 όνὸς

130 2805 301 2892 εἴργοντος
324 2804 525 2892 περιβόλου,
553 2809 782 2890 κυριττόντων.
804 2826 840 2868 τε
869 2801 997 2890 ἄλληλα
1025 2807 1082 2868 καί
1111 2809 1310 2871 πατούντων
1331 2813 1388 2874 καί

131 2910 407 2991 ἐπεμβαινόντων
430 2906 598 2995 ἀλληλοις.
636 2901 711 2970 ἀλλ’
739 2910 770 2970 εἴ
791 2910 852 2988 μὲν
875 2908 1035 2990 ὑγιαίνων
1054 2909 1241 2990 ἐτύγχανον,
1265 2913 1323 2974 οὑκ
1346 2915 1387 2975 ἂν

78 3025 111 3076 2⁶
133 3012 286 3098 ἀπέστην
307 3020 369 3074 τοῦ
391 3009 499 3095 λόγου,
523 3013 603 3096 πρίν
626 3009 747 3086 ἱκανῶς
769 3011 870 3072 αὑτόν
893 3006 1044 3072 διελθεῖν
1065 3012 1149 3072 κατά
1164 3013 1225 3096 την
1241 3015 1389 3094 ἐμαυτοῦ

129 3111 287 3195 δύναμιν·
318 3123 374 3177 νῦν
405 3111 440 3178 δὲ
468 3117 564 3196 ὑμεῖς
592 3135 628 3177 τε
659 3113 742 3188 ἴσως
773 3115 860 3196 πρὸς
888 3115 1018 3196 ἐτέρους
1038 3109 1167 3192 μάλλόν
1196 3117 1272 3178 ἐστε
1295 3117 1384 3199 κάγὼ

130 3213 218 3278 πολύ
247 3213 509 3300 καταδεέστερον
536 3217 601 3295 ἐχω
630 3217 649 3300 ἢ
681 3217 769 3303 πρός
795 3217 835 3276 τό
862 3214 1011 3296 μέγεθος
1039 3222 1101 3276 τοῦ
1133 3213 1270 3297 ἀγῶνος.
1326 3221 1427 3289 τόν8

130 3318 189 3381 οὸν
210 3319 419 3403 βραχύτατον
440 3321 497 3382 καί
519 3320 775 3399 ἀνυσιμώτατον
800 3313 898 3398 λόγον
926 3312 1170 3379 καταλείπεται
1194 3319 1305 3381 εἰπεῖν
1327 3323 1385 3382 τόν

130 3422 218 3505 πρός
239 3423 319 3496 τούς
340 3421 455 3497 θεούς.
494 3417 588 3483 οὸτοι
609 3420 672 3504 γάρ
694 3421 751 3481 καί
772 3425 839 3479 τῶν
861 3420 981 3500 μικρὸν
1005 3419 1248 3503 φθεγγομένων
1268 3421 1289 3480 ά
1313 3417 1385 3482 δια-

77 3535 110 3587 ³0
131 3530 289 3587 νοοῦνται
305 3521 429 3587 ἴσασιν.
469 3521 553 3597 ἴσως
574 3521 636 3604 γάρ
651 3522 707 3582 καί
722 3527 822 3582 τοῦτο
837 3527 899 3580 τοῦ
915 3515 1048 3603 σφόδρα
1065 3520 1259 3595 εύνουῦντός
1274 3523 1384 3582 ἐστιν·

130 3627 247 3710 ὥσπερ
277 3627 312 3688 οί
336 3626 478 3711 χρηστοί
506 3629 650 3709 πατέρες
680 3627 753 3697 τοῖς
781 3622 902 3682 παισίν
932 3623 953 3682 ά
980 3621 1041 3699 μὲν
1071 3617 1230 3683 δύνανται
1260 3640 1384 3705 παραι-

216 3877 434 3946 1φροντίζουοι
453 3874 503 3932 ΜΤ
575 3864 686 3932 θοὶίτω
702 3872 751 3928 ΒΤ
825 3870 952 3944 διαφέρει
969 3869 1081 3940 reposui
1097 3884 1188 3928 uxor.
1207 3870 1310 3942 13³2,
1329 3878 1385 3932 ὁια-

126 3961 249 4034 φέρουσι
266 3961 329 4016 libri
386 3954 459 4026 ³032
477 3957 544 4018 οὑτε
562 3975 586 4016 ε.
604 3975 631 4029 q.
649 3975 672 4016 ε.
690 3973 746 4014 non
759 3957 904 4013 cohaerent
922 3973 983 4012 cum
1000 3956 1222 4014 umentibus
1291 3958 1384 4018 ὑέυτί

125 4050 175 4105 καί
193 4037 254 4122 δσφ
271 4045 344 4102 UBT
362 4045 420 4110 (εοδ
437 4046 465 4101 ln
483 4045 506 4101 U
525 4046 577 4100 fuit
593 4041 680 4111 ἐστίν)
697 4041 775 4102 ἐστίν
794 4033 855 4119 δοφ
872 4041 902 4096 Μ
999 4035 1122 4114 ὑπάρχει
1140 4039 1194 4096 ΒΜ
1298 4047 1384 4117 ’ίμὲν

126 4147 178 4188 om.
197 4132 221 4187 Β
273 4135 289 4187 8
305 4130 437 4201 Ηὶρρυετ.
455 4131 558 4200 Δρίιοτ.
571 4135 611 4198 ³‚1
632 4128 662 4187 αί
678 4124 729 4187 ἐπ’
746 4125 840 4199 ἄκρον
857 4121 961 4194 εύεξίαι
979 4128 1131 4200 σφαλεραί.
1143 4125 1228 4196 (ΒΜ.)
1285 4136 1313 4186 11
1329 4133 1384 4190 σά·

125 4221 206 4287 ζεται
223 4223 264 4283 (αι
281 4231 299 4273 ι
317 4221 398 4284 corr.)
415 4216 441 4273 U
513 4221 543 4273 ιλ
561 4205 610 4274 ὅτ’
628 4214 658 4270 Μ
713 4221 744 4270 15
761 4212 895 4285 ἐπέστητε
912 4213 936 4269 Β
953 4210 1105 4285 ἐπίστηται
1123 4224 1163 4278 ται
1181 4227 1199 4269 ε
1217 4229 1287 4272 corr.
1307 4216 1331 4273 U

128 4307 159 4359 18
176 4304 270 4373 μίζων
287 4301 317 4356 Μ
399 4305 432 4356 2⁰
449 4296 509 4359 ἐστι
522 4321 544 4356 τι
561 4300 598 4372 (ο.
617 4305 682 4366 ru.)
700 4300 724 4357 U
742 4297 821 4358 ἐστιν
838 4299 862 4354 Τ
949 4303 982 4354 22
1000 4297 1207 4370 στρεφομένων
1224 4299 1295 4371 ΙΙίιτῐ,
1312 4319 1383 4362 corr.

124 4388 243 4444 casaub.
313 4383 574 4461 μεταβαινόντων
592 4386 645 4441 ΒΜ
713 4382 872 4459 ἐτύγχανον
895 4380 971 4441 ιὺνΒ
1041 4389 1073 4440 26
1091 4382 1203 4455 μᾶλλόν
1219 4387 1285 4446 ἐστε
1303 4389 1382 4461 Emp.

123 4471 190 4531 ἐστὲ
206 4475 318 4541 μᾶλλον
335 4463 412 4532 ὥστε
430 4472 502 4528 UBT
520 4475 631 4542 μᾶλλον
648 4460 724 4528 ὥστε
740 4473 804 4536 (om.
821 4466 898 4535 ἐστί)
915 4469 946 4525 Μ
997 4474 1029 4525 27
1047 4470 1258 4545 καταδεέστερα
1278 4475 1325 4532 UT

123 4553 201 4630 ἔχων
218 4553 293 4630 πρός
310 4556 339 4611 Μ
409 4561 442 4612 29
458 4561 570 4630 μικρῶν
587 4556 618 4611 Μ
635 4552 721 4630 μικρὸ
732 4575 779 4612 τιν
796 4555 860 4623 (fuit
875 4557 997 4629 μικρῶν)
1016 4553 1040 4612 U
1058 4559 1188 4627 σμικρῶν
1206 4557 1228 4611 Β
