3476 5264
331 379 393 438 296
686 381 694 392 ¹
773 377 898 436 DIONIS
916 375 1157 434 cfflmnfflus

334 549 452 639 ράπαν
474 549 565 617 πάνυ
579 550 679 635 μόλις
701 551 764 638 ἤδη
782 546 1025 638 φθεγγόμενος,
1047 553 1104 614 καί
1120 555 1209 636 ημᾶς
1224 547 1352 612 έκέλευε
1369 547 1485 632 λέγειν,
1510 553 1596 612 όταν

337 674 394 718 σοι
415 657 611 736 ἐντύχωμεν,
634 658 688 717 ότι
704 663 766 718 σού
785 660 996 740 μεμνημένος
1017 650 1181 715 ἐτελεύτα.
1218 652 1275 714 καί
1296 653 1358 736 γὰρ
1382 654 1420 713 τό
1440 656 1598 714 συνεῖναι

336 749 428 840 αὐτῷ
449 760 506 820 καί
528 753 751 840 διαλέγεσθαι
773 759 838 832 έως
858 755 1005 820 ὑστάτου
1028 759 1239 839 παρέμεινεν.
1278 744 1316 816 οὐ
1338 756 1404 839 μὴν
1427 748 1598 815 ἀλλὰκαὶ

335 855 400 936 ζῶν
424 861 511 922 οὕτω
536 856 678 921 διέκειτο
704 859 790 921 ὥστε
812 861 868 921 καί
889 858 931 943 τῇ
955 857 1070 942 σιωπῇ
1093 858 1149 919 καί
1169 853 1219 938 τῷ
1240 851 1428 936 βαδίσματι
1445 855 1598 929 καὶτοῖς

292 966 312 1026 5
337 957 455 1036 ἄλλοις
470 963 560 1024 πᾶσί
578 978 615 1024 σε
637 962 802 1041 ἐμιμεῖτο,
825 963 872 1036 ὡς
894 959 1007 1043 ἔλεγον
1031 961 1063 1022 οί
1086 955 1223 1034 είδότες.
1240 959 1339 1020 -Δ,
1359 956 1464 1020 Οδτυι
1486 965 1598 1020 ταῦτα
1621 971 1637 1020 ε

334 1066 490 1145 ἐμιμεῖτο
514 1065 641 1138 ἐκεῖνος
664 1063 739 1126 υδτε
760 1064 819 1143 ἐμὲ
838 1063 914 1126 ούτε
929 1060 1031 1126 ἄλλον
1048 1059 1177 1138 οὐδένα,
1201 1050 1278 1122 ἀλλ’
1304 1061 1412 1134 οὕτως
1434 1061 1597 1144 πεφύκει.

336 1165 503 1248 πρότερον
535 1159 571 1224 δέ
602 1159 686 1237 ἴσως
715 1164 800 1242 ὑμᾶς
828 1163 879 1225 έτι
909 1168 992 1238 παῖς
1014 1165 1061 1224 ὢν
1083 1158 1286 1224 ἐλάνθανεν·
1315 1162 1436 1224 ἔπειτα
1459 1163 1599 1246 προῖὼν

335 1261 554 1350 ἐκδηλότερος
585 1266 726 1347 ἐγένετο.
771 1261 860 1327 πολύ
887 1266 950 1348 γόρ
978 1261 1106 1344 μᾶλλον
1134 1265 1249 1347 ἐκείνῳ
1280 1265 1429 1346 ἔπρεπεν
1457 1265 1477 1348 ἢ
1501 1261 1599 1345 ἄλλῳ

336 1368 405 1431 τινί
426 1369 466 1429 τό
488 1387 525 1430 τε
541 1363 695 1447 ἀνδρεῖον
710 1369 767 1431 καί
788 1369 826 1430 τό
852 1369 971 1446 σεμνόν
993 1374 1055 1429 τοῦ
1070 1369 1248 1453 σχήματος.
1286 1363 1372 1429 ἀλλὰ
1390 1368 1436 1451 μη
1451 1387 1488 1429 τι
1510 1367 1602 1447 ὑμᾶς

332 1466 455 1533 ἐλύπει
476 1471 611 1544 τούτοις
632 1470 652 1554 ἢ
678 1471 963 1554 σκυθρωπότερος
984 1471 1064 1550 ύμῖν
1084 1470 1245 1555 ἐφαίνετο
1252 1491 1264 1546 ,·
1293 1501 1336 1512 -
1360 1472 1397 1531 T.
1417 1459 1509 1548 Ἐμοί
1531 1469 1599 1548 μὲν
1622 1480 1653 1532 1⁰

334 1571 401 1654 γὰρ
431 1567 542 1633 έδόκει
570 1572 767 1634 τούναντίον
796 1567 932 1634 πολλῶν
962 1568 1166 1656 ἱλαρώτερος
1193 1572 1250 1633 καί
1280 1573 1368 1656 πρός
1393 1573 1432 1632 τό
1460 1565 1603 1646 παίζειν

336 1674 484 1751 ἕτοιμος,
507 1674 587 1735 όσαι
609 1669 802 1757 ἐλευθέριοι
825 1671 974 1752 παιδιαί,
997 1675 1054 1737 καί
1075 1674 1130 1737 ἀεί
1150 1693 1226 1749 πως
1248 1670 1384 1754 μειδιᾶν
1407 1674 1495 1757 πρός
1518 1675 1604 1748 τούς

341 1774 512 1859 συνήθεις.
562 1771 709 1857 γελῶντα
739 1771 775 1837 δέ
805 1776 906 1838 αὐτόν
934 1773 1055 1861 ἀνέδην
1084 1777 1122 1838 οδ
1152 1772 1317 1851 πολλάκις
1345 1772 1445 1838 εἶδον.
1499 1772 1604 1837 οὐδὲν

335 1871 434 1960 (οὖν)
454 1881 539 1959 ημᾶς
562 1873 690 1940 έλόπει.
727 1877 784 1940 καί
797 1878 861 1962 γὰρ
877 1875 915 1964 δη
932 1881 988 1941 καί
1010 1879 1169 1962 ἐπῃνεῖτο
1191 1879 1258 1940 ὑπό
1283 1874 1420 1940 πολλῶν
1434 1878 1492 1940 καί
1511 1873 1604 1957 μᾶλ-

338 1976 396 2042 λον
426 1981 552 2042 ἐκεῖνον
574 1970 758 2064 ᾐσχύνοντο
783 1981 816 2042 οί
838 1977 980 2044 πολῖται
1008 1978 1068 2043 δύο
1090 1982 1148 2043 καί
1168 1979 1296 2044 εἴκοσιν
1319 1983 1404 2043 έτῶν
1426 1981 1506 2042 όντα
1528 1980 1602 2056 (το-
1627 1993 1658 2044 15

343 2084 473 2144 τούτων
494 2083 557 2167 γὰρ
580 2079 805 2168 ἐτελεύτησεν)
826 2085 847 2169 ἢ
869 2086 949 2158 τούς
964 2083 1213 2167 πρεσβυτέρους
1234 2103 1271 2145 τε
1293 2085 1351 2146 καί
1372 2079 1539 2159 ένδόξους.
1555 2115 1605 2128 -

295 2188 315 2251 6
342 2175 490 2247 mix
514 2181 536 2268 δ
557 2205 591 2247 τι
613 2181 697 2247 ἄλλο
719 2187 798 2266 ὑμῖν
820 2182 1056 2271 έπέστειλενῆ
1087 2181 1245 2269 διελέχθη
1275 2181 1456 2260 τελευτῶν,·
1483 2217 1527 2228 -
1560 2188 1603 2248 Τ.
1615 2198 1714 2250 iwan

336 2283 460 2350 Πολλὰ
482 2288 539 2350 καί
561 2284 733 2367 δαιμόνια,
757 2289 803 2362 ὥς
823 2306 861 2369 γε
883 2288 960 2368 έμοί
981 2284 1077 2350 δοκεῖ
1088 2289 1194 2371 πατρί
1209 2289 1298 2350 όντι·
1320 2288 1358 2362 ός
1379 2306 1416 2368 γε
1438 2288 1473 2348 έν
1488 2289 1603 2370 τούτῳ

339 2397 399 2475 τῆς
427 2386 559 2473 ηλικίας
588 2391 624 2451 έκ
653 2397 715 2451 τοῦ
741 2389 818 2470 βίου
840 2389 1093 2469 μεθιστάμενος
1121 2389 1179 2469 ούχ
1200 2392 1296 2464 ὅπως
1318 2385 1515 2474 ὠλοφύρετο
1540 2391 1698 2452 ati-mir

340 2493 399 2553 τόν
420 2492 441 2575 ἢ
466 2487 663 2572 λυπουμένῳ
688 2486 795 2572 έηίκει,
818 2486 903 2552 ἀλλὰ
926 2491 1121 2554 τούναντίον
1141 2495 1231 2577 ημᾶς
1253 2492 1498 2576 παρεμυθεῖτο.
1543 2494 1606 2556 καί
1628 2501 1660 2553 2)

338 2594 380 2654 τό
409 2612 446 2674 γε
473 2588 649 2655 τελευταῖα
677 2593 737 2655 τόν
765 2590 875 2655 παῖδα
903 2589 1048 2668 καλέσας
1076 2591 1205 2658 ἐκέλευε
1230 2597 1385 2680 γράφειν,
1409 2595 1525 2678 ὥσπερ
1549 2595 1605 2656 έν-

340 2694 506 2771 θουσιῶν,
523 2689 736 2780 παράκλησίν
752 2716 827 2758 τινα
843 2699 934 2781 ημῖν,
957 2696 1044 2758 ὥστε
1059 2698 1223 2760 ὑπενόουν
1240 2698 1304 2779 έγὼ
1320 2698 1365 2782 μη
1382 2698 1447 2781 ἄρα
1464 2692 1605 2782 ἐξεστη-

341 2797 409 2872 κὼς
430 2793 494 2882 ἤδη
511 2792 569 2858 διδ
585 2797 644 2859 τόν
659 2797 813 2860 θάνατον
827 2805 933 2860 ταῦτα
949 2803 1062 2860 ποιοῖ·
1087 2795 1175 2884 πλην
1197 2802 1251 2862 ότι
1274 2801 1308 2861 oi
1330 2802 1497 2882 παρόντες
1510 2799 1604 2861 θου-

300 2903 318 2966 7
343 2903 482 2978 μαστῶς
497 2895 655 2983 ἐπῄνουν.
678 2931 719 2944 -
742 2901 783 2962 Δ.
793 2891 900 2980 Ἔχεις
922 2899 981 2962 οδν
1003 2900 1043 2962 τό
1066 2907 1275 2987 γεγραμμένα
1283 2923 1295 2977 ,·
1317 2933 1359 2946 -·
1384 2905 1420 2965 T.
1436 2903 1520 2977 Πῶς
1537 2903 1604 2986 γόρ

341 3001 399 3078 ού,·
419 3033 462 3046 -
482 3003 524 3064 Δ.
550 2998 670 3076 Θέλεις
692 3002 750 3064 σόν
773 3003 902 3080 είπεῖν,·
923 3037 966 3049 -
991 3006 1028 3065 Τ.
1048 2994 1141 3065 Ἀλλ’
1168 3005 1371 3084 αἰσχύνομαι
1391 3006 1436 3090 μη
1461 3005 1520 3066 οὐκ
1544 3006 1602 3088 όρ-
1624 3015 1654 3065 ιε

341 3104 418 3179 θῶς
439 3105 513 3188 ἔχη,
542 3106 590 3179 ὡς
619 3104 687 3166 ύπό
717 3111 880 3191 νεωτέρου
909 3125 945 3168 τε
973 3107 1031 3169 καί
1058 3108 1094 3169 έν
1121 3109 1264 3189 τοιούτῳ
1293 3103 1400 3190 καιρῷ
1430 3107 1602 3190 εἰρημένα.

341 3207 398 3267 καί
425 3207 487 3290 γὰρ
510 3207 638 3280 ἐκεῖνος
660 3202 769 3270 ἐδόκει
791 3227 853 3287 μοι
873 3204 1000 3290 μᾶλλον
1022 3210 1097 3284 ἑνός
1121 3217 1183 3272 σοῦ
1204 3211 1375 3292 παρόντος
1396 3208 1438 3269 ἂν
1461 3203 1604 3292 εὐλαβη-

345 3307 454 3392 θῆναί
474 3327 509 3370 τι
530 3309 641 3371 είπεῖν
663 3307 683 3394 ἢ
702 3315 770 3372 τῶν
792 3307 903 3373 ἄλλων
925 3312 1096 3374 ἁπάντων.
1120 3344 1162 3355 -
1184 3311 1225 3374 Δ.
1246 3309 1295 3373 Oti
1310 3311 1398 3394 πρός
1420 3302 1604 3393 ἀλλότριον

344 3409 580 3496 όναγνώση,ὦ
609 3407 781 3493 βέλτιστε,
809 3415 865 3475 καί
895 3415 964 3493 ἅμα
993 3414 1032 3475 ού
1059 3415 1119 3499 τὴν
1142 3414 1319 3497 ἑρμηνείαν
1347 3413 1452 3474 ποθῶ
1474 3419 1604 3493 γνῶναι

344 3520 506 3576 τοσούτου
535 3516 615 3577 όσον
644 3518 705 3601 την
734 3512 890 3578 διάνοιαν
913 3505 976 3602 ἀφ’
1002 3516 1043 3603 ἦς
1064 3512 1190 3598 ἔλεγεν,
1223 3515 1255 3577 εί
1277 3512 1324 3597 τῷ
1348 3515 1419 3576 όντι
1442 3514 1605 3593 εὐθύμως
1627 3525 1658 3575 εο

300 3613 319 3677 8
340 3617 399 3678 καί
418 3616 559 3702 θαρρῶν
582 3619 808 3703 ἀπέθνησκεν.
831 3651 874 3662 -
899 3622 935 3680 T.
948 3608 1040 3680 Ἀλλ’
1059 3619 1133 3680 έστι
1154 3624 1277 3680 ταῦτα·
1346 3608 1414 3678 ’Τό
1435 3617 1496 3697 μέν
1512 3608 1599 3679 καθ’

430 3786 442 3834 ι
462 3779 609 3840 ἐκέλευσεν
626 3784 689 3847 (om.
708 3781 810 3854 λέγειν)
827 3780 856 3834 Μ
942 3784 1030 3839 ιυοῦ
1047 3780 1151 3851 scripsi.
1170 3781 1420 3852 oovEmp.D1nd.
1512 3787 1526 3838 ³
1546 3779 1605 3851 ἕως

344 3882 396 3923 om.
409 3867 440 3922 Μ
520 3871 536 3921 4
554 3871 590 3938 τῇ
608 3870 702 3938 σιωπῇ
708 3887 715 3922 ι
733 3869 876 3936 poteratne
888 3871 1021 3920 oratorem
1039 3865 1287 3937 eloquentissimum
1298 3867 1413 3923 tacendo
1430 3867 1548 3924 imitari?
1565 3884 1605 3924 an

344 3951 468 4008 δίνεειεε
479 3953 589 4007 emant
605 3950 715 4006 tacendi
726 3949 865 4006 rationes?
882 3949 1069 4006 scribendum:
1087 3955 1122 4023 τῇ
1139 3955 1223 4024 φανῇ
1300 3959 1315 4007 ό
1333 3971 1366 4025 γε
1383 3969 1434 4023 pro
1451 3973 1484 4012 σε
1502 3953 1533 4009 Μ

346 4025 427 4093 οὗτοι
444 4034 475 4090 Μ
559 4025 680 4102 ύυῦτος
697 4035 727 4090 Μ
815 4040 846 4090 13
864 4027 983 4108 ἅναίόην
1000 4035 1048 4092 UB
1134 4034 1197 4094 λόον
1214 4036 1244 4090 Μ
1332 4041 1363 4092 14
1381 4028 1504 4097 vivom.
1522 4036 1604 4094 ΠΒΜ

344 4137 380 4176 m.
392 4137 434 4191 pr.
489 4125 519 4176 13
531 4121 728 4195 πρεσβυτέρας
739 4141 771 4179 τε
783 4121 808 4178 U
863 4127 893 4176 17
912 4112 930 4193 ἦ
941 4141 968 4180 τι
979 4120 1117 4187 Βείιίιῖυε,
1135 4117 1166 4178 εἴ
1178 4141 1204 4178 τι
1216 4121 1294 4191 libri3
1311 4115 1352 4180 ἔτι
1365 4143 1391 4179 τι
1402 4122 1549 4180 διευδιίιιι

343 4197 435 4264 α’λλον
451 4205 482 4264 Μ
552 4210 582 4263 18
601 4210 755 4277 δαιμονίως
770 4206 801 4262 Μ
876 4196 916 4274 δίς
932 4227 965 4280 γε
983 4207 1100 4272 selden„
1117 4196 1193 4265 διὀτε
1210 4208 1273 4264 libri
1340 4203 1468 4280 πάτριόν
1484 4229 1512 4266 τι
1529 4207 1605 4275 iibri,

344 4307 414 4348 corr.
433 4291 529 4348 Selden
616 4297 647 4348 19
666 4285 840 4365 ω’λοφύρατο
864 4291 938 4359 libri,
963 4292 1108 4350 oomwil.
1194 4290 1329 4352 ούτὸνίλ
1416 4297 1449 4349 23
1465 4291 1606 4352 κέλευσον

346 4376 436 4435 εἰπεῖν
452 4376 523 4444 iibri,
541 4377 692 4433 emendavit
708 4377 789 4446 Emp.
807 4370 880 4434 ἀλλὰ
897 4376 947 4433 UB
1016 4381 1049 4432 26
1067 4397 1099 4435 τε
1117 4377 1207 4434 οιαὶ]
1277 4383 1308 4433 27
1328 4371 1363 4436 ού
1379 4393 1430 4447 pro
1449 4381 1503 4436 σοῦ
1520 4379 1551 4434 Μ

347 4464 380 4515 33
400 4453 560 4533 ἀναγνώσει
577 4462 608 4516 Μ
715 4467 746 4517 31
772 4457 808 4520 τὰ
827 4463 880 4533 μὲν
896 4491 930 4504 -
947 4459 1103 4534 γιγνόμενα
1121 4480 1148 4534 p.
1165 4466 1225 4529 333,
1243 4469 1258 4518 5
1281 4464 1408 4532 leguntur
1431 4463 1508 4519 Stob.
1526 4463 1603 4522 Flor.

345 4543 508 4600 cxx111³³
525 4546 604 4601 valde
621 4553 752 4617 corrupta
