<?xml version="1.0" encoding="UTF-8"?>
<!DOCTYPE html PUBLIC "-//W3C//DTD XHTML 1.0 Transitional//EN"
    "http://www.w3.org/TR/xhtml1/DTD/xhtml1-transitional.dtd">
<html xmlns="http://www.w3.org/1999/xhtml" xml:lang="en" lang="en">
 <head>
  <title>
</title>
<meta http-equiv="Content-Type" content="text/html;charset=utf-8" />
  <meta name='ocr-system' content='tesseract 3.04.00' />
  <meta name='ocr-capabilities' content='ocr_page ocr_carea ocr_par ocr_line ocrx_word'/>
</head>
<body>
  <div class='ocr_page' id='page_1' title='image "./quaeexstantomni01diogoog_0111.png"; bbox 0 0 3466 5268; ppageno 0'>
   <div class='ocr_carea' id='block_1_1' title="bbox 354 403 1377 469">
    <p class='ocr_par' dir='ltr' id='par_1_1' title="bbox 354 403 1377 469">
     <span class='ocr_line' id='line_1_1' title="bbox 354 403 1377 469; baseline 0.005 -5"><span class='ocrx_word' id='word_1_1' title='bbox 354 403 394 464; x_wconf 80' lang='grc'><strong><em>52</em></strong></span> <span class='ocrx_word' id='word_1_2' title='bbox 580 406 705 464; x_wconf 70' lang='lat' dir='ltr'><strong>motus</strong></span> <span class='ocrx_word' id='word_1_3' title='bbox 723 406 774 462; x_wconf 76' lang='lat' dir='ltr'><strong><em>DE</em></strong></span> <span class='ocrx_word' id='word_1_4' title='bbox 792 405 1005 464; x_wconf 72' lang='lat' dir='ltr'>coNcossnlA</span> <span class='ocrx_word' id='word_1_5' title='bbox 1023 407 1100 464; x_wconf 71' lang='lat' dir='ltr'><strong><em>CUM</em></strong></span> <span class='ocrx_word' id='word_1_6' title='bbox 1117 409 1377 469; x_wconf 74' lang='lat' dir='ltr'>APAMENSIBVS</span> 
     </span>
    </p>
   </div>
   <div class='ocr_carea' id='block_1_2' title="bbox 293 581 1725 3746">
    <p class='ocr_par' dir='ltr' id='par_1_2' title="bbox 293 581 1725 3746">
     <span class='ocr_line' id='line_1_2' title="bbox 352 581 1611 673; baseline 0.008 -30"><span class='ocrx_word' id='word_1_7' title='bbox 352 597 452 667; x_wconf 87' lang='grc' dir='ltr'><strong><em>πησε,</em></strong></span> <span class='ocrx_word' id='word_1_8' title='bbox 473 583 530 644; x_wconf 86' lang='grc' dir='ltr'><strong><em>καί</em></strong></span> <span class='ocrx_word' id='word_1_9' title='bbox 552 587 690 665; x_wconf 83' lang='grc' dir='ltr'><strong><em>πρᾶγμα</em></strong></span> <span class='ocrx_word' id='word_1_10' title='bbox 715 582 894 645; x_wconf 73' lang='grc' dir='ltr'><strong><em>συνθεῖναι</em></strong></span> <span class='ocrx_word' id='word_1_11' title='bbox 915 585 954 645; x_wconf 89' lang='grc' dir='ltr'><strong><em>τό</em></strong></span> <span class='ocrx_word' id='word_1_12' title='bbox 976 581 1122 667; x_wconf 80' lang='grc' dir='ltr'><strong><em>βλάψον.</em></strong></span> <span class='ocrx_word' id='word_1_13' title='bbox 1169 584 1246 649; x_wconf 88' lang='grc' dir='ltr'><strong><em>ούδέ</em></strong></span> <span class='ocrx_word' id='word_1_14' title='bbox 1269 588 1331 672; x_wconf 83' lang='grc' dir='ltr'><strong><em>γὰρ</em></strong></span> <span class='ocrx_word' id='word_1_15' title='bbox 1355 592 1486 673; x_wconf 92' lang='grc' dir='ltr'><strong><em>νόσημα</em></strong></span> <span class='ocrx_word' id='word_1_16' title='bbox 1510 585 1611 654; x_wconf 82' lang='grc' dir='ltr'><strong><em>οὐδέν</em></strong></span> 
     </span>
     <span class='ocr_line' id='line_1_3' title="bbox 351 683 1610 776; baseline 0.005 -28"><span class='ocrx_word' id='word_1_17' title='bbox 351 685 459 759; x_wconf 90' lang='grc' dir='ltr'><strong><em>ούτως</em></strong></span> <span class='ocrx_word' id='word_1_18' title='bbox 481 683 692 769; x_wconf 86' lang='grc' dir='ltr'><strong><em>ἀναίσθητον</em></strong></span> <span class='ocrx_word' id='word_1_19' title='bbox 714 689 788 760; x_wconf 90' lang='grc' dir='ltr'><strong><em>τοῖς</em></strong></span> <span class='ocrx_word' id='word_1_20' title='bbox 810 684 944 765; x_wconf 90' lang='grc' dir='ltr'><strong><em>ἐχουσιν</em></strong></span> <span class='ocrx_word' id='word_1_21' title='bbox 967 687 1014 763; x_wconf 83' lang='grc' dir='ltr'><strong><em>ὡς</em></strong></span> <span class='ocrx_word' id='word_1_22' title='bbox 1035 685 1208 773; x_wconf 90' lang='grc' dir='ltr'><strong><em>μηδέποτε</em></strong></span> <span class='ocrx_word' id='word_1_23' title='bbox 1230 687 1366 773; x_wconf 67' lang='grc' dir='ltr'><strong><em>βλάψαι</em></strong></span> <span class='ocrx_word' id='word_1_24' title='bbox 1387 688 1472 776; x_wconf 84' lang='grc' dir='ltr'><strong><em>μηδέ</em></strong></span> <span class='ocrx_word' id='word_1_25' title='bbox 1500 693 1610 771; x_wconf 88' lang='grc' dir='ltr'><strong><em>ἐμπο-</em></strong></span> 
     </span>
     <span class='ocr_line' id='line_1_4' title="bbox 351 784 1610 878; baseline 0.003 -26"><span class='ocrx_word' id='word_1_26' title='bbox 351 785 419 852; x_wconf 83' lang='grc' dir='ltr'><strong><em>δὼν</em></strong></span> <span class='ocrx_word' id='word_1_27' title='bbox 440 787 603 870; x_wconf 79' lang='grc' dir='ltr'><strong><em>γενέσθαι</em></strong></span> <span class='ocrx_word' id='word_1_28' title='bbox 624 784 790 872; x_wconf 76' lang='grc' dir='ltr'><em>μηδεμιᾶς</em></span> <span class='ocrx_word' id='word_1_29' title='bbox 812 785 986 872; x_wconf 81' lang='grc' dir='ltr'><strong><em>πράξεως,</em></strong></span> <span class='ocrx_word' id='word_1_30' title='bbox 1017 787 1102 852; x_wconf 86' lang='grc' dir='ltr'><strong><em>ἀλλά</em></strong></span> <span class='ocrx_word' id='word_1_31' title='bbox 1124 793 1186 854; x_wconf 86' lang='grc' dir='ltr'><strong><em>κάν</em></strong></span> <span class='ocrx_word' id='word_1_32' title='bbox 1215 793 1411 878; x_wconf 75' lang='grc' dir='ltr'><strong><em>ἐγρηγορότι</em></strong></span> <span class='ocrx_word' id='word_1_33' title='bbox 1432 794 1490 855; x_wconf 86' lang='grc' dir='ltr'><strong><em>καί</em></strong></span> <span class='ocrx_word' id='word_1_34' title='bbox 1510 791 1610 875; x_wconf 91' lang='grc' dir='ltr'><strong><em>βαδί-</em></strong></span> 
     </span>
     <span class='ocr_line' id='line_1_5' title="bbox 352 885 1611 982; baseline 0.005 -30"><span class='ocrx_word' id='word_1_35' title='bbox 352 885 442 968; x_wconf 87' lang='grc' dir='ltr'><strong><em>ζοντι</em></strong></span> <span class='ocrx_word' id='word_1_36' title='bbox 463 892 508 976; x_wconf 91' lang='grc' dir='ltr'><strong><em>μὴ</em></strong></span> <span class='ocrx_word' id='word_1_37' title='bbox 527 887 662 976; x_wconf 91' lang='grc' dir='ltr'><strong><em>σφόδρα</em></strong></span> <span class='ocrx_word' id='word_1_38' title='bbox 678 887 796 976; x_wconf 80' lang='grc' dir='ltr'><strong><em>ένοχλῆ</em></strong></span> <span class='ocrx_word' id='word_1_39' title='bbox 818 893 878 976; x_wconf 87' lang='grc' dir='ltr'><strong><em>τὴν</em></strong></span> <span class='ocrx_word' id='word_1_40' title='bbox 902 893 997 972; x_wconf 89' lang='grc' dir='ltr'><strong><em>ίσχύν</em></strong></span> <span class='ocrx_word' id='word_1_41' title='bbox 1020 901 1082 956; x_wconf 90' lang='grc' dir='ltr'><strong><em>τοῦ</em></strong></span> <span class='ocrx_word' id='word_1_42' title='bbox 1104 896 1271 975; x_wconf 84' lang='grc' dir='ltr'><strong><em>σώματος,</em></strong></span> <span class='ocrx_word' id='word_1_43' title='bbox 1296 895 1345 972; x_wconf 85' lang='grc' dir='ltr'><strong><em>είς</em></strong></span> <span class='ocrx_word' id='word_1_44' title='bbox 1359 917 1395 979; x_wconf 91' lang='grc' dir='ltr'><strong><em>γε</em></strong></span> <span class='ocrx_word' id='word_1_45' title='bbox 1410 897 1470 982; x_wconf 87' lang='grc' dir='ltr'><strong><em>τὴν</em></strong></span> <span class='ocrx_word' id='word_1_46' title='bbox 1491 896 1611 981; x_wconf 84' lang='grc' dir='ltr'><strong><em>κοίτην</em></strong></span> 
     </span>
     <span class='ocr_line' id='line_1_6' title="bbox 298 989 1645 1080; baseline 0.001 -22"><span class='ocrx_word' id='word_1_47' title='bbox 298 995 526 1079; x_wconf 70' lang='grc' dir='ltr'><strong><em>λλάπὴνιησε</em></strong></span> <span class='ocrx_word' id='word_1_48' title='bbox 557 993 614 1054; x_wconf 89' lang='grc' dir='ltr'><strong><em>καί</em></strong></span> <span class='ocrx_word' id='word_1_49' title='bbox 642 989 775 1075; x_wconf 77' lang='grc' dir='ltr'><strong><em>διασπᾷ</em></strong></span> <span class='ocrx_word' id='word_1_50' title='bbox 801 994 858 1055; x_wconf 86' lang='grc' dir='ltr'><strong><em>καί</em></strong></span> <span class='ocrx_word' id='word_1_51' title='bbox 884 990 1086 1080; x_wconf 73' lang='grc' dir='ltr'><strong><em>διαφθείρει</em></strong></span> <span class='ocrx_word' id='word_1_52' title='bbox 1113 997 1171 1058; x_wconf 87' lang='grc' dir='ltr'><strong><em>τὸν</em></strong></span> <span class='ocrx_word' id='word_1_53' title='bbox 1199 999 1316 1061; x_wconf 87' lang='grc' dir='ltr'><strong><em>ύπυον.</em></strong></span> <span class='ocrx_word' id='word_1_54' title='bbox 1365 999 1473 1075; x_wconf 89' lang='grc' dir='ltr'><strong><em>ούτως</em></strong></span> <span class='ocrx_word' id='word_1_55' title='bbox 1501 998 1645 1080; x_wconf 67' lang='grc' dir='ltr'><strong><em>ίγωγές</em></strong></span> 
     </span>
     <span class='ocr_line' id='line_1_7' title="bbox 351 1090 1725 1186; baseline 0.003 -27"><span class='ocrx_word' id='word_1_56' title='bbox 351 1117 440 1182; x_wconf 90' lang='grc' dir='ltr'><strong><em>φημι</em></strong></span> <span class='ocrx_word' id='word_1_57' title='bbox 461 1093 634 1180; x_wconf 89' lang='grc' dir='ltr'><strong><em>μηδέποτε</em></strong></span> <span class='ocrx_word' id='word_1_58' title='bbox 657 1090 842 1158; x_wconf 79' lang='grc' dir='ltr'><strong><em>λυσιτελεῖν</em></strong></span> <span class='ocrx_word' id='word_1_59' title='bbox 865 1095 1132 1175; x_wconf 84' lang='grc' dir='ltr'><strong><em>ἀπεχθάνεσθαι</em></strong></span> <span class='ocrx_word' id='word_1_60' title='bbox 1157 1100 1214 1161; x_wconf 86' lang='grc' dir='ltr'><strong><em>καί</em></strong></span> <span class='ocrx_word' id='word_1_61' title='bbox 1242 1097 1429 1186; x_wconf 78' lang='grc' dir='ltr'><strong><em>φιλονικεῖν</em></strong></span> <span class='ocrx_word' id='word_1_62' title='bbox 1456 1097 1542 1186; x_wconf 74' lang='grc' dir='ltr'><strong><em>μηδὲ</em></strong></span> <span class='ocrx_word' id='word_1_63' title='bbox 1565 1107 1609 1186; x_wconf 79' lang='grc' dir='ltr'><strong><em>τῇ</em></strong></span> <span class='ocrx_word' id='word_1_64' title='bbox 1623 1131 1725 1184; x_wconf 67' lang='lat' dir='ltr'><strong>(monn</strong></span> 
     </span>
     <span class='ocr_line' id='line_1_8' title="bbox 348 1193 1608 1289; baseline 0.001 -27"><span class='ocrx_word' id='word_1_65' title='bbox 348 1199 488 1283; x_wconf 81' lang='grc' dir='ltr'><strong><em>μεγίστη</em></strong></span> <span class='ocrx_word' id='word_1_66' title='bbox 519 1193 619 1260; x_wconf 89' lang='grc' dir='ltr'><strong><em>πόλει</em></strong></span> <span class='ocrx_word' id='word_1_67' title='bbox 653 1199 739 1282; x_wconf 88' lang='grc' dir='ltr'><strong><em>πρός</em></strong></span> <span class='ocrx_word' id='word_1_68' title='bbox 767 1199 826 1284; x_wconf 87' lang='grc' dir='ltr'><strong><em>τὴν</em></strong></span> <span class='ocrx_word' id='word_1_69' title='bbox 855 1198 1065 1285; x_wconf 77' lang='grc' dir='ltr'><strong><em>βραχυτάτην</em></strong></span> <span class='ocrx_word' id='word_1_70' title='bbox 1094 1203 1225 1287; x_wconf 82' lang='grc' dir='ltr'><strong><em>κώμην·</em></strong></span> <span class='ocrx_word' id='word_1_71' title='bbox 1260 1206 1341 1266; x_wconf 91' lang='grc' dir='ltr'><strong><em>όταν</em></strong></span> <span class='ocrx_word' id='word_1_72' title='bbox 1378 1201 1414 1266; x_wconf 83' lang='grc' dir='ltr'><strong><em>δὲ</em></strong></span> <span class='ocrx_word' id='word_1_73' title='bbox 1443 1201 1482 1289; x_wconf 91' lang='grc' dir='ltr'><strong><em>δὴ</em></strong></span> <span class='ocrx_word' id='word_1_74' title='bbox 1519 1204 1608 1286; x_wconf 87' lang='grc' dir='ltr'><strong><em>πρὸς</em></strong></span> 
     </span>
     <span class='ocr_line' id='line_1_9' title="bbox 350 1281 1608 1387; baseline 0.002 -23"><span class='ocrx_word' id='word_1_75' title='bbox 350 1302 559 1386; x_wconf 84' lang='grc' dir='ltr'><strong><em>ἀνθρώπους</em></strong></span> <span class='ocrx_word' id='word_1_76' title='bbox 573 1281 595 1386; x_wconf 77' lang='grc' dir='ltr'><em>ᾖ</em></span> <span class='ocrx_word' id='word_1_77' title='bbox 612 1297 714 1362; x_wconf 92' lang='grc' dir='ltr'><strong><em>πόλιν</em></strong></span> <span class='ocrx_word' id='word_1_78' title='bbox 731 1301 905 1377; x_wconf 87' lang='grc' dir='ltr'><strong><em>οίκοῦντας</em></strong></span> <span class='ocrx_word' id='word_1_79' title='bbox 919 1296 996 1384; x_wconf 91' lang='grc' dir='ltr'><strong><em>&lt;ού&gt;</em></strong></span> <span class='ocrx_word' id='word_1_80' title='bbox 1012 1305 1155 1387; x_wconf 87' lang='grc' dir='ltr'><strong><em>σμικρὰν</em></strong></span> <span class='ocrx_word' id='word_1_81' title='bbox 1169 1306 1226 1367; x_wconf 95' lang='grc' dir='ltr'><strong><em>καί</em></strong></span> <span class='ocrx_word' id='word_1_82' title='bbox 1241 1302 1419 1368; x_wconf 77' lang='grc' dir='ltr'><strong><em>πολιτείαν</em></strong></span> <span class='ocrx_word' id='word_1_83' title='bbox 1434 1301 1608 1386; x_wconf 87' lang='grc' dir='ltr'><strong><em>ἐξαίρετον</em></strong></span> 
     </span>
     <span class='ocr_line' id='line_1_10' title="bbox 350 1403 1609 1492; baseline 0.002 -26"><span class='ocrx_word' id='word_1_84' title='bbox 350 1406 488 1484; x_wconf 75' lang='grc' dir='ltr'><strong><em>ἔχοντας</em></strong></span> <span class='ocrx_word' id='word_1_85' title='bbox 509 1404 565 1466; x_wconf 86' lang='grc' dir='ltr'><strong><em>καί</em></strong></span> <span class='ocrx_word' id='word_1_86' title='bbox 586 1403 681 1486; x_wconf 89' lang='grc' dir='ltr'><strong><em>παρὰ</em></strong></span> <span class='ocrx_word' id='word_1_87' title='bbox 696 1407 770 1479; x_wconf 91' lang='grc' dir='ltr'><strong><em>τοῖς</em></strong></span> <span class='ocrx_word' id='word_1_88' title='bbox 783 1406 926 1487; x_wconf 90' lang='grc' dir='ltr'><strong><em>ἡγεμόσι</em></strong></span> <span class='ocrx_word' id='word_1_89' title='bbox 942 1408 1042 1491; x_wconf 82' lang='grc' dir='ltr'><strong><em>τιμὴν</em></strong></span> <span class='ocrx_word' id='word_1_90' title='bbox 1058 1426 1134 1468; x_wconf 89' lang='grc' dir='ltr'><strong><em>τινα</em></strong></span> <span class='ocrx_word' id='word_1_91' title='bbox 1150 1409 1206 1470; x_wconf 85' lang='grc' dir='ltr'><strong><em>καί</em></strong></span> <span class='ocrx_word' id='word_1_92' title='bbox 1222 1405 1374 1488; x_wconf 90' lang='grc' dir='ltr'><strong><em>δύναμιν,</em></strong></span> <span class='ocrx_word' id='word_1_93' title='bbox 1396 1409 1455 1470; x_wconf 84' lang='grc' dir='ltr'><strong><em>έάν</em></strong></span> <span class='ocrx_word' id='word_1_94' title='bbox 1472 1425 1609 1492; x_wconf 89' lang='grc' dir='ltr'><strong><em>σωφρο-</em></strong></span> 
     </span>
     <span class='ocr_line' id='line_1_11' title="bbox 350 1503 1658 1595; baseline -0.001 -24"><span class='ocrx_word' id='word_1_95' title='bbox 350 1515 434 1572; x_wconf 85' lang='grc' dir='ltr'><strong><em>νῶσι</em></strong></span> <span class='ocrx_word' id='word_1_96' title='bbox 456 1503 525 1586; x_wconf 88' lang='grc' dir='ltr'><strong><em>(δεῖ</em></strong></span> <span class='ocrx_word' id='word_1_97' title='bbox 542 1506 604 1589; x_wconf 86' lang='grc' dir='ltr'><strong><em>γδρ</em></strong></span> <span class='ocrx_word' id='word_1_98' title='bbox 627 1507 711 1585; x_wconf 78' lang='grc' dir='ltr'><strong><em>ὑμᾶς</em></strong></span> <span class='ocrx_word' id='word_1_99' title='bbox 733 1505 868 1569; x_wconf 81' lang='grc' dir='ltr'><strong><em>ἀκούειν</em></strong></span> <span class='ocrx_word' id='word_1_100' title='bbox 889 1503 1023 1592; x_wconf 89' lang='grc' dir='ltr'><strong><em>τάληθῆ</em></strong></span> <span class='ocrx_word' id='word_1_101' title='bbox 1045 1510 1102 1572; x_wconf 87' lang='grc' dir='ltr'><strong><em>καί</em></strong></span> <span class='ocrx_word' id='word_1_102' title='bbox 1129 1511 1174 1595; x_wconf 85' lang='grc' dir='ltr'><strong><em>μῆ</em></strong></span> <span class='ocrx_word' id='word_1_103' title='bbox 1201 1506 1361 1588; x_wconf 79' lang='grc' dir='ltr'><strong><em>χαλεπῶς</em></strong></span> <span class='ocrx_word' id='word_1_104' title='bbox 1384 1513 1516 1595; x_wconf 87' lang='grc' dir='ltr'><strong><em>φέρειν,</em></strong></span> <span class='ocrx_word' id='word_1_105' title='bbox 1545 1510 1605 1571; x_wconf 84' lang='grc' dir='ltr'><strong><em>ἐάν</em></strong></span> <span class='ocrx_word' id='word_1_106' title='bbox 1629 1517 1658 1570; x_wconf 84' lang='lat'><strong><em>1⁰</em></strong></span> 
     </span>
     <span class='ocr_line' id='line_1_12' title="bbox 349 1604 1608 1696; baseline -0.002 -22"><span class='ocrx_word' id='word_1_107' title='bbox 349 1631 402 1686; x_wconf 93' lang='grc' dir='ltr'><strong><em>τις</em></strong></span> <span class='ocrx_word' id='word_1_108' title='bbox 425 1613 560 1693; x_wconf 86' lang='grc' dir='ltr'><strong><em>ἐτέρους</em></strong></span> <span class='ocrx_word' id='word_1_109' title='bbox 584 1609 710 1692; x_wconf 75' lang='grc' dir='ltr'><strong><em>ἐπαινῇ</em></strong></span> <span class='ocrx_word' id='word_1_110' title='bbox 730 1604 935 1688; x_wconf 87' lang='grc' dir='ltr'><strong><em>βουλόμενος</em></strong></span> <span class='ocrx_word' id='word_1_111' title='bbox 955 1610 1040 1689; x_wconf 87' lang='grc' dir='ltr'><strong><em>ὑμεῖς</em></strong></span> <span class='ocrx_word' id='word_1_112' title='bbox 1061 1608 1217 1696; x_wconf 77' lang='grc' dir='ltr'><strong><em>ὠφελεῖν)</em></strong></span> <span class='ocrx_word' id='word_1_113' title='bbox 1239 1613 1278 1673; x_wconf 87' lang='grc' dir='ltr'><strong><em>τό</em></strong></span> <span class='ocrx_word' id='word_1_114' title='bbox 1301 1608 1337 1674; x_wconf 85' lang='grc' dir='ltr'><strong><em>δέ</em></strong></span> <span class='ocrx_word' id='word_1_115' title='bbox 1352 1617 1512 1694; x_wconf 88' lang='grc' dir='ltr'><strong><em>μέγιστον</em></strong></span> <span class='ocrx_word' id='word_1_116' title='bbox 1527 1612 1608 1691; x_wconf 90' lang='grc' dir='ltr'><strong><em>όμό-</em></strong></span> 
     </span>
     <span class='ocr_line' id='line_1_13' title="bbox 350 1705 1607 1800; baseline -0.002 -24"><span class='ocrx_word' id='word_1_117' title='bbox 350 1733 430 1796; x_wconf 88' lang='grc' dir='ltr'><strong><em>ρους</em></strong></span> <span class='ocrx_word' id='word_1_118' title='bbox 451 1713 507 1774; x_wconf 84' lang='grc' dir='ltr'><strong><em>καί</em></strong></span> <span class='ocrx_word' id='word_1_119' title='bbox 529 1709 768 1791; x_wconf 88' lang='grc' dir='ltr'><strong><em>ἀστυγείτονας</em></strong></span> <span class='ocrx_word' id='word_1_120' title='bbox 789 1711 846 1772; x_wconf 85' lang='grc' dir='ltr'><strong><em>καὶ</em></strong></span> <span class='ocrx_word' id='word_1_121' title='bbox 873 1711 977 1790; x_wconf 91' lang='grc' dir='ltr'><strong><em>μόνον</em></strong></span> <span class='ocrx_word' id='word_1_122' title='bbox 1009 1713 1082 1792; x_wconf 86' lang='grc' dir='ltr'><strong><em>ούχί</em></strong></span> <span class='ocrx_word' id='word_1_123' title='bbox 1108 1705 1195 1774; x_wconf 77' lang='grc' dir='ltr'><strong><em>καθ’</em></strong></span> <span class='ocrx_word' id='word_1_124' title='bbox 1226 1716 1368 1798; x_wconf 86' lang='grc' dir='ltr'><strong><em>έκάστην</em></strong></span> <span class='ocrx_word' id='word_1_125' title='bbox 1397 1715 1457 1800; x_wconf 87' lang='grc' dir='ltr'><strong><em>τὴν</em></strong></span> <span class='ocrx_word' id='word_1_126' title='bbox 1478 1717 1607 1798; x_wconf 89' lang='grc' dir='ltr'><strong><em>ἡμέραν</em></strong></span> 
     </span>
     <span class='ocr_line' id='line_1_14' title="bbox 349 1811 1607 1899; baseline -0.003 -21"><span class='ocrx_word' id='word_1_127' title='bbox 349 1817 428 1896; x_wconf 89' lang='grc' dir='ltr'><strong><em>ύμῖν</em></strong></span> <span class='ocrx_word' id='word_1_128' title='bbox 450 1816 745 1895; x_wconf 88' lang='grc' dir='ltr'><strong><em>ἐπιμιγνυμένους,</em></strong></span> <span class='ocrx_word' id='word_1_129' title='bbox 775 1819 875 1874; x_wconf 86' lang='grc' dir='ltr'><strong><em>τοῦτο</em></strong></span> <span class='ocrx_word' id='word_1_130' title='bbox 898 1815 959 1892; x_wconf 81' lang='grc' dir='ltr'><strong><em>μέν</em></strong></span> <span class='ocrx_word' id='word_1_131' title='bbox 981 1820 1055 1890; x_wconf 90' lang='grc' dir='ltr'><strong><em>τοῖς</em></strong></span> <span class='ocrx_word' id='word_1_132' title='bbox 1084 1811 1263 1892; x_wconf 89' lang='grc' dir='ltr'><strong><em>πλείστοις</em></strong></span> <span class='ocrx_word' id='word_1_133' title='bbox 1290 1816 1477 1899; x_wconf 77' lang='grc' dir='ltr'><strong><em>ἐπιγαμίας</em></strong></span> <span class='ocrx_word' id='word_1_134' title='bbox 1498 1816 1607 1898; x_wconf 85' lang='grc' dir='ltr'><strong><em>ὑπαρ-</em></strong></span> 
     </span>
     <span class='ocr_line' id='line_1_15' title="bbox 346 1911 1607 2002; baseline -0.002 -23"><span class='ocrx_word' id='word_1_135' title='bbox 346 1920 487 2002; x_wconf 85' lang='grc' dir='ltr'><strong><em>χούσης,</em></strong></span> <span class='ocrx_word' id='word_1_136' title='bbox 516 1923 615 1978; x_wconf 88' lang='grc' dir='ltr'><strong><em>τοῦτο</em></strong></span> <span class='ocrx_word' id='word_1_137' title='bbox 645 1911 681 1976; x_wconf 87' lang='grc' dir='ltr'><strong><em>δέ</em></strong></span> <span class='ocrx_word' id='word_1_138' title='bbox 711 1911 862 1977; x_wconf 83' lang='grc' dir='ltr'><strong><em>πολιτῶν</em></strong></span> <span class='ocrx_word' id='word_1_139' title='bbox 885 1935 1002 1993; x_wconf 85' lang='grc' dir='ltr'><strong><em>τινων,</em></strong></span> <span class='ocrx_word' id='word_1_140' title='bbox 1032 1918 1089 1979; x_wconf 86' lang='grc' dir='ltr'><strong><em>καί</em></strong></span> <span class='ocrx_word' id='word_1_141' title='bbox 1119 1916 1237 1997; x_wconf 86' lang='grc' dir='ltr'><strong><em>σχεδὸν</em></strong></span> <span class='ocrx_word' id='word_1_142' title='bbox 1266 1926 1334 1980; x_wconf 83' lang='grc' dir='ltr'><strong><em>τῶν</em></strong></span> <span class='ocrx_word' id='word_1_143' title='bbox 1363 1915 1607 1982; x_wconf 78' lang='grc' dir='ltr'><strong><em>δυνατωτάτων</em></strong></span> 
     </span>
     <span class='ocr_line' id='line_1_16' title="bbox 349 2006 1657 2106; baseline 0 -24"><span class='ocrx_word' id='word_1_144' title='bbox 349 2007 433 2104; x_wconf 79' lang='grc' dir='ltr'><strong><em>παρ’</em></strong></span> <span class='ocrx_word' id='word_1_145' title='bbox 458 2023 548 2105; x_wconf 87' lang='grc' dir='ltr'><strong><em>ἡμῖν,</em></strong></span> <span class='ocrx_word' id='word_1_146' title='bbox 570 2026 630 2104; x_wconf 90' lang='grc' dir='ltr'><strong><em>τῆς</em></strong></span> <span class='ocrx_word' id='word_1_147' title='bbox 646 2006 729 2101; x_wconf 80' lang='grc' dir='ltr'><strong><em>παρ’</em></strong></span> <span class='ocrx_word' id='word_1_148' title='bbox 755 2018 896 2093; x_wconf 84' lang='grc' dir='ltr'><strong><em>ἐκείνοις</em></strong></span> <span class='ocrx_word' id='word_1_149' title='bbox 918 2027 1018 2104; x_wconf 88' lang='grc' dir='ltr'><strong><em>τιμῆς</em></strong></span> <span class='ocrx_word' id='word_1_150' title='bbox 1032 2023 1275 2104; x_wconf 83' lang='grc' dir='ltr'><strong><em>τετυχηκότων·</em></strong></span> <span class='ocrx_word' id='word_1_151' title='bbox 1298 2027 1374 2096; x_wconf 82' lang='grc' dir='ltr'><strong><em>πῶς</em></strong></span> <span class='ocrx_word' id='word_1_152' title='bbox 1393 2021 1454 2106; x_wconf 88' lang='grc' dir='ltr'><strong><em>χρὴ</em></strong></span> <span class='ocrx_word' id='word_1_153' title='bbox 1478 2021 1604 2103; x_wconf 89' lang='grc' dir='ltr'><strong><em>ταύτην</em></strong></span> <span class='ocrx_word' id='word_1_154' title='bbox 1628 2031 1657 2082; x_wconf 75' lang='lat'><strong><em>1⁵</em></strong></span> 
     </span>
     <span class='ocr_line' id='line_1_17' title="bbox 296 2116 1606 2208; baseline -0.005 -20"><span class='ocrx_word' id='word_1_155' title='bbox 296 2125 337 2191; x_wconf 80' lang='lat'><strong><em>23</em></strong></span> <span class='ocrx_word' id='word_1_156' title='bbox 350 2119 481 2186; x_wconf 77' lang='grc' dir='ltr'><strong><em>ἄλυπον</em></strong></span> <span class='ocrx_word' id='word_1_157' title='bbox 502 2123 559 2184; x_wconf 88' lang='grc' dir='ltr'><strong><em>καί</em></strong></span> <span class='ocrx_word' id='word_1_158' title='bbox 581 2117 712 2206; x_wconf 87' lang='grc' dir='ltr'><strong><em>ἀβλαβῆ</em></strong></span> <span class='ocrx_word' id='word_1_159' title='bbox 727 2116 786 2206; x_wconf 79' lang='grc' dir='ltr'><strong><em>την</em></strong></span> <span class='ocrx_word' id='word_1_160' title='bbox 802 2122 929 2204; x_wconf 80' lang='grc' dir='ltr'><strong><em>ἔχθραν</em></strong></span> <span class='ocrx_word' id='word_1_161' title='bbox 945 2118 1219 2204; x_wconf 85' lang='grc' dir='ltr'><strong><em>ύπολαμβύνειν;</em></strong></span> <span class='ocrx_word' id='word_1_162' title='bbox 1239 2123 1296 2184; x_wconf 83' lang='grc' dir='ltr'><strong><em>καί</em></strong></span> <span class='ocrx_word' id='word_1_163' title='bbox 1316 2120 1435 2208; x_wconf 82' lang='grc' dir='ltr'><strong><em>μηδείς</em></strong></span> <span class='ocrx_word' id='word_1_164' title='bbox 1449 2118 1606 2205; x_wconf 78' lang='grc' dir='ltr'><strong><em>ὑπολάβῃ</em></strong></span> 
     </span>
     <span class='ocr_line' id='line_1_18' title="bbox 347 2219 1607 2309; baseline 0 -23"><span class='ocrx_word' id='word_1_165' title='bbox 347 2246 389 2307; x_wconf 89' lang='grc' dir='ltr'><strong><em>με</em></strong></span> <span class='ocrx_word' id='word_1_166' title='bbox 413 2223 518 2307; x_wconf 80' lang='grc' dir='ltr'><strong><em>λέγειν</em></strong></span> <span class='ocrx_word' id='word_1_167' title='bbox 542 2225 590 2299; x_wconf 84' lang='grc' dir='ltr'><strong><em>ὡς</em></strong></span> <span class='ocrx_word' id='word_1_168' title='bbox 611 2223 677 2309; x_wconf 84' lang='grc' dir='ltr'><strong><em>ἀρα</em></strong></span> <span class='ocrx_word' id='word_1_169' title='bbox 697 2224 759 2308; x_wconf 89' lang='grc' dir='ltr'><strong><em>χρῆ</em></strong></span> <span class='ocrx_word' id='word_1_170' title='bbox 784 2219 907 2298; x_wconf 85' lang='grc' dir='ltr'><strong><em>τελέως</em></strong></span> <span class='ocrx_word' id='word_1_171' title='bbox 928 2225 1118 2286; x_wconf 80' lang='grc' dir='ltr'><strong><em>ὑποπεσεῖν</em></strong></span> <span class='ocrx_word' id='word_1_172' title='bbox 1140 2227 1197 2288; x_wconf 81' lang='grc' dir='ltr'><strong><em>καί</em></strong></span> <span class='ocrx_word' id='word_1_173' title='bbox 1211 2222 1316 2308; x_wconf 78' lang='grc' dir='ltr'><strong><em>μηδὲν</em></strong></span> <span class='ocrx_word' id='word_1_174' title='bbox 1332 2225 1467 2288; x_wconf 80' lang='grc' dir='ltr'><strong><em>ἐκείνων</em></strong></span> <span class='ocrx_word' id='word_1_175' title='bbox 1483 2243 1607 2307; x_wconf 88' lang='grc' dir='ltr'><strong><em>προαι-</em></strong></span> 
     </span>
     <span class='ocr_line' id='line_1_19' title="bbox 348 2321 1605 2413; baseline -0.002 -23"><span class='ocrx_word' id='word_1_176' title='bbox 348 2332 519 2413; x_wconf 87' lang='grc' dir='ltr'><strong><em>ρουμένων</em></strong></span> <span class='ocrx_word' id='word_1_177' title='bbox 548 2323 679 2388; x_wconf 90' lang='grc' dir='ltr'><strong><em>δίκαιον</em></strong></span> <span class='ocrx_word' id='word_1_178' title='bbox 707 2321 793 2410; x_wconf 80' lang='grc' dir='ltr'><strong><em>μηδέ</em></strong></span> <span class='ocrx_word' id='word_1_179' title='bbox 816 2325 965 2401; x_wconf 81' lang='grc' dir='ltr'><strong><em>ἐπιεικές</em></strong></span> <span class='ocrx_word' id='word_1_180' title='bbox 989 2326 1111 2402; x_wconf 86' lang='grc' dir='ltr'><strong><em>αύτούς</em></strong></span> <span class='ocrx_word' id='word_1_181' title='bbox 1135 2324 1277 2390; x_wconf 84' lang='grc' dir='ltr'><strong><em>δεῖσθαι</em></strong></span> <span class='ocrx_word' id='word_1_182' title='bbox 1297 2328 1355 2390; x_wconf 90' lang='grc' dir='ltr'><strong><em>καί</em></strong></span> <span class='ocrx_word' id='word_1_183' title='bbox 1377 2323 1605 2411; x_wconf 82' lang='grc' dir='ltr'><strong><em>παρακαλεῖν·</em></strong></span> 
     </span>
     <span class='ocr_line' id='line_1_20' title="bbox 348 2424 1705 2514; baseline -0.004 -21"><span class='ocrx_word' id='word_1_184' title='bbox 348 2431 556 2514; x_wconf 87' lang='grc' dir='ltr'><strong><em>αίρουμένων</em></strong></span> <span class='ocrx_word' id='word_1_185' title='bbox 579 2425 615 2489; x_wconf 85' lang='grc' dir='ltr'><strong><em>δέ</em></strong></span> <span class='ocrx_word' id='word_1_186' title='bbox 644 2427 752 2488; x_wconf 82' lang='grc' dir='ltr'><strong><em>αύτῶν</em></strong></span> <span class='ocrx_word' id='word_1_187' title='bbox 778 2429 834 2489; x_wconf 87' lang='grc' dir='ltr'><strong><em>καί</em></strong></span> <span class='ocrx_word' id='word_1_188' title='bbox 862 2427 1159 2508; x_wconf 90' lang='grc' dir='ltr'><strong><em>προθυμουμένων</em></strong></span> <span class='ocrx_word' id='word_1_189' title='bbox 1186 2424 1266 2512; x_wconf 80' lang='grc' dir='ltr'><strong><em>(τό)</em></strong></span> <span class='ocrx_word' id='word_1_190' title='bbox 1296 2431 1346 2504; x_wconf 92' lang='grc' dir='ltr'><strong><em>είς</em></strong></span> <span class='ocrx_word' id='word_1_191' title='bbox 1370 2425 1488 2514; x_wconf 81' lang='grc' dir='ltr'><strong><em>φιλίαν</em></strong></span> <span class='ocrx_word' id='word_1_192' title='bbox 1510 2431 1599 2491; x_wconf 91' lang='grc' dir='ltr'><strong><em>έτοι-</em></strong></span> <span class='ocrx_word' id='word_1_193' title='bbox 1614 2440 1705 2488; x_wconf 69' lang='lat' dir='ltr'><strong><em>«mn</em></strong></span> 
     </span>
     <span class='ocr_line' id='line_1_21' title="bbox 345 2528 1655 2618; baseline -0.003 -24"><span class='ocrx_word' id='word_1_194' title='bbox 345 2536 510 2616; x_wconf 88' lang='grc' dir='ltr'><strong><em>μοτέροος</em></strong></span> <span class='ocrx_word' id='word_1_195' title='bbox 532 2531 619 2614; x_wconf 87' lang='grc' dir='ltr'><strong><em>πρὸς</em></strong></span> <span class='ocrx_word' id='word_1_196' title='bbox 641 2535 740 2590; x_wconf 88' lang='grc' dir='ltr'><strong><em>τοῦτο</em></strong></span> <span class='ocrx_word' id='word_1_197' title='bbox 768 2529 959 2615; x_wconf 90' lang='grc' dir='ltr'><strong><em>φαίνεσθαι</em></strong></span> <span class='ocrx_word' id='word_1_198' title='bbox 987 2531 1045 2592; x_wconf 86' lang='grc' dir='ltr'><strong><em>καί</em></strong></span> <span class='ocrx_word' id='word_1_199' title='bbox 1073 2533 1133 2616; x_wconf 87' lang='grc' dir='ltr'><strong><em>τὴν</em></strong></span> <span class='ocrx_word' id='word_1_200' title='bbox 1164 2528 1356 2617; x_wconf 89' lang='grc' dir='ltr'><strong><em>φιλονικίαν</em></strong></span> <span class='ocrx_word' id='word_1_201' title='bbox 1388 2534 1448 2618; x_wconf 79' lang='grc' dir='ltr'><strong><em>τῆν</em></strong></span> <span class='ocrx_word' id='word_1_202' title='bbox 1476 2533 1512 2594; x_wconf 88' lang='grc' dir='ltr'><strong><em>ἐκ</em></strong></span> <span class='ocrx_word' id='word_1_203' title='bbox 1540 2538 1602 2617; x_wconf 86' lang='grc' dir='ltr'><strong><em>τῆς</em></strong></span> <span class='ocrx_word' id='word_1_204' title='bbox 1625 2540 1655 2590; x_wconf 78' lang='grc' dir='ltr'><strong><em>κο</em></strong></span> 
     </span>
     <span class='ocr_line' id='line_1_22' title="bbox 347 2629 1605 2720; baseline -0.003 -22"><span class='ocrx_word' id='word_1_205' title='bbox 347 2633 517 2720; x_wconf 81' lang='grc' dir='ltr'><strong><em>διαφορᾶς</em></strong></span> <span class='ocrx_word' id='word_1_206' title='bbox 539 2633 599 2694; x_wconf 86' lang='grc' dir='ltr'><strong><em>ἐπί</em></strong></span> <span class='ocrx_word' id='word_1_207' title='bbox 620 2639 721 2694; x_wconf 89' lang='grc' dir='ltr'><strong><em>τοῦτο</em></strong></span> <span class='ocrx_word' id='word_1_208' title='bbox 742 2637 949 2714; x_wconf 85' lang='grc' dir='ltr'><strong><em>μετενεγκεῖν</em></strong></span> <span class='ocrx_word' id='word_1_209' title='bbox 971 2629 1060 2694; x_wconf 90' lang='grc' dir='ltr'><strong><em>πολύ</em></strong></span> <span class='ocrx_word' id='word_1_210' title='bbox 1083 2629 1231 2710; x_wconf 80' lang='grc' dir='ltr'><strong><em>κάλλιον,</em></strong></span> <span class='ocrx_word' id='word_1_211' title='bbox 1255 2637 1350 2709; x_wconf 84' lang='grc' dir='ltr'><strong><em>ὅπως</em></strong></span> <span class='ocrx_word' id='word_1_212' title='bbox 1366 2633 1462 2697; x_wconf 86' lang='grc' dir='ltr'><strong><em>αύτοί</em></strong></span> <span class='ocrx_word' id='word_1_213' title='bbox 1484 2633 1605 2714; x_wconf 88' lang='grc' dir='ltr'><strong><em>εύγνω-</em></strong></span> 
     </span>
     <span class='ocr_line' id='line_1_23' title="bbox 345 2731 1603 2822; baseline -0.002 -23"><span class='ocrx_word' id='word_1_214' title='bbox 345 2742 545 2821; x_wconf 90' lang='grc' dir='ltr'><strong><em>μονέστεροι</em></strong></span> <span class='ocrx_word' id='word_1_215' title='bbox 568 2736 796 2820; x_wconf 88' lang='grc' dir='ltr'><strong><em>φανησόμεθα</em></strong></span> <span class='ocrx_word' id='word_1_216' title='bbox 818 2736 874 2797; x_wconf 85' lang='grc' dir='ltr'><strong><em>καί</em></strong></span> <span class='ocrx_word' id='word_1_217' title='bbox 888 2731 1017 2815; x_wconf 81' lang='grc' dir='ltr'><strong><em>μᾶλλον</em></strong></span> <span class='ocrx_word' id='word_1_218' title='bbox 1031 2742 1324 2822; x_wconf 78' lang='grc' dir='ltr'><strong><em>καταφρονοῦντες</em></strong></span> <span class='ocrx_word' id='word_1_219' title='bbox 1343 2737 1524 2822; x_wconf 85' lang='grc' dir='ltr'><strong><em>χρημάτων</em></strong></span> <span class='ocrx_word' id='word_1_220' title='bbox 1545 2735 1603 2796; x_wconf 86' lang='grc' dir='ltr'><strong><em>καί</em></strong></span> 
     </span>
     <span class='ocr_line' id='line_1_24' title="bbox 296 2834 1724 2922; baseline -0.008 -19"><span class='ocrx_word' id='word_1_221' title='bbox 296 2841 337 2904; x_wconf 82' lang='lat'><strong><em>24</em></strong></span> <span class='ocrx_word' id='word_1_222' title='bbox 347 2847 410 2902; x_wconf 89' lang='grc' dir='ltr'><strong><em>τοῦ</em></strong></span> <span class='ocrx_word' id='word_1_223' title='bbox 431 2835 598 2912; x_wconf 89' lang='grc' dir='ltr'><strong><em>πλείονος.</em></strong></span> <span class='ocrx_word' id='word_1_224' title='bbox 644 2838 682 2898; x_wconf 89' lang='grc' dir='ltr'><strong><em>ού</em></strong></span> <span class='ocrx_word' id='word_1_225' title='bbox 704 2837 766 2920; x_wconf 85' lang='grc' dir='ltr'><strong><em>γδρ</em></strong></span> <span class='ocrx_word' id='word_1_226' title='bbox 791 2838 898 2912; x_wconf 78' lang='grc' dir='ltr'><strong><em>οὕτως</em></strong></span> <span class='ocrx_word' id='word_1_227' title='bbox 921 2839 1059 2922; x_wconf 81' lang='grc' dir='ltr'><strong><em>αἰσχρόν</em></strong></span> <span class='ocrx_word' id='word_1_228' title='bbox 1082 2839 1156 2901; x_wconf 86' lang='grc' dir='ltr'><strong><em>ἐστι</em></strong></span> <span class='ocrx_word' id='word_1_229' title='bbox 1180 2834 1366 2900; x_wconf 73' lang='grc' dir='ltr'><strong><em>λείπεσθαι</em></strong></span> <span class='ocrx_word' id='word_1_230' title='bbox 1387 2841 1461 2912; x_wconf 91' lang='grc' dir='ltr'><strong><em>τοῖς</em></strong></span> <span class='ocrx_word' id='word_1_231' title='bbox 1484 2834 1540 2899; x_wconf 84' lang='grc' dir='ltr'><strong><em>διδ</em></strong></span> <span class='ocrx_word' id='word_1_232' title='bbox 1563 2839 1603 2898; x_wconf 90' lang='grc' dir='ltr'><strong><em>τό</em></strong></span> <span class='ocrx_word' id='word_1_233' title='bbox 1619 2847 1724 2899; x_wconf 69' lang='lat' dir='ltr'><strong><em>(mnu</em></strong></span> 
     </span>
     <span class='ocr_line' id='line_1_25' title="bbox 343 2939 1603 3026; baseline -0.002 -22"><span class='ocrx_word' id='word_1_234' title='bbox 343 2947 447 3024; x_wconf 91' lang='grc' dir='ltr'><strong><em>μῖσος</em></strong></span> <span class='ocrx_word' id='word_1_235' title='bbox 469 2941 581 3025; x_wconf 89' lang='grc' dir='ltr'><strong><em>ίργοις</em></strong></span> <span class='ocrx_word' id='word_1_236' title='bbox 601 2942 657 3003; x_wconf 86' lang='grc' dir='ltr'><strong><em>καί</em></strong></span> <span class='ocrx_word' id='word_1_237' title='bbox 672 2942 708 3026; x_wconf 89' lang='grc' dir='ltr'><strong><em>νὴ</em></strong></span> <span class='ocrx_word' id='word_1_238' title='bbox 726 2940 795 3002; x_wconf 88' lang='grc' dir='ltr'><strong><em>Δία</em></strong></span> <span class='ocrx_word' id='word_1_239' title='bbox 811 2944 885 3015; x_wconf 89' lang='grc' dir='ltr'><strong><em>τοῖς</em></strong></span> <span class='ocrx_word' id='word_1_240' title='bbox 901 2941 988 3024; x_wconf 85' lang='grc' dir='ltr'><strong><em>πρὸς</em></strong></span> <span class='ocrx_word' id='word_1_241' title='bbox 1003 2939 1130 3024; x_wconf 89' lang='grc' dir='ltr'><strong><em>ἐχθραν</em></strong></span> <span class='ocrx_word' id='word_1_242' title='bbox 1154 2941 1201 3015; x_wconf 87' lang='grc' dir='ltr'><strong><em>ὡς</em></strong></span> <span class='ocrx_word' id='word_1_243' title='bbox 1218 2944 1291 3014; x_wconf 92' lang='grc' dir='ltr'><strong><em>τοῖς</em></strong></span> <span class='ocrx_word' id='word_1_244' title='bbox 1308 2939 1378 3001; x_wconf 86' lang='grc' dir='ltr'><strong><em>ἀπὸ</em></strong></span> <span class='ocrx_word' id='word_1_245' title='bbox 1394 2948 1454 3026; x_wconf 87' lang='grc' dir='ltr'><strong><em>τῆς</em></strong></span> <span class='ocrx_word' id='word_1_246' title='bbox 1468 2940 1603 3022; x_wconf 90' lang='grc' dir='ltr'><strong><em>μετριό-</em></strong></span> 
     </span>
     <span class='ocr_line' id='line_1_26' title="bbox 345 3038 1652 3130; baseline -0.003 -24"><span class='ocrx_word' id='word_1_247' title='bbox 345 3045 523 3130; x_wconf 86' lang='grc' dir='ltr'><strong><em>τητοςκαλ</em></strong></span> <span class='ocrx_word' id='word_1_248' title='bbox 544 3049 604 3127; x_wconf 91' lang='grc' dir='ltr'><strong><em>τῆς</em></strong></span> <span class='ocrx_word' id='word_1_249' title='bbox 627 3038 904 3126; x_wconf 89' lang='grc' dir='ltr'><strong><em>φιλανθρωπίας.</em></strong></span> <span class='ocrx_word' id='word_1_250' title='bbox 950 3043 969 3103; x_wconf 92' lang='grc' dir='ltr'><strong><em>ό</em></strong></span> <span class='ocrx_word' id='word_1_251' title='bbox 995 3044 1056 3122; x_wconf 87' lang='grc' dir='ltr'><strong><em>μέν</em></strong></span> <span class='ocrx_word' id='word_1_252' title='bbox 1084 3043 1147 3126; x_wconf 80' lang='grc' dir='ltr'><strong><em>γὰρ</em></strong></span> <span class='ocrx_word' id='word_1_253' title='bbox 1176 3044 1212 3104; x_wconf 89' lang='grc' dir='ltr'><strong><em>έν</em></strong></span> <span class='ocrx_word' id='word_1_254' title='bbox 1241 3042 1382 3118; x_wconf 82' lang='grc' dir='ltr'><strong><em>ἐκείνοις</em></strong></span> <span class='ocrx_word' id='word_1_255' title='bbox 1409 3044 1601 3127; x_wconf 75' lang='grc' dir='ltr'><strong><em>ἡττώμενος</em></strong></span> <span class='ocrx_word' id='word_1_256' title='bbox 1624 3049 1652 3101; x_wconf 71' lang='lat'><strong><em>23</em></strong></span> 
     </span>
     <span class='ocr_line' id='line_1_27' title="bbox 344 3137 1601 3228; baseline -0.004 -18"><span class='ocrx_word' id='word_1_257' title='bbox 344 3145 528 3210; x_wconf 84' lang='grc' dir='ltr'><strong><em>κινδυνεύει</em></strong></span> <span class='ocrx_word' id='word_1_258' title='bbox 559 3142 673 3226; x_wconf 88' lang='grc' dir='ltr'><strong><em>λαβεῖν</em></strong></span> <span class='ocrx_word' id='word_1_259' title='bbox 703 3141 804 3222; x_wconf 88' lang='grc' dir='ltr'><strong><em>δόξαν</em></strong></span> <span class='ocrx_word' id='word_1_260' title='bbox 834 3145 1033 3222; x_wconf 87' lang='grc' dir='ltr'><strong><em>ἀσθενείας,</em></strong></span> <span class='ocrx_word' id='word_1_261' title='bbox 1063 3147 1083 3206; x_wconf 87' lang='grc' dir='ltr'><strong><em>δ</em></strong></span> <span class='ocrx_word' id='word_1_262' title='bbox 1112 3137 1146 3207; x_wconf 76' lang='grc' dir='ltr'><strong><em>δ’</em></strong></span> <span class='ocrx_word' id='word_1_263' title='bbox 1177 3146 1213 3207; x_wconf 94' lang='grc' dir='ltr'><strong><em>ἐν</em></strong></span> <span class='ocrx_word' id='word_1_264' title='bbox 1235 3147 1370 3220; x_wconf 86' lang='grc' dir='ltr'><strong><em>τούτοις</em></strong></span> <span class='ocrx_word' id='word_1_265' title='bbox 1400 3147 1601 3228; x_wconf 84' lang='grc' dir='ltr'><strong><em>σκαιότητος</em></strong></span> 
     </span>
     <span class='ocr_line' id='line_1_28' title="bbox 344 3242 1599 3335; baseline -0.004 -22"><span class='ocrx_word' id='word_1_266' title='bbox 344 3251 401 3313; x_wconf 84' lang='grc' dir='ltr'><strong><em>καί</em></strong></span> <span class='ocrx_word' id='word_1_267' title='bbox 424 3246 625 3335; x_wconf 89' lang='grc' dir='ltr'><strong><em>φιλονικίας.</em></strong></span> <span class='ocrx_word' id='word_1_268' title='bbox 664 3249 731 3328; x_wconf 84' lang='grc' dir='ltr'><strong><em>όσῳ</em></strong></span> <span class='ocrx_word' id='word_1_269' title='bbox 757 3242 795 3331; x_wconf 84' lang='grc' dir='ltr'><strong><em>δὴ</em></strong></span> <span class='ocrx_word' id='word_1_270' title='bbox 820 3251 970 3331; x_wconf 88' lang='grc' dir='ltr'><strong><em>κρεῖττον</em></strong></span> <span class='ocrx_word' id='word_1_271' title='bbox 994 3247 1124 3332; x_wconf 81' lang='grc' dir='ltr'><strong><em>ἀσθενῆ</em></strong></span> <span class='ocrx_word' id='word_1_272' title='bbox 1142 3243 1240 3324; x_wconf 88' lang='grc' dir='ltr'><strong><em>δόξαι</em></strong></span> <span class='ocrx_word' id='word_1_273' title='bbox 1254 3242 1380 3327; x_wconf 82' lang='grc' dir='ltr'><strong><em>μᾶλλον</em></strong></span> <span class='ocrx_word' id='word_1_274' title='bbox 1402 3247 1599 3332; x_wconf 86' lang='grc' dir='ltr'><strong><em>ἡπονηρόν,</em></strong></span> 
     </span>
     <span class='ocr_line' id='line_1_29' title="bbox 345 3345 1599 3434; baseline -0.003 -20"><span class='ocrx_word' id='word_1_275' title='bbox 345 3355 495 3433; x_wconf 84' lang='grc' dir='ltr'><strong><em>τοσούτῳ</em></strong></span> <span class='ocrx_word' id='word_1_276' title='bbox 527 3346 661 3432; x_wconf 83' lang='grc' dir='ltr'><strong><em>βέλτιον</em></strong></span> <span class='ocrx_word' id='word_1_277' title='bbox 690 3349 851 3432; x_wconf 89' lang='grc' dir='ltr'><strong><em>ύστέρους</em></strong></span> <span class='ocrx_word' id='word_1_278' title='bbox 883 3347 972 3410; x_wconf 84' lang='grc' dir='ltr'><strong><em>εἶναι</em></strong></span> <span class='ocrx_word' id='word_1_279' title='bbox 998 3353 1209 3429; x_wconf 85' lang='grc' dir='ltr'><strong><em>μαχομένους</em></strong></span> <span class='ocrx_word' id='word_1_280' title='bbox 1235 3350 1254 3434; x_wconf 80' lang='grc' dir='ltr'><strong><em>ἡ</em></strong></span> <span class='ocrx_word' id='word_1_281' title='bbox 1286 3345 1599 3428; x_wconf 85' lang='grc' dir='ltr'><strong><em>διαλλαττομένους.</em></strong></span> 
     </span>
     <span class='ocr_line' id='line_1_30' title="bbox 293 3445 1600 3537; baseline -0.005 -20"><span class='ocrx_word' id='word_1_282' title='bbox 293 3456 485 3528; x_wconf 78' lang='grc' dir='ltr'><strong><em>25είκότως</em></strong></span> <span class='ocrx_word' id='word_1_283' title='bbox 508 3445 541 3515; x_wconf 79' lang='grc' dir='ltr'><strong><em>δ’</em></strong></span> <span class='ocrx_word' id='word_1_284' title='bbox 567 3453 608 3513; x_wconf 86' lang='grc' dir='ltr'><strong><em>ἀν</em></strong></span> <span class='ocrx_word' id='word_1_285' title='bbox 630 3471 690 3532; x_wconf 93' lang='grc' dir='ltr'><strong><em>μοι</em></strong></span> <span class='ocrx_word' id='word_1_286' title='bbox 713 3456 914 3535; x_wconf 90' lang='grc' dir='ltr'><strong><em>προσέχοιτε</em></strong></span> <span class='ocrx_word' id='word_1_287' title='bbox 937 3453 995 3513; x_wconf 88' lang='grc' dir='ltr'><strong><em>τόν</em></strong></span> <span class='ocrx_word' id='word_1_288' title='bbox 1017 3458 1095 3513; x_wconf 90' lang='grc' dir='ltr'><strong><em>νοῦν</em></strong></span> <span class='ocrx_word' id='word_1_289' title='bbox 1116 3448 1244 3531; x_wconf 80' lang='grc' dir='ltr'><strong><em>μᾶλλον</em></strong></span> <span class='ocrx_word' id='word_1_290' title='bbox 1267 3454 1390 3537; x_wconf 84' lang='grc' dir='ltr'><strong><em>ἐτέρων</em></strong></span> <span class='ocrx_word' id='word_1_291' title='bbox 1418 3452 1516 3530; x_wconf 89' lang='grc' dir='ltr'><strong><em>τυχόν</em></strong></span> <span class='ocrx_word' id='word_1_292' title='bbox 1538 3452 1600 3530; x_wconf 88' lang='grc' dir='ltr'><strong><em>μέν</em></strong></span> 
     </span>
     <span class='ocr_line' id='line_1_31' title="bbox 343 3549 1652 3639; baseline -0.007 -18"><span class='ocrx_word' id='word_1_293' title='bbox 343 3559 400 3621; x_wconf 85' lang='grc' dir='ltr'><strong><em>καί</em></strong></span> <span class='ocrx_word' id='word_1_294' title='bbox 421 3553 543 3633; x_wconf 79' lang='grc' dir='ltr'><strong><em>ἄλλως,</em></strong></span> <span class='ocrx_word' id='word_1_295' title='bbox 565 3555 617 3618; x_wconf 81' lang='grc' dir='ltr'><strong><em>ἐτι</em></strong></span> <span class='ocrx_word' id='word_1_296' title='bbox 639 3551 675 3618; x_wconf 88' lang='grc' dir='ltr'><strong><em>δέ</em></strong></span> <span class='ocrx_word' id='word_1_297' title='bbox 697 3557 829 3617; x_wconf 83' lang='grc' dir='ltr'><strong><em>κάκεῖνο</em></strong></span> <span class='ocrx_word' id='word_1_298' title='bbox 854 3561 1058 3629; x_wconf 90' lang='grc' dir='ltr'><strong><em>σκοποῦντες</em></strong></span> <span class='ocrx_word' id='word_1_299' title='bbox 1080 3556 1133 3616; x_wconf 89' lang='grc' dir='ltr'><strong><em>ότι</em></strong></span> <span class='ocrx_word' id='word_1_300' title='bbox 1147 3551 1252 3639; x_wconf 86' lang='grc' dir='ltr'><strong><em>μηδέν</em></strong></span> <span class='ocrx_word' id='word_1_301' title='bbox 1267 3549 1340 3637; x_wconf 78' lang='grc' dir='ltr'><strong><em>ίδίᾳ</em></strong></span> <span class='ocrx_word' id='word_1_302' title='bbox 1354 3572 1415 3634; x_wconf 89' lang='grc' dir='ltr'><strong><em>μοι</em></strong></span> <span class='ocrx_word' id='word_1_303' title='bbox 1431 3550 1599 3638; x_wconf 84' lang='grc' dir='ltr'><strong><em>διαφέρει,</em></strong></span> <span class='ocrx_word' id='word_1_304' title='bbox 1622 3560 1652 3612; x_wconf 75' lang='grc' dir='ltr'><strong><em>ιο</em></strong></span> 
     </span>
     <span class='ocr_line' id='line_1_32' title="bbox 343 3652 1604 3746; baseline -0.006 -23"><span class='ocrx_word' id='word_1_305' title='bbox 343 3657 429 3746; x_wconf 85' lang='grc' dir='ltr'><strong><em>μηδέ</em></strong></span> <span class='ocrx_word' id='word_1_306' title='bbox 452 3655 589 3744; x_wconf 90' lang='grc' dir='ltr'><strong><em>ύχλησίν</em></strong></span> <span class='ocrx_word' id='word_1_307' title='bbox 611 3679 686 3721; x_wconf 92' lang='grc' dir='ltr'><strong><em>τινα</em></strong></span> <span class='ocrx_word' id='word_1_308' title='bbox 704 3657 842 3742; x_wconf 83' lang='grc' dir='ltr'><strong><em>δκνῶνῆ</em></strong></span> <span class='ocrx_word' id='word_1_309' title='bbox 861 3654 1017 3742; x_wconf 83' lang='grc' dir='ltr'><strong><em>δαπάνην</em></strong></span> <span class='ocrx_word' id='word_1_310' title='bbox 1033 3658 1181 3737; x_wconf 82' lang='grc' dir='ltr'><strong><em>ἐμαυτοῦ</em></strong></span> <span class='ocrx_word' id='word_1_311' title='bbox 1202 3652 1259 3718; x_wconf 84' lang='grc' dir='ltr'><strong><em>διδ</em></strong></span> <span class='ocrx_word' id='word_1_312' title='bbox 1282 3661 1382 3717; x_wconf 89' lang='grc' dir='ltr'><strong><em>τοῦτο</em></strong></span> <span class='ocrx_word' id='word_1_313' title='bbox 1405 3652 1518 3735; x_wconf 82' lang='grc' dir='ltr'><strong><em>ἀμελῶ</em></strong></span> <span class='ocrx_word' id='word_1_314' title='bbox 1540 3661 1604 3717; x_wconf 90' lang='grc' dir='ltr'><strong><em>τοῦ</em></strong></span> 
     </span>
    </p>
   </div>
   <div class='ocr_carea' id='block_1_3' title="bbox 345 3723 1722 3849">
    <p class='ocr_par' dir='ltr' id='par_1_3' title="bbox 345 3723 1722 3849">
     <span class='ocr_line' id='line_1_33' title="bbox 345 3723 1722 3849; baseline -0.006 -23"><span class='ocrx_word' id='word_1_315' title='bbox 345 3769 538 3849; x_wconf 88' lang='grc' dir='ltr'><strong><em>πρέποντος</em></strong></span> <span class='ocrx_word' id='word_1_316' title='bbox 559 3764 647 3843; x_wconf 82' lang='grc' dir='ltr'><strong><em>ὑμῖν.</em></strong></span> <span class='ocrx_word' id='word_1_317' title='bbox 699 3763 752 3825; x_wconf 87' lang='grc' dir='ltr'><strong><em>ότι</em></strong></span> <span class='ocrx_word' id='word_1_318' title='bbox 780 3763 841 3844; x_wconf 83' lang='grc' dir='ltr'><strong><em>γάρ</em></strong></span> <span class='ocrx_word' id='word_1_319' title='bbox 863 3780 906 3840; x_wconf 94' lang='grc' dir='ltr'><strong><em>με</em></strong></span> <span class='ocrx_word' id='word_1_320' title='bbox 930 3761 988 3822; x_wconf 86' lang='grc' dir='ltr'><strong><em>ούκ</em></strong></span> <span class='ocrx_word' id='word_1_321' title='bbox 1010 3755 1205 3844; x_wconf 76' lang='grc' dir='ltr'><strong><em>ἐνοχλήσετε</em></strong></span> <span class='ocrx_word' id='word_1_322' title='bbox 1226 3759 1270 3844; x_wconf 92' lang='grc' dir='ltr'><strong><em>μὴ</em></strong></span> <span class='ocrx_word' id='word_1_323' title='bbox 1294 3754 1499 3839; x_wconf 90' lang='grc' dir='ltr'><strong><em>βουλόμενον</em></strong></span> <span class='ocrx_word' id='word_1_324' title='bbox 1522 3754 1599 3819; x_wconf 88' lang='grc' dir='ltr'><strong><em>ούδέ</em></strong></span> <span class='ocrx_word' id='word_1_325' title='bbox 1717 3723 1722 3829; x_wconf 76' lang='grc' dir='ltr'><strong><em>ί</em></strong></span> 
     </span>
    </p>
   </div>
   <div class='ocr_carea' id='block_1_4' title="bbox 341 3986 1600 4664">
    <p class='ocr_par' dir='ltr' id='par_1_4' title="bbox 341 3986 1600 4664">
     <span class='ocr_line' id='line_1_34' title="bbox 430 3986 1600 4068; baseline -0.003 -18"><span class='ocrx_word' id='word_1_326' title='bbox 430 3994 640 4068; x_wconf 77' lang='grc' dir='ltr'><strong><em>1συνθῆναιΒ</em></strong></span> <span class='ocrx_word' id='word_1_327' title='bbox 715 3989 805 4052; x_wconf 75' lang='grc' dir='ltr'><strong><em>3κιίν</em></strong></span> <span class='ocrx_word' id='word_1_328' title='bbox 821 4008 871 4064; x_wconf 87' lang='lat' dir='ltr'><strong><em>pro</em></strong></span> <span class='ocrx_word' id='word_1_329' title='bbox 888 3993 978 4050; x_wconf 87' lang='grc' dir='ltr'><strong><em>καίΤ</em></strong></span> <span class='ocrx_word' id='word_1_330' title='bbox 1064 3999 1124 4049; x_wconf 73' lang='grc' dir='ltr'><strong><em>4ο.</em></strong></span> <span class='ocrx_word' id='word_1_331' title='bbox 1141 3990 1193 4065; x_wconf 78' lang='grc' dir='ltr'><strong><em>τὴν</em></strong></span> <span class='ocrx_word' id='word_1_332' title='bbox 1210 3989 1292 4064; x_wconf 82' lang='grc' dir='ltr'><strong><em>ίσχύν</em></strong></span> <span class='ocrx_word' id='word_1_333' title='bbox 1309 3986 1515 4061; x_wconf 80' lang='grc' dir='ltr'><strong><em>τοῦσώματος</em></strong></span> <span class='ocrx_word' id='word_1_334' title='bbox 1532 3989 1600 4046; x_wconf 75' lang='lat' dir='ltr'><strong>mihi</strong></span> 
     </span>
     <span class='ocr_line' id='line_1_35' title="bbox 342 4067 1600 4153; baseline -0.005 -16"><span class='ocrx_word' id='word_1_335' title='bbox 342 4085 471 4153; x_wconf 66' lang='lat' dir='ltr'><strong><em>suspecta</em></strong></span> <span class='ocrx_word' id='word_1_336' title='bbox 539 4079 579 4148; x_wconf 80' lang='grc' dir='ltr'><strong><em>είς</em></strong></span> <span class='ocrx_word' id='word_1_337' title='bbox 596 4099 628 4138; x_wconf 86' lang='grc' dir='ltr'><strong><em>τε</em></strong></span> <span class='ocrx_word' id='word_1_338' title='bbox 645 4079 676 4135; x_wconf 79' lang='grc' dir='ltr'>Μ</span> <span class='ocrx_word' id='word_1_339' title='bbox 745 4077 847 4150; x_wconf 76' lang='grc' dir='ltr'><strong><em>ύμηόέ</em></strong></span> <span class='ocrx_word' id='word_1_340' title='bbox 864 4071 1083 4150; x_wconf 77' lang='grc' dir='ltr'><strong><em>ἀπεχθάνεσθαι</em></strong></span> <span class='ocrx_word' id='word_1_341' title='bbox 1101 4077 1175 4135; x_wconf 84' lang='lat' dir='ltr'><strong><em>UBT</em></strong></span> <span class='ocrx_word' id='word_1_342' title='bbox 1239 4080 1413 4149; x_wconf 83' lang='grc' dir='ltr'><strong><em>φιλονεικεῖν</em></strong></span> <span class='ocrx_word' id='word_1_343' title='bbox 1430 4075 1477 4132; x_wconf 83' lang='grc' dir='ltr'><strong><em>ΒΤ</em></strong></span> <span class='ocrx_word' id='word_1_344' title='bbox 1547 4067 1600 4148; x_wconf 69' lang='grc' dir='ltr'><strong><em>Θῆ</em></strong></span> 
     </span>
     <span class='ocr_line' id='line_1_36' title="bbox 342 4157 1556 4240; baseline -0.01 -13"><span class='ocrx_word' id='word_1_345' title='bbox 342 4169 428 4227; x_wconf 84' lang='grc' dir='ltr'><strong><em>πόλιν</em></strong></span> <span class='ocrx_word' id='word_1_346' title='bbox 446 4168 469 4223; x_wconf 86' lang='grc' dir='ltr'>Β</span> <span class='ocrx_word' id='word_1_347' title='bbox 486 4163 504 4240; x_wconf 77' lang='grc' dir='ltr'><strong><em>ἡ</em></strong></span> <span class='ocrx_word' id='word_1_348' title='bbox 521 4167 607 4224; x_wconf 83' lang='grc' dir='ltr'><strong><em>πόλιν</em></strong></span> <span class='ocrx_word' id='word_1_349' title='bbox 622 4164 703 4221; x_wconf 79' lang='lat' dir='ltr'><strong><em>MUT</em></strong></span> <span class='ocrx_word' id='word_1_350' title='bbox 755 4157 789 4222; x_wconf 81' lang='grc' dir='ltr'><strong><em>ού</em></strong></span> <span class='ocrx_word' id='word_1_351' title='bbox 806 4162 869 4219; x_wconf 77' lang='grc' dir='ltr'><strong><em>εδδ.</em></strong></span> <span class='ocrx_word' id='word_1_352' title='bbox 888 4162 1005 4220; x_wconf 76' lang='grc' dir='ltr'><strong><em>Οιεεαίι.</em></strong></span> <span class='ocrx_word' id='word_1_353' title='bbox 1058 4163 1166 4234; x_wconf 80' lang='grc' dir='ltr'><strong><em>μικρὰν</em></strong></span> <span class='ocrx_word' id='word_1_354' title='bbox 1182 4161 1233 4221; x_wconf 79' lang='grc' dir='ltr'><strong><em>ΠΤ</em></strong></span> <span class='ocrx_word' id='word_1_355' title='bbox 1289 4167 1316 4218; x_wconf 82' lang='grc'><strong><em>11</em></strong></span> <span class='ocrx_word' id='word_1_356' title='bbox 1336 4159 1465 4220; x_wconf 77' lang='grc' dir='ltr'><strong><em>ἐπαινεῖν</em></strong></span> <span class='ocrx_word' id='word_1_357' title='bbox 1481 4159 1556 4217; x_wconf 82' lang='lat' dir='ltr'>UB&#39;I&#39;</span> 
     </span>
     <span class='ocr_line' id='line_1_37' title="bbox 342 4243 1545 4326; baseline -0.011 -14"><span class='ocrx_word' id='word_1_358' title='bbox 342 4247 440 4326; x_wconf 79' lang='grc' dir='ltr'><strong><em>ω’φελῇ</em></strong></span> <span class='ocrx_word' id='word_1_359' title='bbox 456 4251 545 4309; x_wconf 79' lang='grc' dir='ltr'><strong>ΠΒΤ·</strong></span> <span class='ocrx_word' id='word_1_360' title='bbox 602 4255 633 4306; x_wconf 79' lang='lat'><strong><em>14</em></strong></span> <span class='ocrx_word' id='word_1_361' title='bbox 650 4252 757 4308; x_wconf 79' lang='grc' dir='ltr'><strong><em>κοινῶν</em></strong></span> <span class='ocrx_word' id='word_1_362' title='bbox 774 4253 834 4319; x_wconf 82' lang='lat' dir='ltr'><strong>(pro</strong></span> <span class='ocrx_word' id='word_1_363' title='bbox 853 4251 949 4316; x_wconf 87' lang='grc' dir='ltr'><strong><em>τινων)</em></strong></span> <span class='ocrx_word' id='word_1_364' title='bbox 966 4248 997 4303; x_wconf 86' lang='grc' dir='ltr'>Μ</span> <span class='ocrx_word' id='word_1_365' title='bbox 1067 4253 1099 4304; x_wconf 74' lang='grc'><strong><em>15</em></strong></span> <span class='ocrx_word' id='word_1_366' title='bbox 1116 4243 1183 4318; x_wconf 75' lang='grc' dir='ltr'><strong><em>ύμῖν</em></strong></span> <span class='ocrx_word' id='word_1_367' title='bbox 1202 4247 1230 4302; x_wconf 83' lang='grc' dir='ltr'><strong>Μ</strong></span> <span class='ocrx_word' id='word_1_368' title='bbox 1289 4252 1319 4302; x_wconf 79' lang='grc'><strong><em>17</em></strong></span> <span class='ocrx_word' id='word_1_369' title='bbox 1338 4249 1454 4314; x_wconf 82' lang='grc' dir='ltr'><strong><em>τελείως</em></strong></span> <span class='ocrx_word' id='word_1_370' title='bbox 1471 4243 1545 4302; x_wconf 82' lang='lat' dir='ltr'><strong><em>UBT</em></strong></span> 
     </span>
     <span class='ocr_line' id='line_1_38' title="bbox 345 4323 1599 4408; baseline -0.006 -14"><span class='ocrx_word' id='word_1_371' title='bbox 345 4343 375 4394; x_wconf 75' lang='lat'><strong><em>1⁹</em></strong></span> <span class='ocrx_word' id='word_1_372' title='bbox 393 4333 429 4398; x_wconf 83' lang='grc' dir='ltr'><strong><em>τὰ</em></strong></span> <span class='ocrx_word' id='word_1_373' title='bbox 447 4335 539 4394; x_wconf 74' lang='lat' dir='ltr'>addidi</span> <span class='ocrx_word' id='word_1_374' title='bbox 625 4338 658 4390; x_wconf 83' lang='lat'><strong><em>20</em></strong></span> <span class='ocrx_word' id='word_1_375' title='bbox 676 4336 834 4406; x_wconf 81' lang='grc' dir='ltr'><strong><em>φαίνεσθαι</em></strong></span> <span class='ocrx_word' id='word_1_376' title='bbox 852 4333 906 4389; x_wconf 79' lang='grc' dir='ltr'><strong><em>ΒΜ</em></strong></span> <span class='ocrx_word' id='word_1_377' title='bbox 923 4334 1065 4408; x_wconf 73' lang='grc' dir='ltr'><strong><em>φέρεσθαι</em></strong></span> <span class='ocrx_word' id='word_1_378' title='bbox 1082 4333 1107 4391; x_wconf 88' lang='lat' dir='ltr'>U</span> <span class='ocrx_word' id='word_1_379' title='bbox 1125 4339 1149 4400; x_wconf 84' lang='grc' dir='ltr'><strong><em>(ε</em></strong></span> <span class='ocrx_word' id='word_1_380' title='bbox 1167 4335 1241 4405; x_wconf 72' lang='lat' dir='ltr'>prius</span> <span class='ocrx_word' id='word_1_381' title='bbox 1259 4348 1276 4389; x_wconf 81' lang='grc' dir='ltr'><strong><em>κ</em></strong></span> <span class='ocrx_word' id='word_1_382' title='bbox 1294 4339 1378 4398; x_wconf 84' lang='lat' dir='ltr'><strong>corr.)</strong></span> <span class='ocrx_word' id='word_1_383' title='bbox 1463 4337 1492 4387; x_wconf 88' lang='lat'><strong><em>21</em></strong></span> <span class='ocrx_word' id='word_1_384' title='bbox 1514 4323 1599 4388; x_wconf 81' lang='grc' dir='ltr'><strong><em>αύιοί</em></strong></span> 
     </span>
     <span class='ocr_line' id='line_1_39' title="bbox 341 4409 1599 4494; baseline -0.006 -16"><span class='ocrx_word' id='word_1_385' title='bbox 341 4423 430 4494; x_wconf 71' lang='lat' dir='ltr'><strong>Emp„</strong></span> <span class='ocrx_word' id='word_1_386' title='bbox 449 4415 547 4489; x_wconf 69' lang='grc' dir='ltr'><strong><em>αὐτοῖς</em></strong></span> <span class='ocrx_word' id='word_1_387' title='bbox 563 4420 627 4478; x_wconf 76' lang='lat' dir='ltr'>libri</span> <span class='ocrx_word' id='word_1_388' title='bbox 712 4422 745 4474; x_wconf 79' lang='lat'><strong><em>22</em></strong></span> <span class='ocrx_word' id='word_1_389' title='bbox 763 4419 961 4492; x_wconf 73' lang='grc' dir='ltr'><strong><em>φανησόμεθα</em></strong></span> <span class='ocrx_word' id='word_1_390' title='bbox 979 4419 1028 4477; x_wconf 84' lang='lat' dir='ltr'><strong><em>UB</em></strong></span> <span class='ocrx_word' id='word_1_391' title='bbox 1116 4423 1149 4475; x_wconf 73' lang='lat'><strong><em>24</em></strong></span> <span class='ocrx_word' id='word_1_392' title='bbox 1166 4425 1216 4494; x_wconf 84' lang='grc' dir='ltr'><strong><em>τῆς</em></strong></span> <span class='ocrx_word' id='word_1_393' title='bbox 1233 4436 1285 4477; x_wconf 88' lang='lat' dir='ltr'><strong><em>om.</em></strong></span> <span class='ocrx_word' id='word_1_394' title='bbox 1304 4417 1378 4476; x_wconf 81' lang='lat' dir='ltr'><strong><em>UBT</em></strong></span> <span class='ocrx_word' id='word_1_395' title='bbox 1464 4421 1496 4472; x_wconf 78' lang='lat'><strong><em>25</em></strong></span> <span class='ocrx_word' id='word_1_396' title='bbox 1514 4409 1599 4488; x_wconf 77' lang='grc' dir='ltr'><strong><em>ἡττό-</em></strong></span> 
     </span>
     <span class='ocr_line' id='line_1_40' title="bbox 341 4499 1546 4578; baseline -0.007 -14"><span class='ocrx_word' id='word_1_397' title='bbox 341 4527 428 4577; x_wconf 86' lang='grc' dir='ltr'><strong><em>μενος</em></strong></span> <span class='ocrx_word' id='word_1_398' title='bbox 443 4507 475 4563; x_wconf 80' lang='grc' dir='ltr'><strong>Μ</strong></span> <span class='ocrx_word' id='word_1_399' title='bbox 543 4512 576 4564; x_wconf 77' lang='grc'><strong><em>26</em></strong></span> <span class='ocrx_word' id='word_1_400' title='bbox 595 4505 751 4577; x_wconf 83' lang='grc' dir='ltr'><strong><em>οκεύτητος</em></strong></span> <span class='ocrx_word' id='word_1_401' title='bbox 769 4505 799 4559; x_wconf 79' lang='grc' dir='ltr'><strong>Μ</strong></span> <span class='ocrx_word' id='word_1_402' title='bbox 868 4509 901 4560; x_wconf 76' lang='lat'><strong><em>29</em></strong></span> <span class='ocrx_word' id='word_1_403' title='bbox 919 4504 1080 4578; x_wconf 84' lang='grc' dir='ltr'><strong><em>προσέχητε</em></strong></span> <span class='ocrx_word' id='word_1_404' title='bbox 1096 4504 1168 4576; x_wconf 81' lang='lat' dir='ltr'><strong>libri,</strong></span> <span class='ocrx_word' id='word_1_405' title='bbox 1187 4521 1259 4562; x_wconf 85' lang='lat' dir='ltr'>corr.</span> <span class='ocrx_word' id='word_1_406' title='bbox 1277 4505 1357 4575; x_wconf 79' lang='lat' dir='ltr'><strong>Emp.</strong></span> <span class='ocrx_word' id='word_1_407' title='bbox 1408 4499 1546 4574; x_wconf 81' lang='grc' dir='ltr'><strong><em>μᾶλονΤ</em></strong></span> 
     </span>
     <span class='ocr_line' id='line_1_41' title="bbox 342 4585 1104 4664; baseline -0.001 -16"><span class='ocrx_word' id='word_1_408' title='bbox 342 4597 375 4649; x_wconf 80' lang='grc'><strong><em>30</em></strong></span> <span class='ocrx_word' id='word_1_409' title='bbox 394 4589 465 4652; x_wconf 75' lang='grc' dir='ltr'><strong><em>ἄλλο</em></strong></span> <span class='ocrx_word' id='word_1_410' title='bbox 483 4591 534 4649; x_wconf 82' lang='lat' dir='ltr'><strong><em>U&#39;r</em></strong></span> <span class='ocrx_word' id='word_1_411' title='bbox 601 4588 720 4651; x_wconf 79' lang='grc' dir='ltr'><strong><em>κάκεῖνο</em></strong></span> <span class='ocrx_word' id='word_1_412' title='bbox 732 4611 754 4647; x_wconf 78' lang='lat'><strong><em>2:</em></strong></span> <span class='ocrx_word' id='word_1_413' title='bbox 774 4591 799 4649; x_wconf 89' lang='lat' dir='ltr'>U</span> <span class='ocrx_word' id='word_1_414' title='bbox 870 4595 900 4647; x_wconf 80' lang='lat'><strong><em>³1</em></strong></span> <span class='ocrx_word' id='word_1_415' title='bbox 922 4585 1055 4664; x_wconf 78' lang='grc' dir='ltr'><strong><em>δχλὴσειν</em></strong></span> <span class='ocrx_word' id='word_1_416' title='bbox 1072 4590 1104 4647; x_wconf 74' lang='grc' dir='ltr'><strong>Μ</strong></span> 
     </span>
    </p>
   </div>
   <div class='ocr_carea' id='block_1_5' title="bbox 0 0 1745 5268">
    <p class='ocr_par' dir='ltr' id='par_1_5' title="bbox 0 0 1745 5268">
     <span class='ocr_line' id='line_1_42' title="bbox 0 0 1745 5268; baseline 0 0"><span class='ocrx_word' id='word_1_417' title='bbox 0 0 1745 5268; x_wconf 95' lang='lat' dir='ltr'><strong><em> </em></strong></span> 
     </span>
    </p>
   </div>
  </div>
 </body>
</html>
