3520 5270
683 393 819 450 ORATIO
837 394 934 452 Lxlv.
1378 396 1438 454 147

183 564 270 653 ήλθε
297 569 354 630 καλ
381 573 443 628 τοῦ
463 569 534 629 ἐκεῖ
560 575 670 653 φυτοῦ
695 570 754 630 τόν
775 573 906 655 καρπόν
929 571 1074 651 ἐκόμισε.
1126 573 1295 655 Γηρυόνου
1320 570 1440 648 δὲτὰς

50 665 173 736 (mn)
183 671 268 751 βόας
290 666 450 755 ἀφείλετο
473 666 578 745 καλάς
602 670 714 749 οὔσας,
736 673 793 733 καί
814 669 970 757 Διομήδη
994 675 1052 734 τόν
1077 671 1194 757 Θρᾷκα
1217 675 1440 759 ἐνουθέτησεν

185 773 310 845 ίπποις
333 776 427 833 σῖτον
450 768 600 849 διδόναι,
623 774 666 858 μή
692 773 901 857 ἀνθρώπους
923 773 1076 852 ἐσθίειν,
1105 777 1166 850 τάς
1188 795 1224 836 τε
1243 767 1438 855 Ἀμαζόνας,

183 877 236 936 δτι
265 871 332 937 εἶεν
353 878 515 955 γυναῖκες,
538 871 681 959 ήλεγξεν.
735 877 870 937 ἅπαντα
897 873 1060 938 δὲταῦτα
1085 876 1250 960 ἐπραττεν
1272 881 1440 963 έπομένης

149 973 275 1058 οαύτηῖ
298 978 408 1060 τύχης.

269 1079 337 1157 ἔχει
360 1069 394 1140 δ’
420 1078 458 1139 ού
480 1085 590 1154 κακῶς
613 1075 689 1140 ούδὲ
712 1079 754 1140 τά
777 1086 844 1141 τῶν
861 1075 1017 1142 παλαιῶν
1033 1081 1214 1161 αίνίγματα
1231 1083 1311 1166 περὶ
1326 1082 1437 1167 αύτήν.
1463 1090 1480 1148 7

184 1183 218 1244 σί
238 1184 300 1261 μὲν
321 1181 384 1265 γάρ
408 1182 468 1242 ἐπὶ
490 1177 592 1265 ξυροῦ
613 1181 758 1264 ἐστησαν
782 1183 900 1267 αύτήν,
932 1183 966 1243 οἱ
995 1178 1031 1243 δέ
1060 1183 1120 1244 ἐπὶ
1149 1182 1316 1267 σφαίρας,
1347 1185 1381 1245 οὶ
1403 1183 1439 1246 δὲ

184 1280 352 1370 πηδάλιον
381 1280 509 1345 έδωκαν
536 1287 686 1368 κρατεῖν·
723 1285 757 1345 ol
787 1281 823 1346 δὲ
852 1284 893 1345 τά
922 1285 1063 1366 κρείττω
1098 1288 1286 1370 γράφοντες
1314 1287 1353 1347 τό
1382 1294 1441 1371 της

180 1379 390 1468 Ἀμαλθείας
413 1383 535 1448 ἔδοσαν
556 1390 656 1470 κέρας
678 1382 805 1472 πλῆρες
818 1387 874 1449 καί
890 1387 992 1471 βρύον
1014 1392 1091 1462 ταῖς
1114 1388 1229 1471 ὥραις,
1254 1387 1273 1448 δ
1295 1389 1330 1449 έν
1351 1389 1439 1471 μάχη

133 1507 160 1558 ιο
179 1479 342 1574 Ἡρακλῆς
360 1476 525 1570 Ἀχελῴου
548 1483 745 1573 ἀπέρρηξεν.
784 1489 823 1549 τδ
845 1489 906 1568 μέν
930 1487 988 1550 ούν
1004 1486 1103 1574 ξυρόν
1118 1491 1156 1550 τό
1180 1490 1357 1569 ἀπότομον
1379 1497 1439 1576 τῆς

183 1591 335 1670 εὐτυχίας
356 1592 490 1674 μηνύει·
513 1593 532 1675 ή
558 1587 593 1652 δὲ
620 1594 751 1676 σφαῖρα
766 1592 819 1652 δτι
834 1587 970 1666 εύκολος
992 1587 1195 1677 ήμεταβολή
1212 1593 1315 1677 αύτης
1330 1593 1440 1654 ἐστιν·

182 1695 217 1755 έν
239 1694 368 1778 κινήσει
389 1693 452 1774 γάρ
482 1694 635 1774 τυγχάνει
664 1695 811 1755 πάντοτε
842 1693 879 1754 ὃν
907 1695 946 1755 τό
976 1694 1084 1756 θεῖον.
1136 1695 1175 1755 τό
1205 1691 1242 1755 δὲ
1272 1691 1440 1778 πηδάλιον

184 1792 285 1880 δηλοῖ
308 1797 362 1857 δτι
389 1793 533 1879 κυβερνᾷ
560 1796 619 1856 τδν
648 1801 714 1856 τῶν
743 1795 941 1879 ἀνθρώπων
970 1794 1087 1880 βίονή
1117 1797 1207 1876 τύχη.
1260 1797 1298 1856 τό
1323 1793 1359 1857 δέ
1381 1805 1440 1882 τῆς

180 1888 390 1977 Ἀμαλθείας
418 1900 518 1981 κέρας
539 1899 658 1982 μηνύει
686 1899 745 1982 τήν
768 1902 834 1957 τῶν
858 1896 999 1978 ἀγαθῶν
1022 1893 1118 1958 δόσιν
1146 1917 1183 1958 τε
1203 1898 1260 1958 καὶ
1282 1895 1440 1978 εύδαιμο-

138 2019 165 2070 ιι
187 2000 270 2060 νίαν.
308 2001 352 2085 μή
377 1993 592 2079 ὀνομάζωμεν
616 1997 673 2060 ούν
694 1999 795 2083 κακήν
817 2018 893 2059 τινα
915 1999 1030 2082 τύχην·
1055 1994 1131 2059 ούδὲ
1153 1998 1216 2078 γάρ
1238 2001 1297 2084 τήν
1320 2000 1440 2085 ἀρετήν

186 2097 274 2183 λέγει
295 2122 349 2175 τις
371 2099 460 2162 εἶναι
480 2102 581 2186 κακήν
605 2096 681 2161 ούδὲ
704 2101 743 2160 τό
766 2099 899 2181 ἀγαθόν
919 2102 1029 2161 κακόν.

93 2638 185 2683 amu»
388 2625 461 2704 (41)
490 2619 642 2706 ΠΕΡΙ
671 2617 885 2701 ΤΥΧΗΣ
913 2619 1230 2708 ΔΕΥΤΕΡΟΣ.
1268 2646 1274 2660 ’

6 2701 14 2732 ι
71 2690 185 2742 (flaessln

762 2792 855 2802 -α

272 2915 321 2976 Τά
344 2918 521 2996 γιγνόμενα
546 2913 639 2998 παρά
662 2921 729 2975 τῶν
752 2915 949 2993 ἀνθρώπων
972 2913 1021 2986 είς
1043 2914 1103 2998 τήν
1125 2916 1224 2998 τύχην
1250 2912 1437 3002 ἐγκλήματα
1463 2920 1477 2981 1

183 3021 324 3097 μέγιστα
347 3018 387 3078 ἂν
410 3017 513 3099 έγωγε
535 3017 636 3100 θείην
657 3017 743 3101 ὑπὲρ
767 3017 869 3102 αὐτῆς
891 3016 1048 3096 ἐγκώμια.
1099 3016 1161 3091 τάς
1188 3023 1267 3098 γοῦν
1295 3015 1441 3104 ἀδήλους

184 3124 251 3179 τῶν
281 3119 487 3199 πραγμάτων
515 3114 706 3198 μεταβολάς
735 3119 785 3192 είς
806 3119 931 3202 ταύτην
954 3117 1181 3202 ἀναφέρουσι,
1203 3121 1259 3183 καί
1289 3119 1341 3195 οἷς
1369 3122 1439 3183 ἀπδ

137 3231 167 3282 20
187 3221 320 3304 γνώμης
343 3221 618 3305 ἐπιχειρήσαντες
641 3217 841 3304 διήμαρτον,
864 3221 992 3281 τούτων
1021 3220 1227 3305 ἀφῃρῆσθαι
1248 3217 1441 3301 νομίζουσιν

184 3323 251 3384 ὑπὸ
268 3328 327 3406 της
342 3322 451 3405 τύχης,
469 3323 516 3397 ὡς
532 3323 643 3384 πάντα
660 3326 866 3404 περιποιεῖν,
890 3323 921 3383 εί
938 3318 1094 3406 θελήσαι,
1112 3320 1305 3409 δυναμένης.
1343 3326 1439 3387 ἀκού-

186 3441 263 3498 σαις
286 3414 319 3485 δ’
344 3424 385 3485 ἂν
401 3425 611 3503 οίτιωμένοιν
635 3425 737 3510 αύτήν
758 3426 814 3486 καί
835 3429 990 3507 γεωργῶν
1013 3425 1069 3485 καὶ
1084 3425 1244 3508 ἐμπόρων
1259 3428 1315 3488 καὶ
1338 3424 1440 3488 πλου-

186 3527 269 3588 σίων
292 3527 352 3588 ἐπί
373 3530 447 3601 τοῖς
467 3527 616 3610 χρήμασι
637 3529 694 3590 καλ
714 3522 824 3588 καλῶν
847 3527 906 3588 ἐπί
928 3530 1001 3600 τοῖς
1027 3527 1162 3605 σώμασι
1183 3528 1240 3588 καί
1262 3527 1441 3603 Πανθείας

184 3630 244 3690 ἐπὶ
270 3625 318 3710 τῷ
348 3624 445 3710 ἀνδρί
473 3630 530 3690 καί
557 3629 708 3713 Κροίσου
737 3629 794 3689 ἐπὶ
823 3627 872 3709 τῷ
900 3624 1001 3689 παιδί
1031 3627 1088 3687 καλ
1112 3618 1316 3710 Ἀστυάγους
1344 3633 1440 3714 ήττη-

136 3743 165 3792 25
189 3731 311 3805 θέντος
338 3733 395 3794 καλ
416 3719 655 3814 Πολυκράτους
683 3726 879 3803 έαλωκότος.
935 3730 991 3790 καὶ
1018 3729 1153 3811 Πέρσαι
1183 3726 1219 3791 δὲ
1249 3731 1441 3816 ἐμέμφοντο

184 3837 243 3920 τήν
265 3834 365 3917 τύχην
386 3833 471 3912 μετά
494 3835 554 3918 τήν
576 3834 690 3916 Κύρου
715 3833 847 3917 σφαγήν
868 3831 924 3893 καί
947 3827 1143 3905 Μακεδόνες
1164 3831 1249 3910 μετά
1272 3834 1332 3918 τήν
1351 3823 1442 3894 Ἀλε-

830 3971 906 3977 -..-.
922 3971 1084 3976 --.-.-..-
1108 3971 1147 3977 --
1187 3972 1435 3982 -η--Ἶ

10 4009 27 4060 λ
272 4046 451 4125 1γηρυιύνου
467 4049 497 4104 Μ
565 4043 633 4115 τοὺς
649 4047 676 4102 Η
744 4044 919 4120 λάφείλατο
938 4046 967 4100 Μ
1035 4044 1141 4115 καλούς
1160 4044 1289 4115 ύνταςΗ
1359 4055 1442 4122 δτῆς

184 4134 268 4211 τύχης
284 4137 310 4191 Η
396 4130 518 4208 δέχηΡ
606 4131 744 4192 Βέδονκεν
761 4134 782 4188 P
800 4150 835 4190 m.
852 4149 893 4204 pr.
985 4126 1165 4203 θάμαλθλας
1181 4135 1206 4190 U
1224 4150 1258 4187 m.
1276 4148 1317 4204 pr.
1336 4133 1364 4186 M

186 4229 217 4280 1⁰
235 4220 376 4296 ἀπέρρηξε
393 4219 445 4276 HU
499 4224 530 4275 11
548 4216 768 4278 πιόάλιονΡιο.
786 4235 828 4290 pr.
884 4225 914 4274 15
934 4213 1118 4288 ὀνομάζομεν
1135 4217 1207 4274 Um.
1219 4233 1262 4289 pr.
1317 4221 1347 4271 11
1365 4211 1441 4290 γινύ·

183 4308 336 4378 μενα111π1
407 4311 437 4361 18
457 4301 493 4363 τὰ
511 4305 542 4360 Μ
593 4310 626 4360 10
644 4299 832 4379 ἀφαιρεῖσθαι
842 4303 917 4360 UBH
935 4297 1150 4379 ἀφερεῑσθαιΡ
1218 4303 1407 4371 νομίζουσιΡ

185 4399 214 4450 11
236 4389 295 4452 ἀπὸ
314 4393 384 4458 libri,
403 4407 472 4448 corr.
491 4390 591 4447 Reiuke
659 4390 686 4448 εί
701 4386 855 4461 θελήσαιΡ
873 4391 900 4447 εί
915 4386 1031 4462 θελήσει
1043 4389 1068 4443 Η
1080 4387 1214 4461 ἐθελήσαι
1227 4386 1304 4442 111111
1317 4403 1353 4444 m.
1365 4404 1406 4458 pr,

184 4473 305 4545 ἀκούσας
323 4479 343 4531 Ρ
360 4493 396 4531 m.
414 4493 455 4546 pr.
548 4480 581 4530 22
599 4479 742 4546 exspecto:
765 4479 903 4548 γεωργῶν
920 4472 979 4546 (ἐπὶ
997 4483 1060 4541 τοῖς
1080 4475 1221 4548 καρποῖς)
1237 4473 1285 4528 καί
1304 4469 1442 4543 ἐμπύρων

182 4562 247 4632 (ἐπὶ
265 4573 327 4630 ταῖς
345 4563 461 4630 ναυσὶν)
530 4567 561 4617 11
580 4563 702 4632 κροίσου
717 4565 757 4625 (οι
774 4577 791 4616 α
809 4565 891 4628 corr.)
908 4560 932 4616 U

1184 4645 1240 4697 1⁰*
