3526 5264
657 359 795 418 ORATIO
813 361 937 420 mvl.

32 683 153 738 (αοειυ
541 655 615 732 (59)
648 648 801 733 ΠΕΡΙ
830 649 1048 732 ΕΘΟΥΣ

242 937 335 1010 Ἔστι
357 941 393 1008 δὲ
416 946 456 1006 τό
479 944 564 1020 ἔθος
585 944 697 1028 γνώμη
720 945 782 1024 μὲν
810 951 878 1006 τῶν
905 950 1088 1029 χρωμένων
1115 947 1227 1031 κοινή,
1258 948 1362 1025 νόμος
1385 943 1421 1008 δὲ
1448 937 1461 997 l

162 1051 317 1134 ἀγραφσς
339 1047 464 1122 ἔθνους
484 1047 504 1132 ἢ
522 1042 666 1123 πόλεως,
689 1041 820 1109 δίκαιον
837 1044 873 1109 δὲ
896 1049 1060 1125 ἑκούσιον,
1082 1047 1168 1110 κατά
1190 1039 1296 1110 ταύτά
1320 1054 1425 1111 πᾶσιν

164 1152 323 1236 ἀρέσκον,
354 1151 482 1234 εδρημα
512 1145 547 1210 δέ
577 1149 775 1232 ἀνθρώπων
805 1140 959 1226 οὐδενός,
989 1146 1074 1212 ἀλλά
1104 1149 1181 1231 βίου
1209 1152 1267 1213 καί
1291 1153 1425 1234 χρόνου.

164 1260 232 1316 τῶν
253 1254 315 1333 μὲν
338 1251 396 1315 οδν
419 1247 531 1313 ἀλλων
561 1253 674 1330 νόμων
704 1253 845 1328 ἕκαστος
874 1248 969 1329 ἅπαξ
997 1249 1222 1332 δοκιμασθείς
1244 1250 1344 1335 ἔλαβε
1367 1256 1427 1339 τὴν

130 1382 147 1432 5
170 1357 279 1435 ίσχόν·
302 1356 341 1417 τό
365 1350 401 1416 δὲ
424 1354 510 1428 ἔθος
531 1354 585 1416 ἀεί
607 1348 832 1435 δοκιμάζεται.
876 1356 933 1418 καί
954 1357 1058 1434 νόμος
1079 1355 1140 1435 μὲν
1164 1345 1276 1431 οὐδεὶς
1298 1351 1428 1439 ῥᾳδίως

166 1459 234 1521 ὐπδ
251 1459 389 1520 πάντων
404 1456 661 1541 ἐγκριθήσεται·
683 1461 759 1532 ταῖς
773 1457 835 1541 γδρ
851 1463 918 1520 τῶν
934 1453 1102 1520 πλειόνων
1118 1453 1237 1535 δόξαις
1250 1465 1427 1542 κυροῦται·

165 1560 251 1636 ἔθος
276 1555 312 1622 δὲ
336 1550 396 1621 οὐκ
417 1559 493 1644 ἐνῆν
514 1557 679 1640 γενέσθαι
699 1560 744 1644 μὴ
769 1556 984 1643 προσδεχθὲν
1006 1560 1074 1621 όπδ
1091 1562 1239 1622 πάντων.
1277 1561 1429 1634 κάκεῖνος

166 1657 317 1724 ἀπειλῶν
345 1661 401 1724 καὶ
422 1655 623 1741 βιαζόμενος
643 1664 739 1740 μένει
759 1663 890 1744 κόριος,
919 1663 988 1724 όπδ
1019 1657 1055 1723 δὲ
1089 1669 1156 1725 τῶν
1186 1663 1280 1725 ἔθῶν
1304 1661 1428 1724 πειθό-

165 1783 263 1844 μενοι
283 1763 340 1825 καί
360 1759 446 1824 καλά
468 1763 525 1824 καί
548 1767 763 1849 συμφέροντα
785 1764 940 1848 κρίνομεν
964 1753 1060 1830 αῧτά.
1099 1763 1154 1828 διό
1175 1785 1238 1846 μοι
1261 1762 1358 1830 δοκεῖ
1375 1785 1428 1840 τις
1451 1755 1472 1817 2

121 1875 149 1927 1ο
171 1867 211 1929 δν
236 1866 465 1949 προσεικάσαι
493 1866 552 1927 τόν
580 1866 642 1945 μὲν
665 1866 834 1951 ἔγγραφον
862 1869 965 1946 νόμον
993 1875 1035 1952 τῇ
1063 1864 1204 1948 δυνάμει
1225 1875 1285 1952 τῆς
1313 1887 1431 1949 τυραν-

168 1963 277 2043 νίδος·
309 1968 405 2051 φόβῳ
428 1967 491 2050 γάρ
521 1969 662 2029 ἕκαστον
690 1969 746 2030 καὶ
767 1968 853 2048 μετδ
877 1971 1142 2051 προστάγματος
1165 1966 1430 2053 διαπράττεται·

167 2071 206 2132 τό
231 2067 267 2132 δὲ
290 2069 375 2145 ἔθος
396 2066 522 2150 μᾶλλον
548 2065 872 2154 τῇφιλανθρωπίᾳ
901 2078 961 2155 τῆς
990 2067 1177 2151 βασιλείας.
1230 2068 1432 2152 βουλόμενοι

80 2247 86 2260 .
167 2171 231 2254 γάρ
255 2163 345 2254 αὐτῷ
370 2173 496 2247 πάντες
516 2173 574 2234 καί
596 2168 673 2250 δίχα
689 2173 834 2256 άνάγκης
849 2174 1002 2234 όπονται.
1039 2172 1096 2234 καί
1111 2175 1236 2252 νόμους
1249 2174 1311 2252 μὲν
1335 2171 1432 2252 ἴσμεν

170 2269 319 2348 πολλοῖς
341 2274 568 2358 ἀνῃρημένους
590 2275 658 2336 όπδ
681 2281 749 2338 τῶν
764 2274 896 2336 θέντων
919 2265 1051 2351 αὐτούς,
1074 2276 1122 2349 ὡς
1137 2275 1325 2358 πονηροῖς·
1348 2273 1434 2347 ἔθος

124 2385 153 2437 11
175 2372 212 2437 δὲ
236 2367 295 2438 οὐκ
324 2376 366 2438 άν
395 2364 505 2452 οὐδεὶς
531 2374 660 2462 ῥᾳδίως
691 2373 812 2454 δείξειε
842 2372 1029 2458 λελυμένον.
1079 2377 1137 2439 καί
1165 2372 1230 2461 μὴν
1259 2372 1307 2458 τῷ
1331 2375 1436 2437 παντὶ

172 2475 257 2563 ῥᾷόν
279 2480 371 2541 ἔστιν
394 2475 523 2542 ἀνελεῖν
545 2482 610 2558 ό,τι
637 2477 754 2561 βούλει
782 2486 849 2542 τῶν
877 2480 1054 2564 ἔγγράφων
1083 2480 1103 2564 ἢ
1141 2484 1209 2541 τῶν
1238 2477 1341 2540 ἐθῶν.
1392 2477 1434 2538 τά

171 2581 233 2662 μὲν
255 2581 316 2664 γάρ
340 2581 381 2643 ἀν
403 2577 601 2666 ἀπαλείψῃς
631 2579 740 2661 ἅπαξ,
770 2585 878 2668 ἡμέρᾳ
905 2579 969 2666 μιᾷ
1000 2579 1152 2646 λέλυται·
1185 2581 1371 2666 συνήθειαν
1395 2577 1431 2642 δὲ
1457 2573 1475 2637 3

174 2680 308 2759 πόλεως
330 2673 389 2746 οδκ
411 2684 504 2747 ἔστιν
526 2685 562 2747 ἔν
585 2687 675 2748 πάνυ
698 2681 817 2768 πολλοί
839 2681 1027 2748 καταλῦσαι
1046 2688 1167 2769 χρόνῳ.
1204 2685 1353 2746 κάκεῖνοι
1375 2684 1436 2764 μὲν

173 2788 208 2849 ἔν
232 2788 365 2850 σανίσιν
387 2789 407 2873 ἢ
432 2785 572 2875 στήλαις
595 2784 840 2874 φυλάττονται·
869 2794 936 2850 τῶν
966 2784 1003 2850 δὲ
1031 2790 1171 2850 ἕκαστον
1194 2789 1230 2849 ἔν
1260 2790 1337 2861 ταῖς
1358 2789 1437 2870 ήμε·

125 2897 155 2950 11
176 2892 291 2974 τόραις
312 2895 450 2972 ψυχαῖς.
496 2886 735 2976 ἀσφαλεστέρα
760 2888 796 2953 δὲ
818 2891 875 2953 καί
896 2892 1057 2975 κρείττων
1086 2894 1106 2975 ό
1130 2891 1269 2974 τοιαύτη
1295 2884 1436 2974 φυλακή.

174 2992 231 3054 καί
250 2987 317 3076 μὴν
340 2993 359 3053 ό
379 2994 442 3072 μὲν
463 2993 632 3077 ἔγγραφος
654 2995 758 3073 νόμος
781 2984 948 3078 αὐστηρός
971 2993 1046 3055 ἔστι
1066 2992 1123 3054 καί
1154 2991 1302 3077 ἀπηνής,
1333 2989 1439 3063 ἔθους

175 3090 210 3155 δδ
236 3085 334 3154 οὐδὲν
356 3089 463 3178 ἥδιον.
508 3093 630 3155 ἔπειτα
660 3095 740 3169 συός
768 3096 892 3175 νόμους
921 3086 1006 3178 παρ’
1032 3090 1144 3156 ἀλλων
1174 3091 1438 3171 πυνθανόμεθα,

70 3205 162 3258 (⁰⁴⁹¹)
176 3196 218 3257 τά
243 3192 279 3258 δέ
302 3194 368 3280 ἔθφ
393 3197 519 3270 πάντες
534 3197 764 3276 ἔπιστάμεθα.
800 3198 961 3260 κάκείνων
975 3200 1037 3277 μέν
1053 3197 1141 3259 είσιν
1157 3187 1196 3259 οὗ
1214 3201 1335 3282 σαφῶς
1350 3194 1437 3257 ἔνιοι
1459 3195 1480 3254 4

176 3301 401 3382 γεγραμμένοι
414 3300 471 3361 καί
487 3295 754 3383 διαστρέφονται
769 3295 934 3375 πολλάκις
945 3301 1013 3362 όπδ
1026 3307 1086 3386 τῆς
1097 3305 1164 3361 τῶν
1176 3300 1329 3386 ρητόρων
1343 3294 1441 3360 δυνά·

267 3520 279 3569 1
300 3511 320 3572 ό
337 3529 387 3585 pro
405 3511 440 3572 τὸ
459 3514 489 3569 Μ
577 3518 637 3571 ταῖν
652 3509 771 3589 χρόνων
788 3513 810 3568 Ρ
827 3517 904 3582 (mig.
923 3534 967 3587 γρ.
983 3513 1151 3587 χρωμένων)
1170 3519 1212 3572 wi
1227 3513 1328 3589 χρόνοι
1346 3515 1373 3570 Η

180 3603 345 3659 iaculante
361 3603 472 3658 δίκαιον
488 3600 551 3656 εδδ.
568 3616 604 3655 m.
623 3600 719 3658 οεσ.Ρ
803 3602 853 3656 καί
869 3590 960 3657 ταύτά
977 3600 1001 3653 Β
1017 3601 1066 3655 καί
1083 3603 1173 3656 ταῦτα
1191 3599 1217 3655 U
1234 3617 1269 3658 m.
1288 3617 1329 3672 pr.
1348 3602 1379 3656 M
1395 3608 1444 3662 καί

178 3683 252 3746 κατὰ
272 3679 363 3746 ιιιάτδι
381 3685 440 3754 PH,
458 3702 528 3743 corr.
546 3686 629 3743 Dind.
700 3691 715 3743 3
733 3675 839 3758 εὕρεμα
858 3684 929 3751 libri,
947 3699 1017 3740 corr.
1035 3685 1116 3740 Dind.
1176 3682 1302 3757 ίνόμυς
1320 3683 1443 3756 ἑκάστας

178 3772 210 3828 Μ
227 3773 319 3843 νόμος
336 3767 460 3832 ἑκάστυιι
481 3770 506 3828 U
524 3788 559 3826 m.
578 3788 620 3842 pr.
637 3773 662 3828 B
732 3777 747 3826 5
765 3765 835 3837 ἔθος
852 3764 897 3828 ἀεὶ
914 3771 1098 3840 δοκιμάζεται
1108 3768 1159 3825 ΡΗ
1176 3765 1247 3839 ἔθος
1264 3766 1444 3844 άπαδοκιμό·

180 3861 260 3928 ζετυιι
277 3859 302 3915 U
319 3862 347 3926 (ε
364 3873 435 3914 corr.
454 3852 527 3915 άτιο·
545 3857 677 3926 deletum,
700 3851 746 3916 άεί
770 3856 903 3923 additum)
921 3856 952 3911 Μ
969 3851 1043 3923 ἔθος
1058 3849 1130 3914 αὐτὸ
1148 3855 1333 3928 δοκιμάζεται
1350 3859 1375 3914 Β

180 3942 287 4022 ῥᾳδίως
303 3947 338 4011 (ω
356 3957 374 3998 a
391 3948 472 4011 corr.)
489 3942 514 3999 U
602 3946 617 3997 δ
634 3939 837 4016 ἐγκριθήσεται
854 3941 959 4012 scripsi,
975 3937 1144 4014 κριθήσεται
1160 3942 1225 3998 libri
1309 3945 1445 4004 πλεόνων

181 4028 261 4085 UBM
313 4024 439 4086 ’ίένεστι
449 4028 500 4085 ΡΗ
553 4020 737 4100 Simoin?
792 4032 823 4081 10
837 4021 985 4100 ἔγγραφον
996 4026 1194 4097 compendioii
1245 4026 1300 4087 τόν
1316 4030 1370 4100 μὲν
1387 4027 1445 4103 γάρ

181 4109 317 4186 ἄγραφον
334 4115 362 4172 U
377 4131 414 4172 m.
432 4132 473 4186 pr.
564 4121 592 4171 11
612 4111 735 4181 ἕκαστος
752 4114 783 4169 Μ
871 4118 903 4170 13
922 4105 993 4171 αὐτὸ
1011 4112 1074 4168 libri
1090 4119 1200 4183 praeter
1217 4113 1247 4168 Μ
1324 4111 1444 4174 ἕπονται

183 4199 300 4268 aeolius,
318 4198 432 4260 οἴονται
448 4202 511 4258 libri
582 4206 612 4258 15
631 4203 747 4269 δείξειεν
765 4199 836 4258 Um.
848 4215 890 4269 pr.
909 4201 993 4267 δείξει
1006 4197 1036 4252 Μ
1107 4203 1139 4255 ίθ
1157 4194 1261 4279 ῥᾴδιόν
1277 4196 1356 4257 ἔστιν
1372 4199 1445 4269 libri,

184 4300 255 4341 corr.
273 4285 339 4341 editi
409 4291 439 4342 11
459 4279 623 4360 άτιολείφρς
639 4287 678 4352 Μ,
694 4286 759 4341 item
777 4285 964 4355 superscripto
982 4305 1001 4341 α
1018 4283 1045 4338 Η
1100 4273 1181 4352 άπαξ
1196 4289 1261 4355 post
1275 4288 1328 4365 μιᾷ
1344 4284 1395 4340 ΡΗ

186 4375 217 4426 18
235 4366 313 4429 ἔστιν
330 4371 358 4431 εἰ
372 4367 412 4444 μὴ
430 4370 463 4430 ἔν
480 4372 528 4429 UB
545 4373 584 4440 (in
601 4371 632 4426 Μ
649 4371 677 4430 εί
691 4365 730 4444 μὴ
747 4387 766 4428 ε
782 4386 854 4427 corr.
871 4370 947 4438 εδδ)
1014 4367 1121 4428 ἐκεῖνοι
1137 4369 1232 4441 μλνΒ
1306 4373 1339 4425 20
1354 4379 1447 4446 κρεῖτ·

183 4474 237 4512 τον
254 4455 279 4512 U
295 4473 331 4512 m.
349 4473 391 4528 pr.
495 4449 698 4530 ἀσφαλέστερα
722 4460 752 4512 et
773 4465 923 4530 κρεῖτιωιι
948 4459 982 4523 (ε.
1008 4455 1120 4522 τιτλΡ
1225 4459 1258 4510 12
1275 4455 1329 4526 μὲν
1345 4470 1397 4526 pro
1417 4457 1448 4515 δὲ

183 4541 319 4613 Ρωρτ.
390 4535 756 4602 modoinum?
