3476 5264
657 379 795 437 omlo
812 379 899 438 XXV.
1347 384 1410 448 279

152 553 284 631 ἐλαίαις
302 555 580 640 κατεφύτευσαν,
614 554 868 640 Πεισιστράτου
904 556 1177 642 προστάξαντος·
1211 562 1268 625 καί
1301 557 1409 624 τάλλα

152 660 247 732 ὅπως
269 659 395 732 ἐκεῖνος
416 653 585 738 έβοόλετο,
608 657 715 733 ούτως
736 659 915 743 όπραττον.
956 663 1096 747 ὕστερον
1119 659 1155 726 δὲ
1179 661 1263 739 ἴσως
1285 660 1409 738 ἀλλους
1430 665 1452 724 4

152 779 189 822 τε
212 759 297 844 φαίη
320 779 374 834 τις
396 759 437 821 ἀν
464 759 521 822 καί
545 755 776 839 Θεμιστοκλέα
806 763 863 824 καί
883 759 1052 847 Περικλέα
1081 764 1246 846 γενέσθαι
1274 764 1324 842 (ού
1346 764 1410 849 γάρ

153 862 295 946 ἀνήκοος
325 859 435 947 δήπου
465 863 637 944 τυγχάνεις
666 863 746 947 περὶ
771 868 845 926 τοῖν
875 861 1024 949 ἀνδροῖν)
1053 866 1111 927 τόν
1139 869 1200 945 μέν
1208 913 1216 942 ,
1252 868 1306 928 ότι
1334 887 1412 929 ναυ-

118 971 134 1021 σ
154 968 273 1048 μαχοῖη
280 953 487 1049 Ἀθηναίους
498 966 663 1050 ήνάγκασε
676 959 798 1041 πεζούς
809 968 974 1051 πρότερον
987 968 1086 1042 όντας
1095 968 1153 1030 καί
1163 969 1223 1052 τήν
1232 968 1345 1053 χώραν
1356 968 1413 1030 καί

52 1075 102 1126 (m
115 1070 211 1153 Μιτήν
224 1063 326 1130 πόλιν
341 1071 549 1151 προεμένους
564 1071 638 1142 τοῖς
648 1068 835 1153 βαρβάροις
846 1070 903 1132 καί
917 1069 1010 1134 θεῶν
1023 1070 1097 1155 ίερά
1112 1070 1169 1133 καί
1179 1069 1311 1155 τάφους
1326 1087 1412 1154 προ·

153 1171 260 1252 γόνων
282 1171 319 1231 έν
340 1174 416 1244 ταῖς
437 1170 537 1233 ναυσί
558 1169 781 1255 ποιήσασθαι
803 1173 915 1234 πάντα
938 1172 980 1233 τά
999 1176 1147 1258 σφέτερα
1163 1173 1346 1256 πράγματα
1368 1203 1411 1214 -

151 1272 210 1334 καί
229 1271 370 1355 ὕστερον
390 1273 449 1332 τόν
471 1271 623 1357 Πειραιᾶ
640 1273 789 1353 τειχίσαι
812 1270 980 1337 πλειόνων
1001 1275 1021 1359 ή
1044 1275 1239 1359 ἐνενήκοντα
1264 1270 1412 1336 σταδίων

152 1374 210 1436 καί
220 1369 306 1435 ἀλλα
323 1379 464 1435 τοιαῦτα
479 1371 689 1457 προσέταξεν
708 1375 833 1454 αὐτοῖς,
851 1373 898 1439 ὥν
908 1377 950 1438 τά
962 1379 1024 1456 μὲν
1039 1377 1099 1439 δπλ
1113 1382 1276 1439 τοσοῦτον
1288 1375 1412 1459 έπρατ-

107 1483 136 1537 10
157 1494 215 1538 τον
236 1467 296 1560 ἀφ’
320 1477 400 1538 όσον
422 1476 548 1551 ἐκεῖνος
568 1484 691 1562 παρῆν,
713 1477 755 1538 τά
778 1474 892 1541 δὲκαὶ
915 1481 1081 1563 φυγόντος
1103 1479 1207 1541 αὐτοῦ
1226 1479 1283 1540 καί
1303 1473 1414 1540 τελευ-

153 1580 327 1664 τήσαντος.
377 1576 434 1640 καί
460 1578 546 1658 μετὰ
578 1585 682 1641 ταῦτα
712 1575 835 1655 ἀλλους
863 1580 959 1656 τινάς
988 1579 1073 1656 ἴσως
1102 1582 1225 1666 φήσεις
1247 1577 1413 1660 δαίμονας

152 1683 324 1763 γεγονέναι
358 1685 426 1742 τῶν
456 1668 669 1764 Ἀθηναίων,
710 1680 783 1744 οίον
813 1674 1030 1768 Ἀλκιβιάδην
1065 1684 1124 1746 τδν
1160 1678 1320 1745 Κλεινίου
1356 1682 1415 1746 καί

153 1784 277 1846 Νικίαν
298 1783 357 1845 καί
370 1778 511 1844 Κλέωνα
533 1785 590 1846 καί
607 1774 820 1868 Ὑπέρβολον,
842 1787 922 1861 τούς
937 1790 998 1866 μέν
1013 1805 1109 1860 τινας
1123 1786 1288 1859 ἐπαινεῖς
1302 1785 1412 1863 τυχόν,

153 1887 232 1961 τούς
254 1881 290 1947 δὲ
314 1887 404 1947 πάνυ
427 1886 598 1968 πονηρούς
618 1905 654 1948 τε
675 1885 733 1949 καί
755 1883 937 1966 χαλεπούς.
990 1889 1042 1950 έτι
1071 1883 1106 1949 δὲ
1130 1887 1242 1972 Κῦρον
1264 1886 1409 1971 Περσῶν
1432 1888 1452 1951 5

107 1997 136 2050 1⁶
157 1989 228 2050 ἀπὸ
248 1989 370 2070 χρόνου
392 1987 485 2060 τινός
506 1981 650 2066 δαίμονα
672 1988 837 2069 γενέσθαι
858 1981 936 2073 [καί]
950 1986 1127 2070 βασιλικόν
1148 2009 1224 2052 τινα
1246 1989 1303 2051 καί
1325 1985 1416 2052 δλευ·

153 2091 292 2175 ἀέριον,
323 2089 361 2164 δς
384 2084 605 2163 δουλεύοντας
633 2087 755 2164 αύτούς
777 2086 917 2174 Μήδοις
945 2093 1112 2175 πρότερον
1142 2091 1193 2165 είς
1214 2086 1414 2175 ἐλευθερίαν

154 2189 315 2278 ἀφείλετο
343 2191 400 2252 καί
429 2191 567 2252 πάντων
595 2190 751 2276 ἀπέφηνε
780 2187 952 2267 δεσπότας
980 2198 1048 2254 τῶν
1081 2191 1167 2254 κατά
1196 2194 1255 2277 τήν
1283 2182 1414 2256 Ἀσίαν.

155 2296 207 2358 ἔτι
229 2291 265 2357 δὲ
288 2294 475 2378 Καμβύσην
496 2293 554 2354 καί
575 2293 724 2375 Δαρεῖον
745 2293 802 2355 καί
823 2295 903 2369 τούς
925 2290 1047 2368 ἀλλους
1075 2294 1155 2368 τούς
1183 2289 1323 2380 ίφεξῆς,
1354 2296 1413 2356 τόν

154 2399 216 2478 μὲν
238 2397 426 2480 Καμβύσην
447 2397 489 2456 τά
511 2415 548 2458 τε
567 2396 722 2480 χρήματα
746 2396 857 2458 αὐτῶν
879 2393 1103 2459 ἀναλίσκοντα
1133 2395 1189 2458 καί
1212 2395 1334 2470 αύτούς
1355 2415 1414 2458 κα·

27 2495 137 2599 λᾶήήβκ)
158 2497 381 2577 τατοξεύοντα
410 2499 467 2560 καί
498 2498 676 2582 στρατείας
704 2500 967 2582 προστάσσοντα
1000 2493 1155 2578 χαλεπάς
1181 2498 1238 2560 καί
1267 2501 1415 2577 συνεχεῖς

154 2601 212 2666 καί
232 2597 404 2686 μηδέποτε
432 2601 540 2662 ίῶντα
571 2599 659 2663 οἴκοι
687 2604 818 2681 μένειν·
847 2603 906 2664 τόν
936 2598 972 2665 ἀί
993 2603 1143 2686 Δαρεῖον
1167 2602 1323 2686 χρήματα
1353 2601 1414 2680 μίν

156 2707 202 2782 ὡς
231 2703 304 2768 οίόν
332 2723 370 2766 τε
398 2700 509 2766 πολλά
540 2705 767 2785 συναγαγόντα
802 2705 859 2767 καί
888 2711 928 2790 τῇ
959 2706 1055 2790 χώρᾳ
1089 2706 1267 2786 γενόμενον
1302 2701 1414 2768 αἴτιον

155 2811 251 2883 όπως
272 2807 542 2892 ἐργασθήσεται,
572 2802 745 2886 πολέμους
775 2802 811 2868 δὲ
833 2808 890 2869 καί
917 2814 1037 2870 τοῦτον
1059 2801 1287 2889 ἀναγκάζοντα
1311 2801 1414 2869 πολε·

154 2915 231 2991 μεῖν
250 2906 422 2990 χαλεπούς
443 2910 500 2971 καί
521 2905 766 2986 ἐπικινδύνους,
788 2908 948 2993 καθάπερ
973 2907 1071 2989 οἶμαι
1092 2909 1151 2970 τόν
1174 2909 1262 2992 πρός
1276 2906 1414 2982 Σκύθας

103 3021 133 3073 25
154 3013 211 3074 καί
232 3013 291 3073 τόν
314 3001 629 3095 πρδςἈδηναίσυς.
669 3011 756 3072 ούτω
781 3007 817 3073 δὲ
832 3011 889 3073 καί
903 3012 1042 3092 Νουμᾶν
1056 3001 1289 3091 μλνῬωμαῖοι
1311 3009 1410 3087 τυχόν
1433 3012 1454 3076 6

156 3114 198 3177 ἀν
221 3109 349 3195 λέγοιεν
372 3113 481 3175 αὐτῶν
504 3109 666 3192 δαίμονα,
695 3109 925 3198 Καρχηδόνιοι
948 3109 984 3176 δὲ
1001 3104 1152 3176 ’Ἀννωνα
1174 3113 1231 3174 καί
1248 3103 1416 3192 Ἀννίβαν,

157 3213 354 3290 Μακεδόνες
377 3211 413 3276 δὲ
432 3205 651 3298 Ἀλέξανδρον
673 3216 692 3299 ή
718 3211 914 3294 Φίλιππον,
945 3215 984 3291 δς
1006 3213 1209 3290 Μακεδόνας
1232 3211 1416 3287 ταπεινούς

157 3321 258 3393 όντας
278 3319 336 3380 καί
351 3316 521 3393 ἀσθενεῖς,
544 3309 623 3399 [καί]
639 3323 701 3378 τοῦ
715 3319 846 3401 πατρὸς
860 3318 965 3380 αὐτοῦ
979 3319 1290 3403 παραχωρήσαντος
1304 3306 1416 3378 Ὀλυν-

245 3625 257 3675 1
277 3610 467 3692 πισιστράτου
484 3613 513 3669 Μ
531 3627 571 3669 σι’.
590 3613 642 3669 vll
661 3614 740 3682 5107
758 3619 898 3684 comparat
915 3613 995 3686 Emp.
1064 3610 1101 3674 τὰ
1119 3611 1192 3675 ἀλλα
1210 3616 1258 3672 UB
1332 3619 1415 3674 δεταί

158 3705 299 3782 Περικλέα
316 3719 369 3760 om.
387 3699 417 3754 Μ
519 3698 656 3772 γενέσθαι
674 3699 733 3755 soil.
751 3699 908 3772 Ἀθηναίων
929 3701 1070 3772 δαίμονας
1165 3706 1183 3756 4
1206 3693 1325 3773 ἀνδροῖν
1339 3703 1378 3768 (οι
1396 3715 1415 3758 a

158 3791 282 3854 τοιαδί]
351 3807 387 3844 το
404 3785 499 3857 μὲνὶί
569 3783 776 3857 δπραεμένοις
794 3785 824 3840 Μ
910 3789 1070 3859 Θτειχήσαι
1088 3785 1118 3841 Μ
1187 3783 1316 3845 πλιόνων
1333 3785 1365 3843 Μ

156 3873 346 3949 ἐννενήκοντα
358 3872 408 3930 UB
426 3871 494 3926 haec
510 3883 634 3939 pugnare
651 3870 736 3926 videri
753 3883 815 3925 eum
826 3868 914 3927 Thue.
927 3869 954 3925 11
967 3876 997 3926 1³
1016 3875 1069 3930 τοῦ
1080 3875 1222 3944 Πειραιῶς
1239 3867 1288 3939 ξύν
1301 3875 1415 3930 Μουνυ-

154 3965 206 4042 χίη
223 3957 359 4034 ἑξήκοντα
376 3957 430 4028 μὲν
447 3957 573 4014 σταδίων
591 3949 607 4014 ὁ
626 3945 705 4023 λίπος
720 3957 880 4029 περίβολος
896 3955 1050 4014 observavit
1065 3956 1145 4027 Emp.
1164 3957 1204 4020 (ln
1226 3955 1345 4022 schediu)

160 4054 189 4104 11
208 4049 347 4118 δαίμονας
363 4039 463 4118 φήσεις
479 4042 542 4110 (hoc
560 4041 667 4110 ord.)U
721 4045 751 4096 15
769 4034 830 4100 ἀνιδ
848 4041 919 4109 libri,
936 4039 983 4100 δαί
1000 4041 1079 4114 Emp.
1096 4041 1244 4111 quodmihi
1260 4057 1317 4098 non
1335 4039 1415 4097 suffi-

157 4149 219 4191 εετο
235 4133 341 4190 εἰδυῖαι
408 4131 457 4186 καὶ
474 4127 586 4185 seclusit
603 4127 729 4184 Reinkiuu
801 4132 832 4182 1¹1
851 4121 973 4198 ἀφέλετε
991 4127 1022 4182 Μ
1073 4123 1215 4200 δεσπότην
1226 4126 1354 4184 mmm.
1372 4141 1415 4198 pr.

155 4225 304 4288 (superant.
322 4217 379 4283 -ας)
462 4218 492 4270 19
508 4204 635 4286 χρήματ’
653 4212 685 4266 Μ
768 4210 1015 4281 κατατοξεύσντατ
1033 4211 1256 4270 Herodotum
1274 4213 1417 4283 compunt

157 4305 237 4372 Emp.
290 4305 323 4357 20
341 4302 480 4374 στρατίας
497 4299 526 4352 Μ
544 4294 683 4374 στρατιὰς
699 4297 748 4355 UB
767 4298 960 4371 στρατείαςΤ
1012 4293 1237 4371 προστάσσοντα
1251 4295 1306 4353 ΠΜ
1324 4313 1416 4369 προο-

156 4382 343 4447 τάττονταΒ
395 4389 425 4441 21
446 4405 493 4443 σοι
510 4387 560 4443 καί
576 4399 626 4456 pro
646 4381 722 4443 οἴκοι
739 4381 769 4436 Μ
821 4387 854 4439 22
872 4379 913 4452 ὥς
930 4381 1042 4444 οἴονται
1058 4382 1147 4450 ΠΒΜ,
1165 4376 1205 4449 ὥς
1223 4375 1289 4441 οίόν
1304 4381 1379 4441 τεΤ

158 4475 191 4527 26
209 4464 305 4530 αὐτῶν
322 4471 351 4527 Μ
369 4466 460 4530 τιλτὸν
476 4471 533 4538 UB,
551 4485 621 4527 corr.
633 4469 714 4540 Emp.
836 4474 868 4525 27
888 4471 1032 4538 Φίλιππος
1048 4469 1101 4543 μὲν
1117 4472 1180 4538 (om.
1200 4463 1243 4535 δς)
1262 4468 1291 4522 Μ
1310 4459 1419 4541 under}¹

157 4557 323 4628 (Φίλιππον
339 4547 393 4627 ὧν)
411 4561 474 4616 Φιλ.
491 4557 546 4628 μὲν
561 4556 628 4612 Wil.
698 4557 731 4610 28
749 4558 799 4612 καί
815 4555 915 4612 seclusi
