3476 5264
355 373 419 434 262
642 369 768 427 motus
786 367 838 424 DE
856 365 1010 424 mamm
1027 363 1331 422 EXERGITATIONE

314 549 334 611 5
445 537 521 609 ἀλλ’
548 548 602 608 ίνα
623 547 668 632 μή
693 541 804 607 πολλὰ
827 545 895 628 πρὸ
919 549 981 605 τοῦ
1001 544 1216 627 πράγματος,
1239 539 1302 629 ήδη
1327 541 1380 618 οίς
1402 539 1626 628 προσέταξας

353 651 573 733 ἐγχειρητέον.
613 648 775 730 μειρακίῳ
799 647 861 726 μὲν
885 644 943 707 οδν
965 631 985 730 ἢ
1007 649 1071 726 νέῳ
1095 641 1192 729 ἀνδρί
1214 651 1276 706 τοῦ
1297 665 1333 706 τε
1349 646 1513 729 πράττειν
1528 645 1722 708 ἀπο-(αισι

351 759 507 836 χωρῆσαι
528 747 721 831 βουλομένῳ
745 750 802 812 καί
824 750 912 832 πρὸς
934 747 1076 832 ἀσκήσει
1097 747 1261 829 γενέσθαι
1282 748 1339 810 καί
1362 744 1503 828 δύναμιν
1520 767 1623 832 περι-

354 853 577 938 ποιήσασθαι
598 854 780 934 ἐναγώνιον
802 853 926 928 έτέρων
948 850 1054 934 ἔργων
1076 869 1113 912 τε
1134 849 1192 912 καί
1220 845 1378 933 πράξεων
1401 847 1462 912 δεῖ.
1509 851 1551 911 σδ
1581 847 1620 914 δὲ
1637 863 1722 913 tm]

354 955 429 1018 οὔτε
453 957 597 1038 ἀπειρος
618 961 680 1016 τοῦ
700 954 798 1036 ἔργον
821 953 898 1015 οὔτε
920 948 1107 1014 ἀπολιπεῖν
1130 953 1169 1013 τδ
1190 954 1353 1036 πράττειν
1369 951 1514 1015 δύνασαι
1536 953 1617 1016 οὔτε
1641 965 1657 1015 ε

350 1052 486 1142 χρῄζεις
509 1054 679 1143 δικανικῆς
702 1053 875 1136 δυνάμεώς
897 1075 934 1117 τε
955 1055 1012 1117 καί
1031 1051 1234 1139 δεινότητος,
1256 1051 1343 1117 ἀλλά
1366 1063 1426 1140 τῆς
1448 1051 1622 1137 πολιτικῷ

313 1163 333 1228 6
357 1156 455 1242 ἀνδρί
476 1162 676 1244 πρεπούσης
691 1179 727 1222 τε
751 1160 820 1238 ἀμα
835 1159 893 1220 καί
907 1159 1083 1242 ἀρκούσης.
1120 1163 1221 1219 τοῦτο
1237 1159 1298 1238 μίν
1315 1154 1354 1244 δή
1371 1163 1509 1242 πρῶτον
1525 1155 1620 1232 ίσθι,

352 1263 407 1324 δτι
437 1263 475 1324 οά
506 1259 562 1324 δεῖ
585 1277 641 1322 σοι
672 1262 779 1322 πόνου
802 1262 859 1323 καί
880 1256 1118 1344 ταλαιπωρίας
1141 1291 1183 1304 -
1205 1259 1252 1342 τῷ
1274 1263 1336 1340 μίν
1357 1261 1420 1345 γάρ
1444 1262 1504 1323 ίπί
1527 1257 1619 1322 πολι)

353 1365 539 1450 ἀσκήσαντι
561 1371 666 1426 ταῦτα
689 1365 750 1426 έπί
772 1359 934 1426 πλεῖστον
958 1365 1115 1447 προάγει,
1139 1360 1187 1444 τιῖ
1211 1359 1247 1424 δε
1270 1351 1329 1424 ἀπ’
1357 1359 1470 1445 ἀλίγον
1489 1379 1618 1448 χρησα-

351 1471 440 1548 μένῳ
474 1463 640 1552 συλλήψει
661 1469 721 1552 τήν
744 1469 855 1553 ψυχήν
876 1467 933 1528 καί
955 1465 1097 1550 ὀκνηρὰν
1125 1470 1225 1528 ποιεῖ
1243 1466 1526 1550 προσφέρεσθαι,
1556 1486 1616 1527 κα-
1645 1461 1723 1564 ισίίή

352 1569 472 1653 θάπερ
495 1571 574 1643 τοδς
596 1569 784 1654 ἀσυνήθεις
802 1569 882 1652 περί
905 1569 1064 1648 σώματος
1079 1569 1224 1652 ἀοκησιν
1247 1565 1347 1642 εἴτις
1361 1569 1532 1630 κοπώσειε
1554 1569 1617 1649 βα-

353 1674 508 1755 ρυτέροις
521 1671 732 1752 γυμνασίοις,
755 1671 1025 1754 ἀσθενεστέρους
1047 1670 1211 1754 ἐποίησεν
1234 1701 1275 1712 -
1299 1667 1384 1732 ἀλλά
1408 1671 1524 1754 ώσπερ
1540 1675 1617 1747 τοῖς

353 1772 482 1857 ἀήθεσι
509 1768 606 1856 (τοῦ)
628 1778 746 1836 πονεῖν
770 1775 925 1853 σώμασιν
955 1769 1127 1855 ἀλείψεως
1150 1770 1207 1836 δεῖ
1223 1769 1352 1853 μᾶλλον
1374 1774 1431 1836 καί
1451 1775 1618 1858 κινήσεως

354 1879 543 1958 συμμέτρου
573 1864 594 1961 ἢ
623 1876 825 1957 γυμνασίας,
856 1875 942 1936 οὕτω
975 1876 1029 1938 σοί
1058 1876 1138 1960 περί
1166 1876 1247 1949 τσδς
1276 1871 1394 1956 λόγους
1416 1870 1617 1954 ἐπιμελείας

352 1977 425 2040 ίστί
445 1980 542 2061 χρεία
564 1975 693 2058 μᾶλλον
714 1975 820 2063 ήδονή
841 1982 1047 2063 μεμιγμένης
1068 1965 1090 2062 ἢ
1113 1979 1287 2062 ἀσκήσεως
1309 1978 1366 2039 καί
1388 1979 1505 2040 πόνου.
1640 1989 1669 2040 ισ

438 2087 506 2142 τῶν
527 2083 589 2161 μέν
605 2077 644 2168 δή
663 2087 817 2166 ποιητῶν
835 2071 1123 2162 συμβουλεύσαιμ’
1149 2082 1191 2142 ἀν
1208 2097 1264 2142 σοι
1279 2077 1469 2165 Μενάνδρῳ
1493 2100 1530 2142 τε
1547 2087 1616 2144 τῶν

351 2190 508 2263 κωμικῶν
535 2186 580 2270 μή
612 2189 789 2269 παρέργως
817 2185 1027 2266 ἐντυγχάνειν
1058 2184 1115 2245 καί
1145 2180 1313 2266 Εὐριπίδη
1342 2189 1410 2245 τῶν
1438 2189 1616 2266 τραγικῶν,

352 2286 408 2348 καί
430 2289 565 2362 τούτοις
586 2288 631 2373 μή
656 2289 780 2366 οὕτως,
810 2288 912 2350 αάτδν
934 2287 1243 2368 ἀναγιγνώσκοντα,
1271 2277 1375 2364 (ἀλλά
1400 2276 1470 2367 δι’)
1491 2289 1616 2369 ἑτέρων

352 2388 589 2468 ἐπισταμένων
612 2386 761 2469 μάλιστα
783 2391 844 2469 μέν
866 2391 923 2452 καί
943 2386 1067 2474 ήδέως,
1097 2389 1128 2450 εί
1152 2379 1185 2450 δ’
1211 2387 1285 2465 οδν,
1312 2384 1453 2463 ἀλύπως
1475 2389 1616 2472 ὑποκρί-

352 2489 501 2552 νασθαι·
531 2488 659 2553 πλείων
687 2491 750 2573 γάρ
779 2495 799 2576 ή
830 2489 998 2576 αἴσθησις
1026 2487 1256 2572 ἀπαλλαγέντι
1282 2497 1343 2576 τῆς
1368 2489 1449 2572 περί
1469 2491 1509 2551 τδ
1532 2491 1613 2551 ἀνα·
1636 2485 1724 2586 ὓῦίή

312 2592 331 2655 7
353 2593 550 2673 γιγνώσκειν
565 2589 736 2672 ἀσχολίας.
772 2595 828 2657 καί
842 2590 960 2678 μηδείς
975 2600 1042 2656 τῶν
1059 2597 1266 2679 σοφωτέρων
1284 2592 1483 2677 αίτιάσηταί
1502 2611 1546 2672 με
1568 2593 1616 2668 ώς

354 2693 582 2776 προκρίναντα
606 2703 665 2779 τῆς
688 2696 831 2779 ἀρχαίας
853 2692 1034 2777 κωμῳδίας
1049 2697 1109 2781 τήν
1125 2691 1326 2778 Μενάνδρου
1342 2683 1362 2780 ἢ
1382 2701 1450 2757 τῶν
1466 2694 1617 2778 ἀρχαίων

353 2791 535 2877 τραγῳδῶν
553 2793 760 2882 Εὐριπίδην·
785 2795 861 2860 οὐδὲ
884 2798 947 2881 γὰρ
971 2799 1006 2859 σί
1028 2799 1140 2882 ίατροί
1155 2798 1216 2874 τάς
1232 2795 1524 2872 πολυτελεστάτας
1538 2817 1615 2880 τρο-

354 2897 423 2982 φὰς
447 2901 670 2962 συντάττουσι
692 2905 766 2975 τοῖς
788 2900 981 2985 θεραπείας
1003 2897 1193 2981 δεομένοις,
1218 2889 1302 2962 ἀλλά
1325 2900 1387 2975 τάς
1409 2896 1614 2984 ώῳελίμους.

353 2997 442 3063 πολδ
473 2993 506 3064 δ’
538 3003 579 3064 ἀν
607 3003 704 3086 ἔργον
733 3001 784 3088 εἴη
807 3005 846 3064 τὸ
871 2999 977 3085 λέγειν
1000 3005 1063 3065 ὅσα
1091 2993 1161 3066 ἀπδ
1184 3005 1314 3066 τούτων
1333 3003 1500 3089 χρήσιμα·
1531 3003 1613 3086 ήτε
1634 3009 1665 3062 8

351 3103 414 3187 γάρ
444 3111 506 3166 τοῦ
526 3101 727 3187 Μενάνδρου
755 3107 899 3190 μίμησις
930 3108 1083 3181 ἅπαντας
1110 3107 1221 3193 ήθυυς
1248 3108 1305 3169 καί
1329 3108 1471 3189 χάριτος
1498 3112 1615 3167 πάσαν

353 3202 582 3290 ὑπερβέβληκε
604 3207 663 3292 τήν
687 3203 862 3291 δεινότητα
885 3215 953 3271 τῶν
969 3205 1127 3272 παλαιῶν
1140 3215 1306 3289 κωμικῶν,
1329 3209 1350 3293 ή
1372 3228 1409 3272 τε
1425 3204 1614 3292 Εὐριπίδου

440 3367 790 3443 1πολλδκλέγαι>ὓίαά
877 3366 946 3429 οίΒ
1032 3365 1117 3431 λοδν
1135 3373 1231 3430 σαι-Μ
1343 3370 1536 3446 λίναγώνισν
1553 3369 1614 3431 ἑτέ·

352 3477 413 3532 ρων
429 3457 538 3526 εοείρεί,
557 3451 573 3514 δ
586 3451 668 3530 ἀγών
679 3454 787 3529 ἑτέρων
799 3456 846 3512 UB
860 3453 878 3514 δ
892 3451 1083 3531 ἀγωνοτέρων
1094 3457 1133 3528 Μ,
1151 3454 1249 3533 λόγων
1261 3457 1368 3532 ἑτέρων
1379 3456 1403 3512 Τ
1415 3463 1443 3514 εί
1454 3458 1564 3528 vulgatu

351 3538 527 3601 ίδδνασθαι
544 3542 573 3596 Μ
626 3537 727 3614 λίσθη
745 3541 775 3597 Μ
827 3545 904 3619 θεῷ
921 3573 953 3584 -
972 3539 1096 3617 προάγει
1114 3545 1342 3615 σοιτορίιίλίὶί.)
1394 3541 1456 3602 9δ’
1474 3538 1562 3600 ίπἚ

354 3633 384 3684 10
410 3619 545 3700 συλλήψει
570 3627 644 3694 libri,
666 3627 787 3683 nondum
811 3630 996 3686 emendatum:
1020 3635 1155 3688 συλλνπεῖ
1176 3631 1294 3688 (δεεσσε.
1319 3629 1464 3688 συστέλλει
1485 3627 1616 3684 (δοειΜκ.

352 3723 486 3787 σνννεφεῑ
503 3713 582 3784 Emp.
600 3713 655 3768 alia
671 3713 718 3768 alii
791 3717 819 3768 11
839 3712 1001 3774 κοπώσειεν
1020 3715 1043 3770 U
1060 3719 1192 3773 κονιῶσιν
1210 3713 1242 3773 έν
1254 3715 1284 3769 Μ
1354 3719 1386 3769 12
1404 3705 1504 3789 ώσπερ
1521 3713 1615 3777 Dium,

351 3795 392 3866 ώς
409 3800 472 3854 libri
554 3803 583 3853 1³
601 3793 704 3869 ἀήθεσι
722 3801 776 3856 τοῦ
793 3797 899 3868 Ρίὶαςίι,
916 3795 1020 3873 ἀήθεσι
1038 3800 1067 3854 Μ
1086 3795 1235 3874 ἀηθίστοις
1253 3799 1301 3856 UB
1388 3796 1524 3872 σώματος
1541 3798 1614 3864 libri,

352 3875 484 3954 σώμασιν
500 3884 581 3954 Emp.
668 3876 811 3957 ἀλείψεως
828 3886 916 3940 Δαυα.
936 3901 980 3956 ιη.
999 3887 1102 3952 ίλεὶείι.,
1120 3879 1304 3960 ἀπολείψεως
1320 3886 1383 3942 llbrl
1470 3889 1502 3940 14
1520 3875 1615 3948 οδτας

351 3969 379 4029 σί
397 3971 426 4025 Μ
445 3961 538 4037 οὕτως
555 3987 601 4027 σοι
620 3969 645 4026 U
713 3967 859 4040 ἐπιμέλεια
877 3971 900 4024 Β
918 3969 1064 4050 ἐπιμελείᾳ
1082 3973 1146 4038 ῦΜ,
1164 3985 1235 4029 corr.
1254 3971 1335 4042 Emp.
1391 3975 1421 4026 15
1439 3969 1519 4030 ἐστίν
1537 3969 1566 4022 Μ

348 4061 424 4129 χρήα
442 4055 465 4112 U
535 4051 638 4129 ἡδονῆς
654 4051 726 4123 libri,¹
743 4071 814 4113 σοιτ.
832 4055 911 4127 Emp.
929 4058 958 4112 λιι
975 4058 1111 4113 Additum.
1129 4075 1157 4128 p.
1171 4062 1222 4114 824
1281 4063 1312 4114 16
1329 4061 1373 4134 τῷ
1388 4059 1509 4131 κωμική
1520 4053 1569 4110 UB

354 4145 382 4197 1¹1
401 4136 546 4217 εδρειπίδη
562 4142 592 4197 Μ
644 4145 687 4220 τῷ
704 4145 831 4218 τραγικῷ
849 4141 898 4198 UB
952 4147 982 4197 18
1002 4141 1095 4200 αδτδν
1112 4144 1207 4201 om.U
1260 4134 1498 4217 ἀναγιναδσκοντα
1517 4139 1565 4196 ῑίΒ

350 4219 424 4286 ἀλλά
443 4221 482 4284 δι’
501 4225 592 4282 addid!
609 4233 722 4284 secutus
740 4227 911 4298 Ειορειίοια,
930 4228 1023 4283 eodem
1041 4227 1124 4284 rodit:
1150 4222 1297 4287 ἀκοδσντα
1315 4225 1343 4286 δ’
1361 4223 1525 4283 Ηειιιετδεα

350 4316 384 4367 20
402 4305 630 4386 ἀναγιγνώσκειν
646 4313 779 4381 valesius,
797 4307 968 4385 γιγνώσκειν
984 4311 1038 4368 ΠΜ
1055 4307 1208 4385 γινώσκειν
1225 4315 1248 4369 Β
1345 4317 1376 4368 21
1397 4310 1569 4385 σοφοτίραν
1587 4309 1611 4368 U

349 4413 384 4456 αι.
402 4409 443 4468 pr.
495 4403 528 4453 2³
546 4391 706 4471 εάρειπίίην
724 4398 753 4452 Μ
805 4402 838 4452 ²⁴
855 4397 1004 4467 δεομένοις
1021 4401 1181 4473 θεραπείας
1197 4397 1379 4465 λυσσώδηῦ
1432 4393 1605 4468 ἀλλήλους·

351 4485 384 4538 27
408 4480 616 4556 δπερβίβληκει
640 4484 772 4538 lacunosa
788 4487 838 4539 καί
854 4483 972 4554 graviter
989 4491 1131 4555 eorrupta3
1156 4499 1243 4555 nequo
1264 4486 1380 4558 μίμησις
1395 4473 1516 4556 χάριτος
1536 4485 1613 4537 reete

350 4567 460 4634 dicitur,
468 4567 680 4636 nequeexomni
688 4568 953 4638 puoeuenandmm
962 4570 1082 4640 antiquis
1092 4571 1232 4642 ριεοίεεισ
1240 4569 1326 4626 voluit
1369 4573 1401 4623 2⁷
1414 4561 1612 4639 εάρειπίίυυΜ
