3452 5264
320 346 359 404 lv
840 347 1062 408 PRAEFATIO.

321 526 394 610 ipse
415 523 602 592 Florentiae
632 523 846 606 contuleram,
875 543 939 590 non
967 543 1033 608 qno
1060 542 1142 592 uuna
1170 525 1227 592 ille
1256 526 1362 594 codex
1387 531 1591 600 recensendo

323 626 427 695 textui
455 623 633 708 aniliceret,
662 625 720 692 sed
748 631 785 692 ut
812 645 893 693 uuus
915 627 1030 694 ιιιῐιοιιι
1052 646 1095 694 ex
1118 629 1253 696 testibus
1275 630 1417 714 antiquis
1439 651 1504 716 qua
1526 655 1591 718 par

321 735 373 797 est
394 728 565 812 diligentia
586 735 790 811 comparatus
812 729 846 793 in
867 728 1033 812 publicum
1055 729 1209 814 prodiret.

408 830 612 914 Fragmentis
641 849 683 896 ex
712 828 846 896 Stobaei
868 829 1045 913 Florilegio
1067 829 1247 917 desumptis
1276 834 1339 900 tria
1367 843 1585 922 accesserunt,

324 952 408 1018 quae
431 933 464 999 in
486 933 622 999 Maximi
636 931 815 1016 Florilegio
828 931 928 999 Dioni
950 932 1146 1018 tribuuntur;
1170 953 1305 1018 quorum
1326 956 1425 1002 uuum
1447 936 1586 1006 iortasaa

322 1036 498 1120 genuinum
526 1041 586 1102 eat.
629 1035 668 1101 In
698 1033 749 1102 bis
778 1034 1012 1119 investigandis
1034 1035 1135 1103 Elteri
1164 1056 1217 1104 me
1239 1037 1366 1105 adiurit
1390 1039 1585 1124 benignitas,

321 1139 383 1205 viri
406 1138 585 1206 doctissimi
607 1144 641 1204 et
654 1136 901 1220 Florilegiomm
923 1156 1113 1220 graeemum
1135 1139 1278 1206 omnium
1300 1140 1496 1224 peritissimi.

407 1240 535 1308 Indices
550 1259 652 1307 noros
667 1237 790 1307 confeci
804 1240 845 1307 iis
861 1240 916 1323 qui
931 1239 1019 1324 apud
1035 1240 1236 1308 Dindorlium
1252 1250 1326 1309 sunt
1338 1242 1585 1328 locupletiores;

323 1343 439 1430 quibus
462 1345 502 1411 iis
524 1343 665 1410 maxime
688 1343 743 1427 qui
766 1342 808 1408 de
829 1342 898 1409 vita
912 1342 1027 1410 Dionis
1049 1350 1082 1410 et
1102 1342 1311 1428 philosophia
1326 1351 1492 1428 quaerunt,
1509 1366 1583 1414 con·

325 1446 431 1513 sulere
453 1446 552 1512 volui.

407 1547 464 1614 De
479 1546 641 1614 Geticis
657 1545 771 1613 Dionis
787 1543 937 1612 hocloco
953 1545 1095 1613 breviter
1109 1546 1275 1630 disputare
1297 1567 1315 1614 e
1336 1568 1373 1615 re
1395 1549 1500 1617 visum
1523 1557 1584 1633 est,

323 1649 400 1733 qnia
421 1669 485 1715 non
507 1648 587 1716 satia
609 1652 659 1714 est
679 1646 767 1713 nuda
781 1667 963 1732 proponere
978 1648 1011 1713 in
1025 1648 1276 1732 fragmentorum
1292 1650 1483 1719 collectione
1498 1672 1583 1736 quac

323 1772 365 1818 ex
388 1749 449 1817 hoc
468 1750 583 1816 Dionis
609 1769 706 1833 opere
729 1747 980 1832 Cassiodorinm,
1005 1749 1154 1817 Iordanis
1175 1751 1307 1835 iontem,
1330 1754 1385 1819 rel
1407 1752 1583 1820 Ablabium

321 1853 525 1936 excerpsisse
548 1859 714 1936 putamus,
744 1850 803 1919 sed
826 1870 882 1918 cur
904 1852 951 1918 ita
973 1852 1126 1919 terminos
1153 1851 1290 1937 ligamus
1312 1873 1430 1922 causae
1453 1855 1583 1923 desides

322 1961 441 2022 rantur.

407 2057 525 2124 Notum
550 2061 599 2124 est
620 2075 725 2122 rerum
741 2053 950 2134 Gothicamm
968 2057 1151 2142 scriptores,
1167 2056 1406 2125 Cassiodorium
1424 2065 1457 2125 et
1470 2059 1583 2126 Iorda·
1680 2064 1686 2084 ¹

322 2181 404 2244 nem,
428 2168 463 2226 ut
484 2160 572 2244 genti
589 2156 767 2226 Gothorum
790 2158 995 2226 venerandae
1016 2161 1217 2243 antiquitatis
1239 2160 1369 2226 laudem
1392 2169 1425 2227 et
1444 2164 1584 2229 auctori·

322 2271 420 2331 tatem
443 2263 617 2344 adderent,
644 2261 677 2327 in
699 2280 790 2328 suum
813 2282 905 2328 nsum
928 2262 1065 2330 vertisse
1088 2280 1299 2346 quaecuuque
1321 2261 1475 2331 delictis
1496 2263 1585 2330 bona

322 2375 355 2432 et
383 2365 563 2433 laudabilia
590 2363 678 2448 apud
706 2365 856 2447 antiquos
884 2364 1056 2448 scriptores
1085 2364 1204 2431 tradita
1232 2365 1449 2432 inveniebant.
1497 2367 1585 2434 Huic

320 2471 488 2555 proposito
517 2472 646 2551 praeter
675 2472 799 2533 ceteros
827 2471 922 2550 aptus
951 2466 1125 2533 videbatur
1146 2467 1226 2551 Dio,
1253 2469 1307 2550 qui
1330 2467 1372 2534 de
1394 2467 1485 2536 (letis
1507 2469 1527 2533 i.
1553 2489 1583 2535 c.

321 2573 432 2655 Dacis,
454 2569 497 2636 ad
520 2588 654 2653 quorum
676 2567 757 2636 fines
780 2569 856 2634 exul
877 2576 1079 2653 pervenerat,
1100 2569 1218 2635 librum
1234 2572 1467 2656 conscripserat
1485 2591 1583 2657 pecu·

320 2674 443 2740 liarem.
491 2669 582 2750 Quae
605 2677 714 2738 autem
736 2671 832 2737 luerit
853 2669 1038 2739 Geticorum
1059 2672 1174 2738 Dionis
1196 2671 1322 2740 indoles
1345 2673 1488 2758 quidque
1510 2695 1582 2742 ora·

322 2785 423 2842 torem
446 2782 479 2842 et
500 2770 730 2858 philosophum
753 2774 891 2839 moverit
913 2779 948 2838 ut
970 2771 1124 2840 historiae
1138 2773 1219 2841 lines
1235 2775 1335 2841 semel
1350 2776 1583 2861 ingrederetur,

322 2880 349 2946 si
373 2878 471 2946 etiam
494 2897 578 2943 nuuc
601 2875 745 2958 intellegi
768 2875 888 2959 poterit
910 2894 952 2941 ex
974 2875 1014 2943 iia
1030 2895 1113 2960 quae
1132 2876 1219 2960 apud
1235 2876 1406 2944 Iordanem
1421 2879 1580 2963 leguntur,

321 2983 456 3048 multum
479 2979 623 3062 protecto
645 2978 745 3045 faciet
765 2977 808 3044 ad
831 2977 1071 3044 instaurandam
1094 2978 1210 3045 Dionis
1232 2979 1416 3061 imaginem.

408 3083 537 3151 Certum
562 3088 696 3148 estnon
718 3081 823 3164 ipsum
845 3079 1016 3147 Iordanem
1039 3099 1137 3165 opere
1160 3079 1274 3147 Dionis
1297 3101 1388 3148 usum
1412 3101 1498 3164 esse,
1522 3082 1581 3149 sed

321 3204 404 3268 quae
433 3204 475 3249 ex
505 3185 611 3250 Dione
645 3182 762 3250 hausta
793 3181 916 3267 profert
948 3203 1019 3249 cum
1054 3183 1169 3250 ceteris
1202 3183 1367 3269 plerisque
1395 3183 1581 3252 cassiodori

321 3284 499 3353 Gothorum
513 3283 669 3351 historiae
685 3284 814 3351 debere.
848 3285 932 3350 Nam
947 3284 1116 3352 Iordanem
1132 3292 1268 3369 apparet
1283 3285 1429 3353 Cassium
1441 3287 1581 3353 Dionem

321 3408 393 3454 oum
416 3386 645 3470 chrysostomo
676 3386 888 3472 contundere,
918 3387 1005 3471 quod
1034 3387 1092 3453 vix
1120 3387 1151 3453 ei
1177 3387 1365 3472 accidisset,
1388 3389 1415 3454 si
1439 3392 1582 3472 ipsorum

322 3509 423 3575 opera
441 3490 585 3558 adiisset.
621 3487 669 3556 cf.
685 3489 875 3556 Mommseni
890 3491 1124 3574 praefationem
1139 3510 1170 3574 p.
1186 3489 1246 3556 XL
1257 3510 1305 3574 aq.
1338 3491 1382 3556 At
1396 3509 1437 3557 nc
1453 3489 1582 3558 (lassio-

322 3593 447 3660 dorium
464 3591 596 3677 quidem
612 3593 718 3677 ipsum
734 3592 873 3660 Dionem
887 3592 1009 3660 adiisse
1025 3599 1147 3659 cenum
1163 3599 1222 3660 est.
1258 3591 1383 3660 Scimus
1398 3598 1473 3660 ante
1487 3593 1581 3661 illum

320 3695 494 3763 Ablabium
524 3695 685 3780 quendam
714 3694 756 3762 de
785 3694 920 3763 historia
947 3694 1128 3762 Gothorum
1156 3695 1341 3780 scripsisse;
1375 3715 1513 3780 eumque
1546 3697 1581 3762 in

319 3799 415 3865 rebus
443 3799 677 3883 antiquioribus
700 3796 905 3865 Cassiodorio
934 3798 1056 3863 iontem
1079 3797 1266 3879 primarium
1288 3798 1388 3864 tuisse
1410 3798 1580 3884 probabile

321 3908 378 3968 est.
424 3900 472 3968 Oi.
500 3901 645 3969 hiomms.
674 3901 695 3966 l.
724 3901 746 3966 l.
775 3920 807 3983 p.
831 3897 973 3964 XXXVI
988 3917 1036 3981 sq.
1083 3897 1224 3966 Ablabio
1253 3900 1469 3967 Mommseuus
1497 3899 1582 3966 vidit

321 4002 530 4087 „primariam
553 4003 661 4088 operis
684 4001 878 4069 divisionem
900 3998 1075 4067 secundnm
1099 4005 1164 4068 tres
1180 4000 1358 4069 Gothorum
1380 4001 1475 4069 sedes
1497 4003 1580 4069 rela-

321 4111 387 4171 tam
409 4126 438 4172 c.
462 4111 492 4190 5,
516 4107 642 4172 38-42
665 4102 904 4189 quodammodo
925 4108 1093 4186 acceptam
1116 4101 1228 4170 reierri
1251 4101 1485 4186 (cp.14,82)“.
1522 4103 1579 4168 Di-

319 4213 433 4273 cuntur
456 4207 542 4275 enim
565 4205 664 4275 Gothi
686 4207 789 4285 primo
811 4205 865 4290 „in
888 4204 1043 4288 Scythiae
1065 4208 1136 4274 solo
1162 4209 1253 4274 iuxta
1274 4207 1425 4290 paludem
1447 4207 1580 4274 biaeoti-

320 4310 412 4393 dem,
436 4310 577 4378 secundo
603 4311 637 4376 iu
660 4308 797 4392 Mysiam
821 4309 854 4390 (i.
878 4329 905 4376 e.
929 4310 1096 4384 Moesiam)
1118 4308 1356 4392 Thraciamque
1378 4315 1411 4375 et
1432 4308 1579 4392 Daciam,

319 4411 413 4476 tertio
437 4431 536 4495 supra
557 4430 646 4478 mare
669 4411 836 4478 Ponticum
857 4432 966 4480 rursus
988 4415 1021 4480 iu
1044 4412 1179 4498 Scythia
1201 4409 1398 4480 habitasse-“
1442 4412 1478 4480 Si
1501 4432 1580 4479 vero

318 4513 458 4580 Ablabio
483 4511 564 4580 haee
586 4514 706 4582 divisio
729 4513 881 4599 debetur,
909 4517 1059 4586 concludi
1081 4521 1203 4601 potest,
1226 4514 1318 4580 illum
1343 4514 1408 4581 iam
1431 4515 1464 4582 iu
1486 4536 1579 4583 suum
