3476 5264
1 731 146 852 mn,
395 787 470 867 σο
499 784 652 870 σεεν
679 782 1173 874 ΑΝΑΧΩΡΗΣΕΩΣ.

246 1077 290 1138 Τί
310 1077 373 1161 γάρ
397 1095 482 1140 ποτε
506 1079 544 1139 τδ
568 1085 629 1164 της
650 1079 896 1164 ἀναχωρήσεώς
917 1080 993 1141 ἐστι
1011 1081 1070 1142 καί
1091 1081 1187 1156 τίνας
1197 1085 1260 1169 χρὴ
1276 1084 1416 1147 τιθέναι
1440 1081 1454 1142 1

154 1179 235 1253 τούς
262 1178 519 1263 ἀναχωροῦντας
525 1201 537 1256 ,·
572 1180 638 1264 ἀρά
665 1201 702 1264 γε
730 1184 811 1256 τούς
846 1184 916 1245 ἀπὸ
944 1187 1012 1244 τῶν
1042 1185 1283 1268 προσηκόντων
1310 1186 1417 1270 ίργων

155 1280 272 1355 αὐτοῖς
286 1282 343 1343 καί
356 1278 514 1366 πράξεων
532 1282 796 1367 ἀφισταμένους,
818 1285 959 1360 τούτους
971 1285 1033 1370 χρὴ
1051 1285 1197 1370 φάσκειν
1212 1287 1418 1370 ἀναχωρεῖν,·

155 1381 228 1445 οἷον
257 1381 293 1444 εί
316 1404 369 1458 τις
394 1375 581 1470 Ἀθηναῖος
610 1387 673 1463 ἀν,
709 1383 786 1449 δέον
822 1387 924 1449 αύτδν
960 1389 1212 1469 στρατεύεσθαι
1238 1389 1326 1471 ύπίρ
1357 1397 1417 1475 τῆς

122 1483 326 1570 σπατρίδος
353 1483 639 1567 Λακεδαιμονίων
668 1485 934 1572 εἰσβεβληκότων
963 1489 1013 1562 είς
1041 1491 1101 1575 τὴν
1126 1477 1281 1576 Ἀττικήν
1308 1492 1329 1576 ἢ
1353 1493 1417 1554 Φι-

55 1596 103 1646 (111
115 1595 145 1650 HJ
157 1583 289 1650 λίππου
304 1589 498 1674 δπιόντοςῆ
515 1585 627 1652 ἀλλων
642 1587 827 1670 πολεμίων,
850 1590 870 1650 δ
885 1586 921 1652 δὲ
939 1590 1187 1677 ἀναχωρήσειεν
1203 1593 1253 1667 είς
1271 1593 1416 1676 Μέγαρα

154 1691 175 1776 ἢ
205 1689 354 1772 Αἴγιναν
383 1693 477 1754 ἕνεκα
506 1698 569 1754 τοῦ
593 1693 637 1778 μη
669 1691 920 1772 στρατεύεσθαι
947 1689 1033 1776 μηδὲ
1062 1690 1283 1772 κινδυνεύειν,
1318 1691 1418 1770 οδτος

152 1786 230 1874 (ἀν)
252 1794 540 1878 ἀνακεχωρηκέναι
563 1791 713 1877 λεγοιτυ,·
740 1796 760 1879 η
791 1792 827 1857 εἴ
849 1814 903 1869 τις
933 1797 1052 1881 συχνην
1074 1797 1194 1860 οὐσίαν
1216 1802 1414 1884 κεκτημένος
1436 1795 1458 1858 2

154 1897 248 1958 ἕνεκα
271 1903 334 1958 τοῦ
355 1893 533 1982 διαφυγεῖν
555 1897 616 1972 τάς
639 1893 849 1981 λειτουργίας
877 1893 1032 1958 ἀπέλθοι
1059 1899 1097 1959 ἐκ
1125 1907 1188 1985 της
1211 1897 1367 1976 πίλεως;
1394 1901 1415 1986 ἢ

1 2079 2 2084 ¹
108 2003 137 2057 10
158 1996 264 2072 εἴτις
286 1999 414 2061 ίάσθαι
435 2001 515 2073 τούς
537 2006 720 2074 νοσοῦντας
744 2000 858 2072 ίκανδς
880 2000 937 2075 ἀίν,
958 1999 1015 2060 καί
1038 1996 1148 2083 φίλων
1172 1997 1285 2086 δηκαί
1299 2003 1417 2087 ίπιτη-

155 2097 255 2162 δείων
284 2098 375 2182 αύτῷ
403 2104 614 2180 καμνόντων,
651 2103 746 2176 ὅπως
774 2103 819 2186 με)
849 2100 1035 2185 κακοπαθῇ
1062 2103 1119 2164 καί
1149 2105 1331 2186 πράγματα
1360 2106 1417 2189 ίχῃ

154 2205 295 2277 τούτους
324 2203 545 2288 θεραπεύων,
581 2200 753 2266 ἀπολίποι
784 2223 821 2265 τε
850 2203 973 2277 αύτούς
999 2204 1057 2265 καί
1086 2201 1340 2289 ἀποδημήσειεν
1368 2205 1419 2280 είς

155 2305 269 2387 ίτερον
291 2306 419 2380 τόπον,·
439 2305 459 2389 ἢ
483 2303 582 2380 εἴτις
600 2301 712 2382 ἀλλος,
735 2306 771 2367 ίν
786 2299 889 2366 πόλει
904 2301 982 2366 δέον
997 2300 1221 2382 ἐξετάζεσθαι
1232 2306 1291 2368 καί
1306 2306 1418 2384 αύτόν,

155 2405 270 2489 ἀρχειν
291 2407 348 2468 καί
369 2407 489 2489 ἀρχαῖς
510 2408 692 2492 ὑπηρετεῖν
713 2409 769 2470 καί
792 2403 945 2493 φυλακάς
967 2427 1063 2481 τινας
1084 2403 1266 2492 φυλάττειν
1288 2409 1418 2492 ἀγρυπ-

108 2515 137 2568 11
157 2513 224 2570 νῶν
245 2510 290 2594 μη
314 2505 484 2589 βούλοιτο,
507 2501 584 2572 ἀλλ’
609 2512 705 2584 ἀπως
726 2512 854 2572 τούτων
870 2505 1128 2592 ἀπηλλαγμένος
1143 2509 1305 2573 ἀπάντων
1321 2510 1419 2573 ἔσται

153 2611 211 2673 καί
224 2608 310 2695 μηδὲ
327 2611 377 2686 είς
400 2611 501 2674 αύτδν
523 2608 688 2694 ἐξελέγξει
708 2609 793 2696 μηδὲ
815 2609 960 2674 κωλύσει
976 2612 1120 2675 πίνοντα
1134 2612 1192 2673 καί
1205 2609 1418 2674 καθεύδοντα

153 2713 211 2774 καί
232 2713 471 2797 ῥᾳθυμοῦντα,
500 2718 646 2799 ἑτέρωσε
669 2715 851 2799 ἀποχωροῖ
868 2733 949 2790 ποι,
980 2712 1046 2797 δρα
1067 2715 1209 2788 τούτους
1232 2715 1418 2797 ἀναχωρεῖν

154 2816 293 2899 ἀρτίους
321 2809 397 2878 ἀλλ’
422 2815 519 2880 ούται
540 2818 602 2898 μὲν
625 2813 802 2902 δῆλονὸτι
832 2816 996 2902 φεύγουσί
1022 2835 1059 2878 τε
1080 2817 1138 2878 καί
1161 2811 1418 2900 δραπετεύουσι,

22 2927 104 2980 (19011
114 2919 213 2980 11sz
241 2919 300 2980 ούκ
325 2919 367 2980 ἀν
397 2917 448 3003 εἴη
479 2921 657 3004 πρόφασις
688 2919 803 2992 αύτοῖς
835 2915 912 2980 οὐδὲ
950 2919 1123 3002 συγγνώμη
1162 2925 1222 3004 τῆς
1259 2923 1419 3003 τοιαύτης

107 3027 138 3078 2]
161 3015 281 3104 σχολῆς
303 3040 340 3082 τε
361 3023 418 3083 καί
439 3017 673 3105 ἀποδράσεως.
710 3023 754 3107 μη
773 3020 831 3082 οδν
845 3022 926 3095 τούς
939 3021 1010 3082 ἀπδ
1025 3025 1093 3082 τῶν
1108 3017 1293 3105 ἀνωφελῶν
1309 3039 1415 3105 πραγ-
1439 3020 1460 3082 3

155 3123 272 3200 μάτων
293 3123 351 3184 καί
378 3129 445 3184 τῶν
475 3123 514 3183 οά
545 3128 790 3207 προσηκουσῶν
820 3122 936 3197 αὐτοῖς
965 3117 1133 3201 ἀσχολιῶν
1163 3122 1331 3198 ἀπιόντας
1358 3113 1438 3186 καί

158 3221 280 3308 σχολήν
302 3244 378 3286 τινα
404 3219 608 3308 πορίζοντας
632 3225 748 3299 αὐτοῖς
764 3223 834 3286 ἀπδ
853 3232 920 3286 τῶν
935 3221 1159 3304 ἐνοχλούντων
1174 3227 1283 3310 μάτην
1297 3227 1417 3310 ῥητέον

156 3307 213 3410 (ᾗ)
235 3327 282 3401 ὡς
304 3327 569 3410 ἀναχωροῦντας.
615 3317 691 3388 ἀλλ’
720 3327 827 3400 ούτως
848 3329 911 3405 μίν
937 3327 995 3406 ούχ
1017 3327 1203 3408 δμεταβάς
1226 3329 1262 3390 ίκ
1287 3324 1421 3402 πόλεώς

157 3447 251 3503 τινος
279 3429 329 3503 είς
357 3433 474 3513 ἑτέραν
505 3426 606 3492 πόλιν
634 3430 654 3514 ἢ
685 3430 721 3490 ἐκ
749 3431 857 3490 τόπου
881 3429 930 3502 είς
951 3431 1065 3512 ἕτερον
1091 3431 1200 3490 τύπον
1229 3430 1415 3514 ἀναχωρεῖν

109 3538 141 3590 11
165 3522 290 3613 λέγοιτ’
322 3533 379 3593 άν·
413 3534 500 3594 ὅπου
529 3531 592 3616 γάρ
621 3532 663 3593 ἀν
686 3531 866 3617 ἀφίκηται,
898 3526 1008 3592 πολλά
1037 3530 1078 3591 ἀν
1108 3528 1159 3615 εἴη
1189 3531 1231 3591 τά
1260 3527 1420 3610 ἐμποδὼν

160 3631 251 3716 αὐτῷ
274 3637 451 3716 γιγνόμενα
473 3635 530 3698 καί
554 3634 613 3695 αάκ
634 3635 742 3696 ἐῶντα
764 3634 806 3695 τά
829 3633 1044 3717 προσήκοντα
1069 3635 1193 3694 ποιεῖν.
1228 3633 1287 3694 καί
1300 3632 1363 3715 γάρ
1379 3633 1417 3693 τδ

158 3739 219 3800 ἐπί
257 3733 345 3798 πολύ
373 3757 420 3818 τῳ
451 3733 599 3814 ξυνεῖναι
631 3738 688 3799 καί
722 3738 761 3798 τύ
790 3737 933 3798 πίνοντα
962 3723 983 3820 ἢ
1011 3733 1195 3816 κυβεύοντα
1224 3721 1246 3819 ἢ
1275 3729 1358 3795 ἀλλο
1386 3753 1421 3795 τι

244 3995 261 4045 1
280 3985 389 4064 ἄραγε
408 3987 431 4045 U
535 3981 766 4062 ἀάναχωρήσειε
783 3989 879 4058 Ευμ,
902 3980 1082 4060 ἀναχωρήσει
1104 3984 1168 4040 libri
1271 3980 1342 4044 δάν
1358 3983 1421 4041 εδδ.

159 4075 239 4146 Emp.
311 4080 342 4131 1⁰
361 4075 477 4134 εἰᾶσθαι
494 4073 523 4128 M
593 4077 642 4132 καί
661 4069 677 4132 δ
696 4072 829 4146 φίλωνῦ
901 4076 930 4126 11
950 4067 1106 4144 πράγματα
1125 4073 1194 4142 (γμα
1212 4084 1230 4125 ε
1247 4069 1371 4136 τοισδί]

160 4191 218 4269 ἔχει
236 4193 259 4252 U
276 4212 312 4250 m.
330 4211 373 4264 pr.
463 4198 494 4249 12
513 4190 642 4264 ἀπολιπῆ
659 4213 691 4252 τε
709 4194 763 4249 ΒΜ
780 4159 958 4264 ἀπολίπονίτε
975 4195 1014 4256 (oc
1030 4189 1180 4256 συσπλῐ]
1247 4193 1279 4246 16
1296 4186 1423 4260 ἐξελέγξῃ

159 4311 194 4322 -
204 4277 319 4351 κωλύσῃ
335 4280 407 4347 libri,
421 4295 493 4337 corr.
507 4279 571 4334 wil.
664 4284 693 4334 11
712 4273 855 4352 ἀποχωρῇ
866 4277 955 4344 ΠΒΜ,
972 4271 1128 4351 ἀποχωροῖ
1144 4274 1167 4331 Τ
1237 4277 1271 4331 2³
1288 4263 1307 4346 ᾗ
1322 4272 1424 4338 addidi,

160 4365 308 4435 emor.
321 4365 464 4424 LXXVIII
478 4365 672 4422 ³0xxx11w
726 4368 759 4420 16
776 4361 954 4439 γινόμεναΰ
1027 4366 1070 4438 τῷ
1086 4376 1136 4434 pro
1154 4355 1189 4418 τὸ
1209 4357 1257 4414 BU
1327 4361 1358 4416 11
1376 4355 1424 4416 ἐπί

161 4445 244 4524 πάτῳ
261 4454 322 4517 (om.
341 4450 426 4518 πολύ)
437 4450 485 4507 UB
504 4448 551 4508 ἐπί
569 4449 643 4509 πολὺ
660 4452 702 4526 τῷ
715 4450 754 4517 Μ,
772 4450 844 4507 unde
860 4447 908 4508 ἐπὶ
925 4445 1096 4524 πολυπόνῳ
1114 4446 1237 4514 (διελάσει
1255 4445 1285 4502 at
1301 4442 1425 4518 sequitur

161 4537 302 4606 πίνοντας
319 4535 366 4595 ἐπὶ
383 4538 507 4615 πορνείᾳ
524 4536 610 4593 Bethe
1165 4617 1220 4670 w
