3476 5264
662 368 803 430 ORATIO
819 370 920 430 xm.
1362 375 1424 438 ρετ

162 550 371 631 στρατηγεῖν,
397 547 431 608 ol
454 542 491 608 δέ
513 545 595 631 περὶ
617 546 782 628 ἀγωνίαν,
806 548 841 609 ol
863 543 899 609 δέ
922 548 1003 632 περὶ
1023 549 1198 636 μουσικήν,
1222 547 1322 614 ἄλλοι
1343 553 1424 637 περί

163 649 342 732 γεωργίαν,
372 645 471 711 ἄλλοι
500 644 674 710 δύνασθαι
696 645 813 730 λέγειν.
856 651 974 734 ἥντινα
1008 645 1043 712 δὲ
1070 652 1187 735 χρείαν
1213 644 1332 729 αὐτοῖς
1355 655 1425 734 ἔχει

170 751 299 812 τούτων
321 752 462 814 ἕκαστον
483 750 503 836 ἢ
526 749 562 812 τί
582 750 621 811 τδ
644 746 770 835 όφελος
797 746 836 827 ἐξ
863 738 969 814 αὗτοῦ
993 743 1136 834 γίγνοιτ’
1162 753 1202 816 δν
1226 747 1285 819 οὐκ
1307 753 1424 819 ἴσασιν

70 867 157 921 (mou)
171 849 248 914 ούδί
285 847 450 938 ζητοῦσιν.
510 860 688 937 τοιγαροῦν
726 853 848 927 ἱππεῖς
876 856 938 934 μίν
968 855 1097 936 ἀγαθοὶ
1122 856 1294 939 γίγνονται
1321 861 1464 934 τινές,2

126 965 142 1018 1
164 955 200 1016 ολ
220 955 262 1017 δν
282 951 520 1041 φιλοπονῶσιν
535 956 617 1017 αῦτδ
632 956 689 1017 καλ
703 951 917 1035 ἐκμελετῶσι,
939 957 996 1020 καί
1010 953 1182 1021 παλαῖσαι
1197 955 1296 1022 ἄλλοι
1311 955 1423 1021 ἄλλων

161 1057 360 1143 ἱκανώτεροι
381 1059 439 1121 καλ
461 1065 647 1122 πυκτεῦσαι
668 1060 725 1122 καλ
740 1054 881 1143 δραμεῖν
898 1060 956 1122 καὶ
969 1055 1075 1122 τᾶλλα
1092 1060 1344 1144 ἀγωνίσασθαι,
1365 1061 1424 1124 καί

160 1166 223 1222 τοῦ
245 1162 375 1246 σπόρον
397 1162 441 1247 μη
468 1158 677 1246 διαμαρτεῖν,
699 1162 756 1225 καί
778 1158 941 1237 πλέοντες
962 1164 1008 1248 μή
1026 1158 1235 1248 διαφθεῖραι
1257 1164 1317 1249 την
1332 1169 1424 1242 ναῦν,

159 1263 280 1326 καὶτὰ
302 1263 387 1326 κατὰ
410 1266 574 1349 μουσικήν
599 1284 689 1340 τινες
717 1264 923 1328 ἐπίστανται
952 1260 1087 1346 βέλτιον
1117 1268 1259 1350 ἐτέρων·
1289 1266 1423 1347 ἀγαθὸν

162 1359 199 1428 δέ
221 1361 328 1451 ἄνδρα
350 1365 407 1428 καί
429 1369 607 1452 φρόνιμον,
629 1367 686 1428 καλ
709 1367 790 1429 αύτδ
812 1374 912 1430 τοῦτο
936 1363 1052 1430 εἰδότα
1075 1369 1170 1443 ὅστις
1192 1369 1284 1431 ἐστὶν
1307 1368 1424 1454 όχρη-

116 1475 145 1530 10
167 1469 247 1544 στδς
275 1468 358 1554 ἀνὴρ
386 1469 444 1530 καλ
472 1475 549 1531 νοῦν
578 1469 678 1549 ἔχων,
708 1459 829 1532 οὐδένα
858 1470 987 1532 τούτων
1016 1469 1110 1532 ἐστιν
1139 1469 1258 1554 εύρεῖν.
1303 1469 1421 1533 αὐτίκα
1445 1472 1465 1534 3

162 1571 244 1656 περὶ
265 1571 304 1632 τό
327 1566 435 1652 λέγειν
459 1563 610 1654 [πάντες]
639 1567 874 1635 ἐσπουδάκασι
902 1568 1027 1635 πολλοὶ
1054 1577 1122 1634 τῶν
1150 1568 1340 1656 ἐλευθέρων
1369 1573 1426 1636 καὶ

165 1667 356 1759 ’φιλοτίμων
379 1671 467 1736 εἶναι
497 1669 703 1752 δοκούντων,
735 1675 768 1736 σί
795 1675 857 1755 μὲν
881 1675 969 1737 ὥστε
990 1675 1026 1737 ἐν
1051 1671 1283 1759 δικαστηρίοις
1305 1674 1426 1760 ἀγωνί·

164 1769 289 1852 ζεσθαι
310 1776 368 1838 καλ
389 1778 478 1861 πρὸς
501 1772 606 1862 δῆμον
630 1773 792 1860 λέγοντες,
816 1772 873 1840 διδ
898 1773 933 1838 δέ
956 1783 1056 1839 τοῦτο
1080 1777 1208 1856 ἰσχύειν
1231 1771 1336 1839 πλέον
1358 1782 1426 1839 τῶν

165 1873 277 1940 ἄλλων
297 1879 355 1942 καὶ
377 1880 540 1963 πράττειν
562 1881 628 1957 δ,τι
648 1880 690 1941 δν
713 1870 810 1943 αὐτοὶ
831 1875 993 1955 θέλωσιν,
1018 1879 1052 1940 ολ
1075 1875 1110 1940 δὲ
1133 1885 1193 1963 της
1210 1873 1310 1962 δόξης
1332 1879 1427 1940 ἐνεκα

119 1988 147 2042 11
169 1987 229 2066 τῆς
251 1980 322 2042 ἀπό
346 1986 408 2042 τοῦ
428 1983 637 2065 πράγματος,
661 1985 756 2056 όπως
773 1977 879 2044 δεινοί
900 1976 1114 2062 νομίζωνται.
1152 1981 1242 2054 τινὲς
1264 1976 1300 2042 δὲ
1324 1969 1428 2065 αὐτῆς

42 2094 258 2167 (mmmm
279 2089 339 2168 τῆς
361 2083 543 2167 ἐμπειρίας
565 2083 762 2165 ἐπιθυμεῖν,
784 2085 992 2147 καὶτούτων
1016 2084 1050 2145 ολ
1071 2079 1309 2164 μὲνλέγοντες,
1334 2081 1369 2143 ol
1391 2077 1427 2144 δέ

169 2186 418 2270 συγγράφοντες
445 2188 567 2267 μόνον,
604 2188 662 2262 ούς
689 2187 755 2273 ἐφη
785 2207 839 2262 τις
868 2192 936 2248 τῶν
965 2187 1132 2270 πρότερον
1161 2184 1311 2267 μεθόρια
1340 2180 1429 2248 εἶναι

169 2292 237 2348 τῶν
261 2282 465 2373 φιλοσόφων
485 2289 543 2350 καλ
564 2295 633 2351 τῶν
655 2285 858 2351 πολιτικῶν·
882 2291 947 2366 δ,τι
971 2283 1006 2350 δέ
1031 2291 1197 2374 συμφέρει
1220 2289 1430 2371 πράττουσιν

168 2388 188 2473 ἢ
211 2390 301 2473 πρὸς
322 2391 427 2475 δ,τιη
458 2386 540 2468 δόξα
570 2391 688 2467 αύτοῖς
710 2387 885 2478 ὠφέλιμος
914 2391 935 2475 ἢ
964 2390 1000 2451 τί
1021 2397 1081 2476 τῆς
1103 2390 1284 2473 ἐμπειρίας
1305 2389 1430 2473 ταύτης

121 2501 150 2552 11)
167 2489 298 2580 όφελος
321 2482 359 2555 ού
383 2501 577 2556 σκοποῦσιν.
615 2495 679 2576 ἐγὼ
697 2490 735 2557 δέ
756 2515 846 2580 φημι
868 2495 981 2556 πάντα
1003 2488 1110 2553 τᾶλλα
1132 2487 1209 2571 δίχα
1231 2497 1291 2576 τῆς
1312 2490 1427 2552 τοιαύ·
1450 2492 1470 2554 4

169 2615 229 2680 υης
251 2592 449 2676 ἐπιμελείας
469 2597 527 2659 καί
549 2591 718 2683 ζητήσεως
740 2592 854 2680 ὀλίγου
877 2592 957 2673 ἄξια
980 2592 1087 2673 εἶναι,
1116 2591 1164 2675 τη”
1188 2589 1224 2655 δέ
1247 2593 1355 2654 ἐκεῖνο
1377 2591 1428 2653 ἐν·

170 2699 331 2783 νοησαντι
351 2700 409 2762 καλ
431 2694 560 2775 ξυνέντι
565 2747 575 2778 ,
606 2700 713 2781 τούτῳ
736 2700 794 2763 καί
814 2699 852 2760 τδ
877 2694 984 2779 λεγειν
1012 2697 1069 2758 καλ
1090 2696 1129 2757 τδ
1155 2697 1352 2777 στρατηγεῖν
1372 2693 1430 2756 καλ

170 2801 234 2878 δ,τι
262 2800 304 2863 δν
334 2797 417 2864 ἄλλο
448 2809 535 2887 ποιῇ
566 2798 736 2888 ξυμφέρον
758 2822 795 2864 τε
819 2799 908 2864 εἶναι
929 2800 986 2862 καί
1007 2787 1067 2860 ἐπ’
1094 2793 1218 2879 ἀγαθῷ
1239 2793 1429 2878 γίγνεσθαι.

170 2901 248 2966 ἐπεὶ
261 2905 301 2964 τό
315 2922 352 2985 γε
367 2903 593 2967 ἐπαινεῖσθαι
606 2896 691 2967 καθ’
709 2905 809 2966 ἐαυτδ
821 2904 889 2964 ὑπὸ
902 2901 1100 2986 ἀνθρώπων
1116 2898 1278 2983 ἀνοήτων,
1294 2895 1430 2978 οίοίπερ

123 3013 153 3066 1ο
175 3007 262 3068 εἰσίν
285 3007 319 3068 σί
341 3003 475 3083 πολλοί,
497 3007 517 3092 ἢ
540 3008 579 3069 τό
604 3004 776 3070 δύνασθαι
797 3009 832 3069 ἐν
855 3010 928 3080 τοῖς
950 3001 1159 3086 τοιούτοιςῆ
1183 3001 1221 3062 τό
1244 2995 1353 3085 ηδέως
1375 2991 1432 3084 ζῆν

174 3099 271 3172 οὐδὲν
286 3108 327 3171 δν
345 3104 505 3194 διαφέροι
521 3110 609 3194 πρός
624 3101 842 3192 εύδαιμονίαν
858 3115 920 3172 τοῦ
933 3106 1108 3191 ψέγεσθαι
1122 3104 1179 3166 καί
1189 3097 1293 3187 μηδὲν
1306 3100 1433 3181 ίσχύειν

173 3215 230 3278 καὶ
251 3213 430 3288 ἐπιπόνως
452 3206 518 3298 ζην.

262 3426 378 3503 ίῖπνιηρ
389 3428 420 3483 Μ
472 3433 487 3484 ῦ
500 3431 682 3500 φιλοπονῶσι
692 3431 742 3486 καί
753 3430 815 3496 (om.
829 3421 912 3494 αύτὸ)
924 3424 972 3482 UB
984 3425 1184 3498 φιλοπονῶσιν
1201 3412 1284 3479 αύτολ
1300 3420 1363 3485 (om.
1375 3417 1435 3484 καί)

175 3513 215 3583 Μ,
233 3531 303 3572 corr.
317 3515 397 3586 Emp.
469 3518 484 3571 8
503 3508 539 3573 τὰ
551 3513 638 3571 ουεῐί
694 3518 724 3568 11
744 3513 851 3579 πάντες
867 3510 975 3579 seclusi,
992 3503 1110 3574 πάντας
1121 3505 1231 3563 (ieelim
1299 3506 1349 3561 καὶ
1366 3507 1435 3561 πολ·

175 3605 222 3660 λοί
233 3601 284 3658 UB
339 3605 371 3656 12
384 3597 544 3671 εύόοκιμετν
553 3616 604 3671 pro
616 3593 810 3674 α’γωνίζεσῦαι
821 3597 935 3668 requirit
944 3593 1073 3652 Reiskius
1133 3595 1165 3646 1⁶
1176 3591 1346 3660 νομίζονται
1357 3586 1385 3645 Π

179 3691 211 3744 1ο
228 3691 297 3762 φησι
314 3686 363 3745 UB
458 3692 490 3743 11
509 3683 563 3760 ἔφη
586 3706 630 3754 τις
646 3690 706 3744 τῶν
721 3680 881 3760 πρότερονι
905 3681 962 3738 sest
981 3678 1114 3737 Prodicus
1135 3674 1208 3747 εραδ
1225 3673 1296 3730 Pht„
1313 3671 1434 3743 Euthyd.

177 3792 204 3846 p.
224 3780 300 3830 3⁰50
318 3767 370 3840 οδε
394 3767 448 3847 ἔφη
465 3768 612 3846 Πρόδικος
632 3771 759 3846 μεθόρια
782 3764 947 3840 φιλοσόφον
963 3786 996 3825 τε
1019 3759 1127 3837 ἀνδρὸς
1146 3764 1196 3820 καὶ
1218 3760 1368 3818 πολιτικοῦ

177 3864 209 3916 21
230 3853 346 3933 ὀλίγους
362 3857 394 3913 Μ
498 3862 531 3915 13
549 3858 694 3932 ξυμφέρον
711 3876 743 3915 τε
760 3857 851 3914 λοσε.
870 3870 914 3925 ap.
934 3852 1089 3918 Rutunium,
1107 3848 1289 3922 ξυμφέρονται
1305 3843 1368 3900 libri

177 3950 212 4001 24
228 3948 279 4004 καί
295 3934 367 4004 καθ’
385 3945 423 4016 Βς
445 3959 495 4016 pro
512 3936 585 4003 καθ’
604 3937 689 4001 ἑαυτὸ
708 3941 800 3998 σικύου
816 3944 865 3998 καί
882 3941 989 4006 ταύτας
1012 3951 1076 3992 mm
1093 3935 1237 3992 stultorum
1260 3931 1321 3988 lou!
1338 3934 1366 3984 et
1381 3927 1438 3982 vm

177 4029 312 4103 volupttti
329 4028 422 4085 dedita
438 4044 493 4086 non
510 4026 591 4086 modo
608 4044 665 4085 non
682 4042 732 4100 por
748 4041 795 4093 ιε,
819 4027 869 4083 sed
886 4039 920 4081 οε
937 4023 998 4080 aliis
1014 4019 1122 4093 quidem
1144 4018 1227 4076 rebus
1243 4013 1437 4072 medentibus

178 4115 275 4173 bento!
292 4114 384 4173 ίσσοῐσ
402 4113 509 4187 Cynicis
525 4113 633 4171 videtur
702 4103 768 4172 δσσι
785 4111 841 4185 πίρ
857 4111 929 4170 εἰσιν
945 4107 1002 4166 ΠΜ

704 4353 907 4366 m
