3466 5268
332 282 374 344 86
822 284 947 364 motus
965 284 1098 342 conclo

332 460 389 522 καί
417 461 599 542 προσιέναι
626 458 683 520 καί
705 456 913 541 παρακαλεῖν
936 462 994 522 τδν
1017 459 1234 538 ἀνθύπατον,
1265 461 1360 536 ὅπως
1391 458 1512 544 πρᾴως
1532 463 1589 526 καί

334 562 422 646 πρὸς
451 557 591 640 δύναμιν
621 561 808 646 εἰσπράττῃ
837 564 916 638 τούς
945 563 1213 648 δπεσχημέναυς,·
1240 563 1297 626 καί
1324 568 1424 624 τοῦτο
1454 562 1589 641 ότοιμος

334 667 449 725 ποιεῖν
477 652 516 724 οὐ
538 658 659 742 μόνον,
689 659 775 724 ἀλλά
803 665 859 726 καί
881 654 983 740 αίτύς
1013 661 1272 746 συμβάλλεσθαι
1298 669 1402 748 μέρος
1423 670 1484 748 της
1505 664 1589 724 ύπο-

336 769 498 844 σχέσεως,
525 759 648 847 <ὥσ>τε
669 761 899 852 κουφίζεσθαι
920 770 1000 842 τούς
1022 764 1154 843 ἀλλους.
1198 765 1303 848 μόνον
1327 769 1361 830 ἀν
1383 787 1418 828 τι
1440 767 1591 856 προστάῇ

284 867 325 929 20
338 863 432 944 ξατε·
455 867 486 930 εί
509 863 545 928 δὲ
567 869 625 952 μή,
647 863 706 953 τήν
728 870 867 953 ήσυχίαν
882 865 946 950 ἔξω
960 871 1119 952 βοώντων
1134 872 1237 952 ὑμῶν,
1258 867 1386 951 μᾶλλον
1402 867 1438 932 δὲ
1454 872 1588 950 ἀπειμι.
1611 885 1628 936 ῦ

335 971 373 1032 ού
395 970 458 1053 γάρ
482 970 598 1052 ὥσπερ
619 974 639 1056 ή
663 967 806 1056 ἀλώπηξ
826 981 1069 1059 καταφαγοῦσα
1092 975 1134 1036 τά
1151 977 1231 1056 κρέα
1255 973 1314 1036 οδκ
1334 969 1474 1035 ίδύνατο
1497 967 1586 1051 ἐξελ·
1600 986 1685 1040 (m
1700 987 1731 1040 τι]

334 1073 414 1135 θεῖν
436 1073 472 1134 ἐκ
493 1079 553 1157 τῆς
576 1069 676 1156 δρυὸς
698 1069 755 1138 διδ
778 1076 816 1137 τὸ
839 1072 1094 1162 ἐμπλησθῆναι,
1115 1077 1218 1157 κάμοί
1232 1072 1386 1154 ἐξελθεῖν
1410 1071 1467 1138 διδ
1490 1081 1590 1136 τοῦτο

333 1171 493 1254 χαλεπόν.
531 1170 619 1236 πολύ
640 1175 703 1260 γάρ
725 1180 845 1258 γέγονα
868 1173 1071 1262 λεπτότερος
1092 1178 1112 1264 ἢ
1136 1180 1191 1241 ἀτε
1213 1173 1388 1262 εἰσῆλθον.
1425 1177 1592 1260 καὶπρὸς

336 1278 430 1340 θεῶν
456 1277 502 1362 μή
529 1295 591 1356 μοι
618 1271 770 1357 νομίζετε
794 1274 1001 1363 χαρίζεσθαι
1031 1281 1111 1364 περί
1138 1287 1199 1365 τής
1237 1285 1337 1354 στοάς
1373 1278 1590 1360 ἐπιβοῶντες.

335 1379 413 1460 όμολ
439 1379 502 1463 γάρ
532 1377 582 1454 εἷς
610 1379 692 1465 ἀνήρ
722 1381 816 1442 ἐστιν
838 1377 1097 1466 όχαριζόμενος
1125 1383 1161 1444 όν
1190 1389 1231 1466 τῇ
1255 1377 1356 1445 πόλει
1379 1377 1512 1460 σχεδόν,
1543 1380 1590 1454 ὡς
1613 1395 1644 1448 10

336 1483 400 1564 ἐγὼ
430 1482 557 1558 ἀκούω,
586 1482 641 1544 καί
668 1478 817 1562 μάλιστα
847 1490 1004 1567 προνοῶν
1032 1491 1100 1546 τῶν
1128 1485 1207 1564 δμολ
1243 1485 1501 1569 συμφερόντων·
1536 1481 1594 1543 καί

338 1583 414 1646 οότε
443 1579 544 1667 φίλος
573 1582 648 1645 ούτε
679 1587 836 1671 συγγενής
860 1586 967 1662 ούτως
997 1582 1107 1661 οὐδεὶς
1129 1587 1212 1665 ἐμοῦ
1234 1582 1380 1670 κήδεται.
1434 1587 1593 1646 σκοπεῖτε

286 1682 325 1748 21
340 1681 376 1746 δὲ
399 1684 431 1748 εί
452 1680 544 1762 δόξει
565 1681 675 1760 καλῶς
697 1687 775 1768 ὑμῖν
796 1688 882 1770 ὑπὲρ
905 1689 990 1768 ἀμού
1011 1683 1212 1770 λογίζεσθαι
1231 1689 1290 1752 καί
1309 1707 1352 1768 με
1374 1687 1524 1769 ἀγαπᾶν,
1555 1683 1593 1758 δς

336 1792 474 1872 πρῶτον
496 1785 608 1851 οἴεταί
626 1808 668 1867 με
692 1784 762 1851 δεῖν
791 1785 902 1852 πολλά
931 1787 1190 1854 κινδυνεύσαντα
1219 1792 1276 1856 καί
1305 1791 1501 1874 πονήσαντα
1533 1787 1593 1872 τήν

335 1889 476 1976 ήσυχίαν
498 1886 625 1954 ίνθάδε
647 1892 740 1973 ἀγειν
761 1893 819 1954 καί
845 1897 920 1970 τοῖς
947 1895 1095 1973 ἐμαυτοῦ
1115 1897 1295 1978 προσέχειν
1323 1893 1380 1954 καί
1406 1891 1490 1976 μήτε
1517 1892 1591 1974 ήγε·
1614 1904 1644 1958 ίῦ

337 1994 444 2074 μόνας
472 1993 680 2076 θεραπεύειν
710 1995 794 2080 μήτε
823 1992 927 2080 ἀλλην
951 1992 1113 2076 ἀσχολίαν
1145 1994 1313 2082 μηδεμίαν
1342 1995 1443 2074 ἔχειν·
1473 1993 1594 2056 ἔπειτα

339 2096 478 2178 σμικρόν
499 2115 534 2157 τι
560 2098 664 2179 μόρος
685 2089 847 2181 εὑρηκότα
876 2105 936 2184 τής
966 2097 1103 2176 ούσίας,
1130 2099 1187 2162 καί
1215 2099 1303 2182 πρός
1330 2101 1407 2172 ταῖς
1429 2091 1595 2178 πρότερον

338 2192 484 2278 βλάβαις
505 2197 557 2259 ἔτι
577 2197 635 2260 καί
656 2206 716 2284 τής
731 2195 881 2286 ἀδελφῆς
897 2201 1146 2286 ἀποθανούσης
1163 2197 1387 2286 ὠφεληθέντα
1403 2199 1464 2278 μὲν
1478 2191 1594 2280 μηδέν,
1608 2212 1658 2266 (⁵²0
1672 2211 1704 2264 ¹0
1730 2271 1731 2274 χ

338 2295 555 2362 ἀπολέσαντα
578 2296 614 2362 δέ
638 2303 760 2379 πάντα,
783 2304 847 2364 ὅσα
869 2309 936 2366 τῶν
959 2305 1049 2384 ἐμῶν
1072 2301 1149 2384 εἶχε,
1174 2299 1414 2383 δανεισάμενόν
1437 2319 1483 2376 τε,
1507 2299 1594 2360 ὥστε

337 2401 379 2464 τά
399 2402 508 2484 χωρία
531 2402 722 2486 πρίασθαι,
749 2410 851 2467 τοῦτο
876 2401 1067 2468 ἀποδοῦναι
1095 2407 1134 2468 τδ
1161 2409 1260 2489 χρόας
1281 2405 1338 2468 καί
1359 2403 1401 2466 τά
1424 2393 1591 2483 πρότερον
1614 2413 1644 2465 2)

339 2495 555 2588 ὀφειλόμενα,
576 2505 633 2566 καί
652 2507 697 2590 μή
723 2505 826 2568 στοάν
849 2503 1041 2586 οἰκοδομεῖν
1061 2503 1147 2592 μηδὲ
1170 2503 1363 2570 ἀναλίσκειν
1385 2504 1479 2589 παρά
1497 2499 1594 2566 δύνα-

287 2603 412 2684 2λμιν·
436 2603 556 2666 ἔπειτα
580 2605 764 2689 συνηθείας
787 2605 889 2691 οὔσης
910 2627 972 2688 μοι
994 2610 1081 2686 πρὸς
1102 2608 1160 2670 τόν
1183 2608 1425 2690 αὐτοκράτορα,
1449 2605 1532 2681 ἴσως
1556 2603 1592 2668 δὲ
1608 2618 1728 2670 (mu)

339 2707 396 2770 καί
419 2701 640 2790 φιλίας-καί
660 2709 747 2791 πρὸς
768 2705 892 2784 ἀλλους
914 2705 1062 2784 πολλούς
1091 2711 1170 2785 τούς
1199 2706 1454 2784 δυνατωτάτους
1477 2699 1595 2788 σχεδόν

341 2829 376 2871 τι
387 2799 569 2887 Ῥωμαίων,
591 2810 733 2885 ἐκείνοις
749 2815 899 2874 συνεῖναι
913 2813 1102 2891 τιμώμενον
1124 2812 1181 2874 καί
1197 2805 1474 2892 θαυμαζόμενον·
1497 2803 1595 2894 [ἀλλά

340 2911 385 2996 μή
410 2900 494 2993 παρ’
525 2911 603 2991 ύμῖν
632 2914 719 2996 πρὸς
746 2914 804 2975 τύν
834 2909 927 2976 δεῖνα
955 2914 975 2998 ἢ
1004 2915 1062 2976 τόν
1092 2911 1185 2977 δεῖνα
1208 2903 1473 2993 δξεταζόμενον·]
1501 2911 1532 2973 εδ
1554 2907 1590 2974 δδ
1613 2921 1643 2974 2⁵

342 3015 408 3098 ἀρα
430 3009 619 3098 ἀποδημῶν
640 3011 776 3100 ήδομαι,
799 3015 861 3091 τάς
875 3017 1036 3098 μεγίστας
1058 3012 1179 3091 πόλεις
1201 3018 1337 3079 ἐπιέναι
1358 3014 1444 3095 μετά
1468 3009 1599 3075 πολλοῦ

343 3110 442 3201 ζήλου
464 3117 521 3178 καί
543 3112 743 3201 φιλοτιμίας
765 3116 1098 3202 παραπεμπόμενον,
1124 3121 1224 3203 χάριν
1253 3116 1393 3182 είδότων
1421 3134 1483 3196 μοι
1508 3105 1594 3196 παρ’

344 3219 402 3294 ούς
431 3217 472 3280 ἀν
495 3218 673 3303 ἀφίκωμαι
701 3219 758 3282 καλ
780 3216 948 3300 δεομένων
972 3216 1157 3303 λέγεινκαὶ
1180 3218 1418 3302 συμβουλεύειν
1440 3220 1496 3281 καί
1519 3218 1599 3300 περὶ

342 3319 403 3394 τὰς
417 3319 502 3399 ίμάς
516 3319 628 3405 θύρας
644 3318 766 3383 ἰόντων
781 3318 818 3399 ἐξ
833 3322 991 3400 ἑωθινοῦ,
1007 3320 1112 3409 μηδὲν
1124 3320 1346 3386 ἀναλώσαντα
1357 3319 1443 3407 μηδὲ
1456 3337 1596 3403 προστι-

342 3422 460 3500 θέντα,
484 3422 571 3484 ὥστε
593 3419 782 3503 θαυμάζειν
805 3426 959 3501 ἅπαντας
980 3427 1037 3488 καλ
1058 3429 1156 3506 τυχὸν
1179 3427 1220 3488 ἀν
1242 3428 1353 3488 είπεῖν
1375 3446 1479 3500 τινας,
1614 3437 1642 3487 νο

497 3522 524 3586 ὧ
548 3523 670 3605 πόποι,
693 3528 740 3602 ὡς
762 3524 819 3590 όδε
842 3535 929 3592 πᾶσι
953 3525 1054 3613 φίλος
1075 3531 1132 3592 καί
1153 3524 1268 3608 τίμιός
1290 3529 1383 3591 ἐστιν

497 3628 710 3712 ἀνθρώποις,
733 3631 836 3692 ότεών
859 3650 895 3693 κε
918 3626 1021 3693 πόλιν
1042 3633 1098 3694 καί
1121 3628 1226 3716 δῆμον
1250 3631 1377 3714 ίκηται’

432 3919 542 3989 λάστε
560 3931 650 4001 Εαη),
669 3951 701 3988 τε
718 3930 749 3986 Μ
766 3934 815 3988 καί
833 3930 906 3988 ῦΒΤ
975 3928 1194 4004 προστάξετεΤ
1281 3923 1410 3996 δόξωΤ
1491 3925 1598 3998 εἴποιμι

344 4032 395 4087 pro
413 4012 552 4087 ἀπειμιΒ
622 4021 654 4072 10
673 4010 707 4074 αδ
724 4032 774 4090 pro
793 4012 810 4074 δ
829 4016 859 4072 Μ
931 4021 962 4072 12
980 4009 1071 4082 ου’όείς
1088 4014 1182 4071 σακΤ
1254 4020 1284 4069 1⁵
1303 4007 1424 4087 α’γαγεῖν
1439 4012 1512 4082 libri,
1529 4027 1598 4068 corr.

345 4101 425 4172 Emp.
496 4106 528 4156 19
546 4102 576 4160 δὲ
592 4118 642 4174 pro
661 4123 692 4161 τε
711 4102 740 4156 Μ
809 4108 841 4157 20
860 4101 1042 4176 πριᾶοθαιῦ
1128 4105 1159 4156 21
1179 4097 1335 4174 φειλόμενα
1353 4099 1384 4155 Μ
1452 4091 1600 4157 ἀνοικοδο-

345 4195 411 4257 μεῖν
428 4186 452 4242 Τ
504 4191 536 4241 22
556 4183 764 4262 αὐτοκράτορα
782 4189 813 4244 M
876 4193 909 4242 24
927 4183 1000 4246 ἀλλὰ
1019 4215 1051 4226 -·
1070 4189 1102 4240 ²5
1120 4182 1329 4258 ἐξεταζόμενον
1346 4185 1398 4242 ἀεί,
1417 4185 1497 4255 Emp.
1517 4181 1601 4247 „male

346 4288 381 4328 ox
398 4273 415 4341 ὅ
433 4275 466 4327 23
484 4275 615 4343 repetitu*
686 4279 719 4329 κε
739 4268 788 4340 οδς
805 4289 841 4329 αα
860 4266 903 4338 οίς
919 4271 1052 4327 incertum
1068 4270 1139 4326 λιιΤ
1221 4265 1297 4345 πρὸς
1313 4286 1364 4342 pro
1382 4273 1448 4341 περὶ
1465 4269 1601 4334 Βείείάιιε,

345 4356 394 4416 ἐπί
411 4357 502 4426 Dina..
520 4365 549 4413 at
565 4359 644 4430 Emp.
663 4355 757 4418 ὄντων
775 4375 825 4428 pro
843 4353 950 4416 ἰόντων
966 4356 1097 4413 dubitans
1150 4361 1181 4412 29
1201 4353 1373 4430 ἑωθηνοῦΒ
1432 4360 1464 4410 ³1
1484 4351 1550 4412 άΒ

347 4449 381 4500 32
398 4449 446 4502 καί
463 4462 513 4516 pro
531 4466 564 4504 κε
581 4445 668 4512 ΠΒΜ,
687 4460 739 4500 om.
759 4444 782 4498 T
801 4445 836 4500 cf.
856 4443 906 4501 Od.
924 4447 992 4500 κδδ
