3454 5272
485 384 673 442 emineres
690 386 741 442 ns:
758 385 887 444 eximo
904 387 1037 446 nlotils.
1328 391 1390 452 335

134 553 225 635 Quae
240 561 315 623 sunt
329 557 513 640 falsissima,
530 564 564 624 ut
579 558 733 642 pleraque
749 579 832 643 quae
848 559 890 627 de
903 559 1008 629 Dione
1022 561 1156 630 tradidit
1167 561 1390 633 Philostratus.

134 657 229 725 Hunc
250 663 358 725 tamen
380 667 508 727 eccutua
531 667 580 728 est
601 659 746 728 Photius.

218 761 356 845 Propius
376 783 398 829 a
419 782 497 830 vero
518 762 612 830 abest
632 771 745 830 auctor
765 783 887 846 eorum,
910 783 994 848 quae
1016 765 1049 830 in
1072 763 1151 832 (lod.
1173 766 1290 834 Medic.
1306 769 1389 840 Plot.

134 867 185 945 49,
201 867 254 930 22.
276 872 309 931 et
323 863 471 932 Parisino
487 867 570 930 2958
587 866 700 933 Dionis
723 866 875 950 operibus
891 868 1070 950 praemissa
1091 867 1256 953 leguntur;
1279 889 1391 954 quam-

134 987 230 1051 quam
252 966 280 1034 is
303 986 431 1051 quoque
453 966 621 1035 manifesto
637 987 743 1035 errore
765 969 980 1036 narrationem
996 970 1147 1054 corrupit.
1192 970 1300 1037 Verba
1321 973 1392 1041 eius

136 1069 216 1136 haec
230 1073 304 1135 sunt
317 1074 351 1143 ¹):
374 1073 477 1155 ταύτῃ
494 1091 549 1134 τοι
569 1074 626 1135 καὶ
647 1080 689 1156 τῇ
711 1079 773 1134 τοῦ
788 1070 886 1155 λόγου
899 1075 1111 1159 χρησάμενος
1127 1076 1215 1159 ῥύμη
1231 1076 1288 1137 καὶ
1303 1079 1391 1160 πρὸς

134 1177 275 1257 Νέρωνα
304 1175 389 1258 ὑπὲρ
419 1181 486 1236 τῶν
516 1179 639 1238 ἑαυτοῦ
667 1174 990 1262 παρρησιασάμενος
1020 1173 1130 1261 φίλων
1158 1177 1391 1261 ἀειφυγίαις

134 1273 364 1361 κατεδικάσθη
387 1279 444 1340 καὶ
460 1273 500 1361 ἦν
514 1275 562 1360 τῷ
580 1273 772 1362 ζημιώματι
789 1269 950 1359 ἐπίτιμος
964 1280 1084 1359 τούτῳ,
1109 1269 1145 1353 ἐς
1160 1281 1217 1341 ὅτι
1235 1276 1391 1341 Οὐεσπα·

136 1381 252 1442 οιανὸν
279 1383 298 1461 η
328 1371 500 1460 Ῥωμαίων
528 1381 658 1461 εὐτύχει
686 1377 862 1459 πολιτεία,
892 1371 919 1462 ᾦ
950 1383 1187 1462 συγγενόμενος
1216 1382 1301 1442 κατὰ
1332 1384 1391 1466 την

136 1479 291 1564 Νιιληλαν
309 1473 565 1565 Ἀλεξάνδρειαν
593 1485 649 1544 καὶ
679 1479 790 1544 πολλά
813 1490 881 1544 τῶν
902 1479 1043 1564 βασιλεῖ
1068 1484 1284 1564 ὑποθέμενος
1314 1485 1391 1568 ἀνη-

134 1585 260 1645 κόντων
290 1581 386 1658 τέλος
413 1586 570 1659 καὶτοὺς
593 1588 766 1670 παρόντας
793 1583 991 1666 βασιλικούς
1016 1584 1135 1668 λόγους
1157 1584 1246 1668 αὐτῷ
1273 1577 1393 1662 ἐξεπό-

135 1704 243 1771 νησεν.
289 1683 393 1750 Homo
417 1684 518 1752 bouus
533 1685 695 1752 Neronem
716 1685 861 1753 confudit
884 1706 955 1754 cnm
971 1686 1173 1770 Domitian03
1196 1685 1282 1752 idcm
1305 1693 1393 1752 recte

134 1787 248 1871 opinor
270 1787 303 1852 in
325 1793 530 1870 perpetuum,
559 1806 622 1854 non
644 1788 677 1853 in
699 1791 840 1873 tempus,
871 1787 1011 1855 Dionem
1041 1790 1218 1872 relegatum
1248 1787 1392 1854 tradidit.

137 1889 244 1956 Exilio
265 1896 383 1972 autem,
406 1895 576 1973 postquam
599 1891 715 1958 multos
737 1911 849 1976 annos,
872 1899 907 1958 ut
929 1891 971 1958 de
985 1891 1092 1958 reditu
1114 1892 1182 1958 eius
1199 1891 1263 1956 iam
1278 1890 1394 1975 deope-

136 1998 269 2075 raretur,
292 1991 430 2074 durarit,
454 1992 630 2058 Domitiani
653 1991 770 2060 caedes
792 1990 888 2059 finem
911 1992 1030 2060 adtulit
1039 1998 1074 2070 λ).

222 2094 392 2176 Reliquum
415 2099 480 2173 cst,
503 2094 655 2176 quoniam
677 2094 719 2161 de
741 2100 887 2178 tompore
909 2094 987 2162 satis
1008 2093 1166 2175 diximus,
1189 2101 1224 2160 ut
1246 2095 1394 2177 explore-

137 2215 206 2263 mus
235 2215 372 2279 quanam
405 2196 548 2262 locorum
578 2195 830 2278 praescriptione
853 2196 968 2263 Dionis
999 2196 1155 2279 relegatio
1178 2193 1267 2260 finita
1288 2195 1393 2261 fuerit.

139 2296 253 2379 Neque
276 2296 361 2362 enim
375 2301 441 2362 toto
458 2295 673 2363 Romanorum
688 2297 824 2380 imperio
841 2298 872 2363 ei
887 2296 1092 2363 interdictum
1107 2301 1166 2379 est,
1189 2295 1276 2379 qnod
1291 2297 1393 2379 ipsius

139 2397 246 2464 verbis
267 2397 363 2463 facile
386 2396 676 2480 demonstrabitur,
704 2396 763 2464 aed
785 2403 820 2463 ut
840 2397 970 2464 videtur
998 2405 1120 2463 tantum
1143 2416 1162 2462 e
1184 2395 1338 2482 Bithynia
1360 2407 1392 2463 et

138 2501 271 2567 fortasse
286 2500 383 2566 ltalia
403 2500 565 2582 relegatus
588 2505 646 2566 est.
679 2500 720 2565 lit
734 2499 838 2567 Roma
853 2499 983 2583 quidem
1000 2519 1073 2566 eum
1088 2500 1270 2566 submotum
1285 2497 1396 2580 fuisse,

139 2623 180 2669 en
203 2600 253 2669 his
277 2603 346 2670 eius
376 2601 483 2669 verbis
512 2603 622 2685 colligi
651 2608 758 2686 potest
779 2601 868 2669 Orat.
893 2603 916 2668 i.
941 2603 978 2668 Τ.
1001 2602 1027 2685 Ι,
1049 2623 1081 2686 p.
1099 2603 1150 2685 59,
1167 2606 1217 2666 40.
1262 2604 1308 2678 ὡς
1330 2604 1392 2687 γὰρ

137 2709 252 2785 ἔνοχον
278 2709 313 2769 ἐν
344 2715 384 2792 τῇ
414 2714 503 2792 (μιγῇ
531 2727 616 2769 ποτε
646 2704 882 2788 ἀλώμενος-
903 2709 960 2769 καὶ
983 2702 1112 2792 πολλήν
1134 2726 1170 2788 γε
1191 2699 1290 2790 χάριν
1314 2702 1391 2766 olda

136 2814 210 2885 τοῖς
230 2810 340 2887 θεοῖς,
363 2812 416 2872 ὅτι
437 2830 480 2889 με
504 2809 561 2870 οὐκ
577 2808 696 2871 εἴασαν
710 2809 840 2895 θεατὴν
854 2810 1019 2891 γενέσθαι
1035 2805 1172 2870 πολλῶν
1186 2810 1243 2870 καὶ
1265 2805 1390 2870 ἀάλκων

138 2910 345 2996 πραγμάτων
371 2943 422 2974 -.
452 2909 607 2994 Reliquae
637 2915 737 2976 terras
759 2909 976 2976 Romanorum
1005 2909 1141 2994 imperio
1171 2907 1334 2991 subjectas
1364 2908 1395 2972 ei

137 3013 280 3094 patuisse
302 3009 378 3077 indc
400 3011 605 3094 intelligitur,
628 3010 715 3093 quud
736 3011 808 3094 ipso
837 3010 1045 3094 relegationis
1072 3017 1217 3093 tempore
1240 3010 1393 3094 (lyricum

139 3114 169 3179 ei
191 3113 283 3179 licuit
295 3113 396 3178 adire.
432 3111 482 3178 Ibi
498 3112 589 3178 multi
605 3131 676 3178 cnm
691 3113 785 3178 amici
802 3113 995 3196 cognatique
1011 3117 1238 3194 convenerunt,
1260 3111 1394 3195 propius

138 3220 246 3281 autem
278 3211 322 3280 ad
348 3215 474 3298 patriae
503 3213 583 3281 fines
612 3234 647 3281 se
675 3213 830 3280 accedere
867 3215 1010 3282 voluisse
1043 3221 1157 3299 negat,
1189 3234 1231 3280 ne
1260 3213 1394 3280 exilium

139 3315 268 3399 aegrius
290 3316 374 3383 ferre
396 3315 559 3382 rideretur
569 3318 603 3395 ³).
640 3314 764 3382 Eodem
780 3317 928 3401 pertinet,
951 3317 1038 3400 quod
1061 3316 1209 3400 quamvis
1225 3317 1354 3382 exulem
1375 3336 1396 3381 a

140 3419 247 3485 multis
270 3438 306 3485 se
328 3425 494 3500 vocatum,
523 3425 559 3485 ut
587 3436 654 3484 rem
682 3419 846 3502 publicam
874 3417 963 3502 apud
991 3419 1080 3502 ipsos
1102 3419 1279 3502 gererete,
1309 3423 1342 3483 et
1363 3418 1396 3482 in

143 3522 366 3605 Peloponneso
388 3527 608 3588 reversatum
630 3539 702 3588 ease
723 3520 833 3588 scribit
843 3521 876 3597 5).

229 3711 252 3769 tt
269 3704 332 3761 vid.
350 3703 432 3776 Kaps.
451 3703 579 3760 Philostr.
598 3703 632 3760 V.
650 3703 678 3758 S.
697 3721 724 3774 p.
746 3709 802 3758 tit.

227 3794 254 3857 2)
271 3789 354 3845 Exilii
371 3788 577 3845 diuturnitatem
595 3788 793 3854 demonstrant,
816 3803 887 3860 quae
904 3802 989 3858 supra
1012 3784 1166 3842 adtulimus.
1203 3785 1274 3840 Hinc
1298 3785 1397 3840 intelli-

139 3877 212 3946 gitur
229 3875 363 3948 qnomodo
387 3875 465 3930 locus
487 3875 596 3943 quidam
614 3873 690 3930 Orat.
707 3874 730 3929 1.
749 3873 781 3930 Τ.
800 3873 822 3930 Ι.
841 3890 869 3943 p.
888 3878 931 3942 ot,
949 3876 991 3928 te.
1025 3870 1245 3942 interpretandus
1267 3870 1316 3926 sit:
1341 3873 1398 3926 Καὶ

140 3962 212 4032 μετά
232 3967 319 4020 τοῦτο
339 3955 371 4034 δὴ
389 3960 562 4036 προέλεγεν,
585 3951 631 4017 du
655 3953 689 4018 σά
709 3959 799 4026 πολύς
814 3955 923 4034 χρόνος
940 3952 1038 4016 ἓοοιτό
1056 3975 1107 4028 μοι
1130 3960 1180 4028 τῆς
1196 3952 1266 4029 ἄλης
1283 3959 1331 4012 καὶ
1349 3959 1399 4027 τῆς

140 4049 346 4119 ταλαιπωρίας,
363 4043 430 4104 οὔτε
448 4048 506 4112 ool,
524 4040 612 4112 εἶπεν,
630 4041 696 4104 οὔτε
714 4054 776 4111 τοῖς
793 4041 892 4111 ἄλλοις
909 4037 1084 4116 eventum.
1113 4041 1247 4096 Nimirum
1272 4044 1398 4110 vergente

140 4133 194 4187 iam
212 4133 247 4188 ad
265 4133 365 4188 exitum
384 4131 531 4187 Domitiani
548 4131 661 4200 imperio
678 4131 752 4186 istud
769 4130 927 4186 ratloiuinm
945 4130 970 4184 oi
987 4129 1081 4184 datum
1098 4141 1158 4182 csse
1175 4125 1293 4195 tingitur.

230 4224 256 4280 at
274 4217 295 4285 Ι,
307 4235 335 4288 p.
347 4222 406 4285 teo,
428 4223 467 4272 tt.
501 4215 558 4290 ἐγώ
578 4219 608 4275 δὲ
625 4209 678 4274 oda
694 4214 803 4288 ἤθελον
820 4211 903 4289 ἐγγὺς
920 4211 992 4273 ἰέναι
1009 4209 1084 4287 πρὸς
1101 4205 1205 4278 αὐτοὺς
1222 4207 1289 4277 τοὺς
1312 4231 1399 4282 ορους

141 4303 318 4374 (Bithyniae),
336 4300 408 4362 ἀλλά
427 4300 522 4362 ἐδόκει
537 4323 588 4371 μοι
607 4300 642 4360 τὸ
661 4307 797 4361 τοιοῦτον
816 4305 964 4368 παντελῶς
987 4293 1154 4372 α’χθομένον
1176 4293 1255 4365 τινὸς
1273 4293 1345 4355 εἶναι
1363 4301 1398 4369 τη·

140 4393 217 4464 φυγῇ
233 4393 282 4448 καὶ
300 4387 511 4460 ἐπιθαμοῖντος
528 4394 688 4448 κατελθεῖν.

226 4481 253 4542 4)
272 4476 307 4538 Π.
329 4481 385 4542 iili,
405 4482 445 4533 15.

226 4563 413 4632 numm
