<?xml version="1.0" encoding="UTF-8"?>
<!DOCTYPE html PUBLIC "-//W3C//DTD XHTML 1.0 Transitional//EN"
    "http://www.w3.org/TR/xhtml1/DTD/xhtml1-transitional.dtd">
<html xmlns="http://www.w3.org/1999/xhtml" xml:lang="en" lang="en">
 <head>
  <title>
</title>
<meta http-equiv="Content-Type" content="text/html;charset=utf-8" />
  <meta name='ocr-system' content='tesseract 3.04.00' />
  <meta name='ocr-capabilities' content='ocr_page ocr_carea ocr_par ocr_line ocrx_word'/>
</head>
<body>
  <div class='ocr_page' id='page_1' title='image "./quaeexstantomni01diogoog_0364.png"; bbox 0 0 3526 5264; ppageno 0'>
   <div class='ocr_carea' id='block_1_1' title="bbox 698 389 1439 452">
    <p class='ocr_par' dir='ltr' id='par_1_1' title="bbox 698 389 1439 452">
     <span class='ocr_line' id='line_1_1' title="bbox 698 389 1439 452; baseline 0.003 -4"><span class='ocrx_word' id='word_1_1' title='bbox 698 390 834 449; x_wconf 68' lang='lat' dir='ltr'>omno</span> <span class='ocrx_word' id='word_1_2' title='bbox 851 390 912 448; x_wconf 79' lang='lat' dir='ltr'><strong><em>XV.</em></strong></span> <span class='ocrx_word' id='word_1_3' title='bbox 1377 389 1439 452; x_wconf 70' lang='lat'><strong><em>285</em></strong></span> 
     </span>
    </p>
   </div>
   <div class='ocr_carea' id='block_1_2' title="bbox 44 559 1489 3725">
    <p class='ocr_par' dir='ltr' id='par_1_2' title="bbox 44 559 1489 3725">
     <span class='ocr_line' id='line_1_2' title="bbox 175 559 1436 656; baseline -0.003 -22"><span class='ocrx_word' id='word_1_4' title='bbox 175 572 317 656; x_wconf 72' lang='grc' dir='ltr'><strong><em>ὕστερον</em></strong></span> <span class='ocrx_word' id='word_1_5' title='bbox 340 571 472 644; x_wconf 79' lang='grc' dir='ltr'><strong><em>ἐνόντες</em></strong></span> <span class='ocrx_word' id='word_1_6' title='bbox 495 563 660 630; x_wconf 78' lang='grc' dir='ltr'><strong><em>οὐδέποτε</em></strong></span> <span class='ocrx_word' id='word_1_7' title='bbox 683 563 905 653; x_wconf 77' lang='grc' dir='ltr'><strong><em>ὡμολόγησαν</em></strong></span> <span class='ocrx_word' id='word_1_8' title='bbox 928 568 982 629; x_wconf 90' lang='grc' dir='ltr'><strong><em>ότι</em></strong></span> <span class='ocrx_word' id='word_1_9' title='bbox 1005 561 1179 650; x_wconf 81' lang='grc' dir='ltr'><strong><em>ἀλλότριοι</em></strong></span> <span class='ocrx_word' id='word_1_10' title='bbox 1200 559 1296 650; x_wconf 80' lang='grc' dir='ltr'><strong><em>ἦσαν.</em></strong></span> <span class='ocrx_word' id='word_1_11' title='bbox 1338 567 1378 628; x_wconf 88' lang='grc' dir='ltr'><strong><em>σύ</em></strong></span> <span class='ocrx_word' id='word_1_12' title='bbox 1402 560 1436 630; x_wconf 82' lang='grc' dir='ltr'><strong><em>δ’</em></strong></span> 
     </span>
     <span class='ocr_line' id='line_1_3' title="bbox 174 660 1439 757; baseline -0.002 -22"><span class='ocrx_word' id='word_1_13' title='bbox 174 672 263 748; x_wconf 86' lang='grc' dir='ltr'><strong><em>ίσως</em></strong></span> <span class='ocrx_word' id='word_1_14' title='bbox 283 673 340 736; x_wconf 85' lang='grc' dir='ltr'><strong><em>καί</em></strong></span> <span class='ocrx_word' id='word_1_15' title='bbox 362 673 421 734; x_wconf 87' lang='grc' dir='ltr'><strong><em>τόν</em></strong></span> <span class='ocrx_word' id='word_1_16' title='bbox 444 671 563 757; x_wconf 76' lang='grc' dir='ltr'><strong><em>Ζῆθον</em></strong></span> <span class='ocrx_word' id='word_1_17' title='bbox 584 671 642 733; x_wconf 87' lang='grc' dir='ltr'><strong><em>καί</em></strong></span> <span class='ocrx_word' id='word_1_18' title='bbox 663 671 722 732; x_wconf 88' lang='grc' dir='ltr'><strong><em>τόν</em></strong></span> <span class='ocrx_word' id='word_1_19' title='bbox 741 660 911 755; x_wconf 87' lang='grc' dir='ltr'><strong><em>Ἀμφίονα</em></strong></span> <span class='ocrx_word' id='word_1_20' title='bbox 935 664 1123 751; x_wconf 76' lang='grc' dir='ltr'><strong><em>ἐλοιδόρεις</em></strong></span> <span class='ocrx_word' id='word_1_21' title='bbox 1144 668 1202 744; x_wconf 88' lang='grc' dir='ltr'><strong><em>όν,</em></strong></span> <span class='ocrx_word' id='word_1_22' title='bbox 1232 669 1312 750; x_wconf 88' lang='grc' dir='ltr'><strong><em>πρίν</em></strong></span> <span class='ocrx_word' id='word_1_23' title='bbox 1336 689 1439 755; x_wconf 88' lang='grc' dir='ltr'><strong><em>φανε-</em></strong></span> 
     </span>
     <span class='ocr_line' id='line_1_4' title="bbox 179 768 1436 860; baseline -0.002 -22"><span class='ocrx_word' id='word_1_24' title='bbox 179 777 259 860; x_wconf 85' lang='grc' dir='ltr'><strong><em>ρούς</em></strong></span> <span class='ocrx_word' id='word_1_25' title='bbox 272 775 446 858; x_wconf 85' lang='grc' dir='ltr'><strong><em>γενέσθαι,</em></strong></span> <span class='ocrx_word' id='word_1_26' title='bbox 468 775 526 836; x_wconf 87' lang='grc' dir='ltr'><strong><em>καί</em></strong></span> <span class='ocrx_word' id='word_1_27' title='bbox 542 769 712 853; x_wconf 80' lang='grc' dir='ltr'><strong><em>διώμνυσο</em></strong></span> <span class='ocrx_word' id='word_1_28' title='bbox 736 773 783 846; x_wconf 83' lang='grc' dir='ltr'><strong><em>ὡς</em></strong></span> <span class='ocrx_word' id='word_1_29' title='bbox 806 772 887 856; x_wconf 85' lang='grc' dir='ltr'><strong><em>περί</em></strong></span> <span class='ocrx_word' id='word_1_30' title='bbox 910 768 1039 833; x_wconf 90' lang='grc' dir='ltr'><strong><em>δούλων</em></strong></span> <span class='ocrx_word' id='word_1_31' title='bbox 1060 776 1128 832; x_wconf 89' lang='grc' dir='ltr'><strong><em>τῶν</em></strong></span> <span class='ocrx_word' id='word_1_32' title='bbox 1143 775 1206 831; x_wconf 85' lang='grc' dir='ltr'><strong><em>τού</em></strong></span> <span class='ocrx_word' id='word_1_33' title='bbox 1218 770 1305 844; x_wconf 87' lang='grc' dir='ltr'><strong><em>Διὸς</em></strong></span> <span class='ocrx_word' id='word_1_34' title='bbox 1326 772 1436 835; x_wconf 80' lang='grc' dir='ltr'><strong><em>υἱέων.</em></strong></span> 
     </span>
     <span class='ocr_line' id='line_1_5' title="bbox 177 869 1488 962; baseline -0.002 -21"><span class='ocrx_word' id='word_1_35' title='bbox 177 881 235 942; x_wconf 91' lang='grc' dir='ltr'><strong><em>καί</em></strong></span> <span class='ocrx_word' id='word_1_36' title='bbox 253 879 294 954; x_wconf 80' lang='grc' dir='ltr'><strong><em>ὃς</em></strong></span> <span class='ocrx_word' id='word_1_37' title='bbox 308 875 454 962; x_wconf 76' lang='grc' dir='ltr'><strong><em>γελάσας</em></strong></span> <span class='ocrx_word' id='word_1_38' title='bbox 468 878 559 938; x_wconf 88' lang='grc' dir='ltr'><strong><em>πάνυ</em></strong></span> <span class='ocrx_word' id='word_1_39' title='bbox 575 876 767 960; x_wconf 89' lang='grc' dir='ltr'><strong><em>είρωνικῶς,</em></strong></span> <span class='ocrx_word' id='word_1_40' title='bbox 793 875 882 949; x_wconf 88' lang='grc' dir='ltr'><strong><em>Τοδς</em></strong></span> <span class='ocrx_word' id='word_1_41' title='bbox 896 869 1100 959; x_wconf 84' lang='grc' dir='ltr'><strong><em>τραγῳδούς,</em></strong></span> <span class='ocrx_word' id='word_1_42' title='bbox 1123 873 1200 958; x_wconf 86' lang='grc' dir='ltr'><strong><em>ἐφη,</em></strong></span> <span class='ocrx_word' id='word_1_43' title='bbox 1223 869 1337 948; x_wconf 75' lang='grc' dir='ltr'><strong><em>καλεῖς</em></strong></span> <span class='ocrx_word' id='word_1_44' title='bbox 1350 876 1434 959; x_wconf 90' lang='grc' dir='ltr'><strong><em>μάρ-</em></strong></span> <span class='ocrx_word' id='word_1_45' title='bbox 1450 877 1488 940; x_wconf 89' lang='grc'><strong><em>10</em></strong></span> 
     </span>
     <span class='ocr_line' id='line_1_6' title="bbox 145 969 1439 1068; baseline -0.003 -26"><span class='ocrx_word' id='word_1_46' title='bbox 145 993 160 1042; x_wconf 75' lang='lat'><strong>⁶</strong></span> <span class='ocrx_word' id='word_1_47' title='bbox 182 1003 293 1068; x_wconf 85' lang='grc' dir='ltr'><strong><em>τυρας.</em></strong></span> <span class='ocrx_word' id='word_1_48' title='bbox 334 979 397 1056; x_wconf 91' lang='grc' dir='ltr'><strong><em>Οίς</em></strong></span> <span class='ocrx_word' id='word_1_49' title='bbox 412 999 448 1062; x_wconf 87' lang='grc' dir='ltr'><strong><em>γε</em></strong></span> <span class='ocrx_word' id='word_1_50' title='bbox 464 980 695 1056; x_wconf 89' lang='grc' dir='ltr'><strong><em>πιστεύουσιν,</em></strong></span> <span class='ocrx_word' id='word_1_51' title='bbox 711 976 818 1055; x_wconf 81' lang='grc' dir='ltr'><strong><em>εἶπεν,</em></strong></span> <span class='ocrx_word' id='word_1_52' title='bbox 835 969 1046 1062; x_wconf 82' lang='grc' dir='ltr'><strong><em>οίἝλληνες·</em></strong></span> <span class='ocrx_word' id='word_1_53' title='bbox 1063 977 1121 1051; x_wconf 87' lang='grc' dir='ltr'><strong><em>ούς</em></strong></span> <span class='ocrx_word' id='word_1_54' title='bbox 1135 975 1198 1058; x_wconf 84' lang='grc' dir='ltr'><strong><em>γάρ</em></strong></span> <span class='ocrx_word' id='word_1_55' title='bbox 1214 975 1337 1038; x_wconf 84' lang='grc' dir='ltr'><strong><em>ἐκείνοι</em></strong></span> <span class='ocrx_word' id='word_1_56' title='bbox 1352 975 1439 1038; x_wconf 87' lang='grc' dir='ltr'><strong><em>άπα-</em></strong></span> 
     </span>
     <span class='ocr_line' id='line_1_7' title="bbox 175 1073 1440 1168; baseline -0.003 -22"><span class='ocrx_word' id='word_1_57' title='bbox 175 1081 387 1147; x_wconf 89' lang='grc' dir='ltr'><strong><em>δεικνύουσιν</em></strong></span> <span class='ocrx_word' id='word_1_58' title='bbox 414 1084 543 1168; x_wconf 73' lang='grc' dir='ltr'><strong><em>ἥρωας,</em></strong></span> <span class='ocrx_word' id='word_1_59' title='bbox 572 1082 706 1155; x_wconf 82' lang='grc' dir='ltr'><strong><em>τούτοις</em></strong></span> <span class='ocrx_word' id='word_1_60' title='bbox 729 1082 912 1166; x_wconf 89' lang='grc' dir='ltr'><strong><em>φαίνονται</em></strong></span> <span class='ocrx_word' id='word_1_61' title='bbox 933 1073 1142 1161; x_wconf 75' lang='grc' dir='ltr'><strong><em>ἐναγίζοντες</em></strong></span> <span class='ocrx_word' id='word_1_62' title='bbox 1164 1079 1211 1152; x_wconf 85' lang='grc' dir='ltr'><strong><em>ὡς</em></strong></span> <span class='ocrx_word' id='word_1_63' title='bbox 1232 1079 1358 1163; x_wconf 77' lang='grc' dir='ltr'><strong><em>ἥρωσι,</em></strong></span> <span class='ocrx_word' id='word_1_64' title='bbox 1382 1080 1440 1142; x_wconf 85' lang='grc' dir='ltr'><strong><em>καί</em></strong></span> 
     </span>
     <span class='ocr_line' id='line_1_8' title="bbox 177 1175 1438 1272; baseline -0.006 -23"><span class='ocrx_word' id='word_1_65' title='bbox 177 1187 218 1249; x_wconf 84' lang='grc' dir='ltr'><strong><em>τά</em></strong></span> <span class='ocrx_word' id='word_1_66' title='bbox 241 1184 336 1272; x_wconf 72' lang='grc' dir='ltr'><strong><em>ἡρῷα</em></strong></span> <span class='ocrx_word' id='word_1_67' title='bbox 352 1185 494 1260; x_wconf 88' lang='grc' dir='ltr'><strong><em>ἐκείνοις</em></strong></span> <span class='ocrx_word' id='word_1_68' title='bbox 510 1175 751 1269; x_wconf 75' lang='grc' dir='ltr'><strong><em>ᾠκοδομημένα</em></strong></span> <span class='ocrx_word' id='word_1_69' title='bbox 768 1180 854 1245; x_wconf 87' lang='grc' dir='ltr'><strong><em>ίδεῖν</em></strong></span> <span class='ocrx_word' id='word_1_70' title='bbox 869 1183 972 1245; x_wconf 83' lang='grc' dir='ltr'><strong><em>ἐστιν.</em></strong></span> <span class='ocrx_word' id='word_1_71' title='bbox 1013 1182 1141 1261; x_wconf 87' lang='grc' dir='ltr'><strong><em>δμοίως</em></strong></span> <span class='ocrx_word' id='word_1_72' title='bbox 1161 1176 1197 1242; x_wconf 81' lang='grc' dir='ltr'><strong><em>δέ</em></strong></span> <span class='ocrx_word' id='word_1_73' title='bbox 1213 1181 1383 1266; x_wconf 79' lang='grc' dir='ltr'><strong><em>ἐννόησον,</em></strong></span> <span class='ocrx_word' id='word_1_74' title='bbox 1406 1181 1438 1242; x_wconf 88' lang='grc' dir='ltr'><strong><em>εί</em></strong></span> 
     </span>
     <span class='ocr_line' id='line_1_9' title="bbox 176 1273 1438 1374; baseline -0.006 -23"><span class='ocrx_word' id='word_1_75' title='bbox 176 1286 301 1371; x_wconf 83' lang='grc' dir='ltr'><strong><em>βούλει,</em></strong></span> <span class='ocrx_word' id='word_1_76' title='bbox 322 1291 380 1352; x_wconf 88' lang='grc' dir='ltr'><strong><em>καί</em></strong></span> <span class='ocrx_word' id='word_1_77' title='bbox 401 1290 461 1374; x_wconf 75' lang='grc' dir='ltr'><strong><em>τὴν</em></strong></span> <span class='ocrx_word' id='word_1_78' title='bbox 485 1289 635 1374; x_wconf 78' lang='grc' dir='ltr'><strong><em>Φρυγίαν</em></strong></span> <span class='ocrx_word' id='word_1_79' title='bbox 657 1289 717 1372; x_wconf 77' lang='grc' dir='ltr'><strong><em>την</em></strong></span> <span class='ocrx_word' id='word_1_80' title='bbox 739 1286 899 1371; x_wconf 81' lang='grc' dir='ltr'><strong><em>Πριάμου</em></strong></span> <span class='ocrx_word' id='word_1_81' title='bbox 925 1281 1063 1370; x_wconf 90' lang='grc' dir='ltr'><strong><em>δούλην,</em></strong></span> <span class='ocrx_word' id='word_1_82' title='bbox 1093 1283 1112 1368; x_wconf 73' lang='grc' dir='ltr'><em>ἡ</em></span> <span class='ocrx_word' id='word_1_83' title='bbox 1136 1285 1195 1346; x_wconf 90' lang='grc' dir='ltr'><strong><em>τὸν</em></strong></span> <span class='ocrx_word' id='word_1_84' title='bbox 1217 1273 1438 1367; x_wconf 83' lang='grc' dir='ltr'><strong><em>Ἀλέξανδρον</em></strong></span> 
     </span>
     <span class='ocr_line' id='line_1_10' title="bbox 176 1381 1439 1478; baseline -0.007 -23"><span class='ocrx_word' id='word_1_85' title='bbox 176 1393 212 1455; x_wconf 88' lang='grc' dir='ltr'><strong><em>έν</em></strong></span> <span class='ocrx_word' id='word_1_86' title='bbox 227 1383 347 1478; x_wconf 79' lang='grc' dir='ltr'><strong><em>τῇἼδη</em></strong></span> <span class='ocrx_word' id='word_1_87' title='bbox 363 1387 553 1474; x_wconf 74' lang='grc' dir='ltr'><strong><em>ἐξέθρεψεν</em></strong></span> <span class='ocrx_word' id='word_1_88' title='bbox 575 1391 740 1475; x_wconf 74' lang='grc' dir='ltr'><strong><em>ὡςαύτῇς</em></strong></span> <span class='ocrx_word' id='word_1_89' title='bbox 760 1389 846 1466; x_wconf 89' lang='grc' dir='ltr'><strong><em>υίέα,</em></strong></span> <span class='ocrx_word' id='word_1_90' title='bbox 871 1384 1021 1469; x_wconf 80' lang='grc' dir='ltr'><strong><em>λαβοῦσα</em></strong></span> <span class='ocrx_word' id='word_1_91' title='bbox 1038 1386 1133 1470; x_wconf 87' lang='grc' dir='ltr'><strong><em>παρὰ</em></strong></span> <span class='ocrx_word' id='word_1_92' title='bbox 1147 1391 1210 1446; x_wconf 84' lang='grc' dir='ltr'><strong><em>τοῦ</em></strong></span> <span class='ocrx_word' id='word_1_93' title='bbox 1224 1381 1346 1469; x_wconf 81' lang='grc' dir='ltr'><strong><em>ἀνδρός</em></strong></span> <span class='ocrx_word' id='word_1_94' title='bbox 1360 1385 1439 1465; x_wconf 79' lang='grc' dir='ltr'><strong><em>βου·</em></strong></span> 
     </span>
     <span class='ocr_line' id='line_1_11' title="bbox 133 1484 1439 1578; baseline -0.004 -24"><span class='ocrx_word' id='word_1_95' title='bbox 133 1502 162 1554; x_wconf 83' lang='lat'><strong><em>10</em></strong></span> <span class='ocrx_word' id='word_1_96' title='bbox 182 1490 283 1556; x_wconf 88' lang='grc' dir='ltr'><strong><em>κόλου</em></strong></span> <span class='ocrx_word' id='word_1_97' title='bbox 306 1495 411 1569; x_wconf 74' lang='grc' dir='ltr'><strong><em>ἐντος,</em></strong></span> <span class='ocrx_word' id='word_1_98' title='bbox 433 1494 572 1578; x_wconf 78' lang='grc' dir='ltr'><strong><em>κοίτην</em></strong></span> <span class='ocrx_word' id='word_1_99' title='bbox 594 1489 850 1577; x_wconf 83' lang='grc' dir='ltr'><strong><em>παιδοτροφίαν</em></strong></span> <span class='ocrx_word' id='word_1_100' title='bbox 873 1491 911 1552; x_wconf 91' lang='grc' dir='ltr'><strong><em>ού</em></strong></span> <span class='ocrx_word' id='word_1_101' title='bbox 930 1487 1091 1570; x_wconf 79' lang='grc' dir='ltr'><strong><em>χαλεπῶς</em></strong></span> <span class='ocrx_word' id='word_1_102' title='bbox 1114 1489 1243 1574; x_wconf 80' lang='grc' dir='ltr'><strong><em>ἔφερεν.</em></strong></span> <span class='ocrx_word' id='word_1_103' title='bbox 1284 1484 1439 1573; x_wconf 69' lang='grc' dir='ltr'><strong><em>Τήλεφον</em></strong></span> 
     </span>
     <span class='ocr_line' id='line_1_12' title="bbox 179 1581 1438 1680; baseline -0.006 -22"><span class='ocrx_word' id='word_1_104' title='bbox 179 1592 216 1658; x_wconf 78' lang='grc' dir='ltr'><strong><em>δέ</em></strong></span> <span class='ocrx_word' id='word_1_105' title='bbox 238 1596 297 1658; x_wconf 92' lang='grc' dir='ltr'><strong><em>τδν</em></strong></span> <span class='ocrx_word' id='word_1_106' title='bbox 317 1593 439 1680; x_wconf 75' lang='grc' dir='ltr'><strong><em>Αὔγης</em></strong></span> <span class='ocrx_word' id='word_1_107' title='bbox 460 1596 517 1657; x_wconf 89' lang='grc' dir='ltr'><strong><em>καί</em></strong></span> <span class='ocrx_word' id='word_1_108' title='bbox 533 1585 734 1678; x_wconf 80' lang='grc' dir='ltr'><strong><em>Ἡρακλέους</em></strong></span> <span class='ocrx_word' id='word_1_109' title='bbox 757 1594 816 1674; x_wconf 82' lang='grc' dir='ltr'><strong><em>ούχ</em></strong></span> <span class='ocrx_word' id='word_1_110' title='bbox 836 1594 905 1654; x_wconf 84' lang='grc' dir='ltr'><strong><em>ὑπό</em></strong></span> <span class='ocrx_word' id='word_1_111' title='bbox 928 1594 1093 1675; x_wconf 86' lang='grc' dir='ltr'><strong><em>γυναικός,</em></strong></span> <span class='ocrx_word' id='word_1_112' title='bbox 1117 1581 1192 1652; x_wconf 77' lang='grc' dir='ltr'><strong><em>ἀλλ’</em></strong></span> <span class='ocrx_word' id='word_1_113' title='bbox 1216 1590 1285 1651; x_wconf 86' lang='grc' dir='ltr'><strong><em>ύπδ</em></strong></span> <span class='ocrx_word' id='word_1_114' title='bbox 1307 1586 1438 1674; x_wconf 89' lang='grc' dir='ltr'><strong><em>ἐλάφου</em></strong></span> 
     </span>
     <span class='ocr_line' id='line_1_13' title="bbox 176 1690 1438 1784; baseline -0.006 -24"><span class='ocrx_word' id='word_1_115' title='bbox 176 1706 349 1784; x_wconf 83' lang='grc' dir='ltr'><strong><em>τραφῆναι</em></strong></span> <span class='ocrx_word' id='word_1_116' title='bbox 372 1694 534 1780; x_wconf 75' lang='grc' dir='ltr'><strong><em>λέγουσιν.</em></strong></span> <span class='ocrx_word' id='word_1_117' title='bbox 571 1698 592 1783; x_wconf 78' lang='grc' dir='ltr'><strong><em>ἢ</em></strong></span> <span class='ocrx_word' id='word_1_118' title='bbox 617 1694 714 1760; x_wconf 86' lang='grc' dir='ltr'><strong><em>δοκεῖ</em></strong></span> <span class='ocrx_word' id='word_1_119' title='bbox 734 1712 791 1759; x_wconf 93' lang='grc' dir='ltr'><strong><em>σοι</em></strong></span> <span class='ocrx_word' id='word_1_120' title='bbox 805 1693 934 1781; x_wconf 85' lang='grc' dir='ltr'><strong><em>ἐλαφος</em></strong></span> <span class='ocrx_word' id='word_1_121' title='bbox 955 1691 1082 1775; x_wconf 79' lang='grc' dir='ltr'><strong><em>μᾶλλον</em></strong></span> <span class='ocrx_word' id='word_1_122' title='bbox 1099 1690 1237 1779; x_wconf 83' lang='grc' dir='ltr'><strong><em>ἐλεῆσαι</em></strong></span> <span class='ocrx_word' id='word_1_123' title='bbox 1253 1693 1294 1754; x_wconf 79' lang='grc' dir='ltr'><strong><em>ἂν</em></strong></span> <span class='ocrx_word' id='word_1_124' title='bbox 1309 1692 1438 1778; x_wconf 84' lang='grc' dir='ltr'><strong><em>βρέφος</em></strong></span> 
     </span>
     <span class='ocr_line' id='line_1_14' title="bbox 175 1792 1486 1888; baseline -0.002 -26"><span class='ocrx_word' id='word_1_125' title='bbox 175 1801 233 1863; x_wconf 82' lang='grc' dir='ltr'><strong><em>κοιλ</em></strong></span> <span class='ocrx_word' id='word_1_126' title='bbox 253 1799 472 1888; x_wconf 82' lang='grc' dir='ltr'><strong><em>ἐπιθυμῆσαι</em></strong></span> <span class='ocrx_word' id='word_1_127' title='bbox 492 1804 631 1886; x_wconf 86' lang='grc' dir='ltr'><strong><em>τρέφειν</em></strong></span> <span class='ocrx_word' id='word_1_128' title='bbox 652 1801 672 1886; x_wconf 78' lang='grc' dir='ltr'><em>ἢ</em></span> <span class='ocrx_word' id='word_1_129' title='bbox 696 1800 896 1883; x_wconf 77' lang='grc' dir='ltr'><strong><em>ἄνθρωπος,</em></strong></span> <span class='ocrx_word' id='word_1_130' title='bbox 920 1799 979 1861; x_wconf 80' lang='grc' dir='ltr'><strong><em>ἐάν</em></strong></span> <span class='ocrx_word' id='word_1_131' title='bbox 1002 1799 1081 1880; x_wconf 82' lang='grc' dir='ltr'><strong><em>τύχη</em></strong></span> <span class='ocrx_word' id='word_1_132' title='bbox 1098 1792 1200 1882; x_wconf 88' lang='grc' dir='ltr'><strong><em>δούλη</em></strong></span> <span class='ocrx_word' id='word_1_133' title='bbox 1225 1795 1330 1871; x_wconf 75' lang='grc' dir='ltr'><strong><em>οὔσας</em></strong></span> <span class='ocrx_word' id='word_1_134' title='bbox 1353 1798 1436 1881; x_wconf 86' lang='grc' dir='ltr'><strong><em>φέρε</em></strong></span> <span class='ocrx_word' id='word_1_135' title='bbox 1449 1797 1486 1859; x_wconf 94' lang='grc'><strong><em>11</em></strong></span> 
     </span>
     <span class='ocr_line' id='line_1_15' title="bbox 74 1897 1438 1989; baseline -0.007 -21"><span class='ocrx_word' id='word_1_136' title='bbox 74 1899 217 1989; x_wconf 64' lang='grc' dir='ltr'><strong><em>(Μδη</em></strong></span> <span class='ocrx_word' id='word_1_137' title='bbox 243 1905 331 1987; x_wconf 86' lang='grc' dir='ltr'><strong><em>πρός</em></strong></span> <span class='ocrx_word' id='word_1_138' title='bbox 353 1904 458 1980; x_wconf 89' lang='grc' dir='ltr'><strong><em>θεῶν,</em></strong></span> <span class='ocrx_word' id='word_1_139' title='bbox 481 1903 513 1965; x_wconf 92' lang='grc' dir='ltr'><strong><em>εί</em></strong></span> <span class='ocrx_word' id='word_1_140' title='bbox 535 1900 572 1965; x_wconf 84' lang='grc' dir='ltr'><strong><em>δέ</em></strong></span> <span class='ocrx_word' id='word_1_141' title='bbox 596 1898 635 1988; x_wconf 76' lang='grc' dir='ltr'><strong><em>δη</em></strong></span> <span class='ocrx_word' id='word_1_142' title='bbox 660 1898 1004 1988; x_wconf 73' lang='grc' dir='ltr'><strong><em>προσομολογήσαιμί</em></strong></span> <span class='ocrx_word' id='word_1_143' title='bbox 1022 1915 1078 1961; x_wconf 91' lang='grc' dir='ltr'><strong><em>σοι</em></strong></span> <span class='ocrx_word' id='word_1_144' title='bbox 1100 1901 1241 1973; x_wconf 90' lang='grc' dir='ltr'><strong><em>τούτους</em></strong></span> <span class='ocrx_word' id='word_1_145' title='bbox 1263 1897 1352 1961; x_wconf 82' lang='grc' dir='ltr'><strong><em>εἶναί</em></strong></span> <span class='ocrx_word' id='word_1_146' title='bbox 1372 1917 1438 1977; x_wconf 90' lang='grc' dir='ltr'><strong><em>μου</em></strong></span> 
     </span>
     <span class='ocr_line' id='line_1_16' title="bbox 130 1996 1437 2090; baseline -0.005 -23"><span class='ocrx_word' id='word_1_147' title='bbox 130 2016 158 2067; x_wconf 74' lang='lat'><strong><em>15</em></strong></span> <span class='ocrx_word' id='word_1_148' title='bbox 179 2010 313 2088; x_wconf 91' lang='grc' dir='ltr'><strong><em>γονέας,</em></strong></span> <span class='ocrx_word' id='word_1_149' title='bbox 343 2007 402 2080; x_wconf 87' lang='grc' dir='ltr'><strong><em>ούς</em></strong></span> <span class='ocrx_word' id='word_1_150' title='bbox 432 2006 472 2067; x_wconf 86' lang='grc' dir='ltr'><strong><em>σύ</em></strong></span> <span class='ocrx_word' id='word_1_151' title='bbox 497 2002 581 2090; x_wconf 79' lang='grc' dir='ltr'><strong><em>φῄς,</em></strong></span> <span class='ocrx_word' id='word_1_152' title='bbox 611 2005 723 2084; x_wconf 87' lang='grc' dir='ltr'><strong><em>πόθεν</em></strong></span> <span class='ocrx_word' id='word_1_153' title='bbox 750 2003 858 2066; x_wconf 81' lang='grc' dir='ltr'><strong><em>οἶσθα</em></strong></span> <span class='ocrx_word' id='word_1_154' title='bbox 880 2004 962 2088; x_wconf 88' lang='grc' dir='ltr'><strong><em>περί</em></strong></span> <span class='ocrx_word' id='word_1_155' title='bbox 983 2010 1043 2086; x_wconf 75' lang='grc' dir='ltr'><strong><em>τῆς</em></strong></span> <span class='ocrx_word' id='word_1_156' title='bbox 1065 2002 1199 2063; x_wconf 88' lang='grc' dir='ltr'><strong><em>ἐκείνων</em></strong></span> <span class='ocrx_word' id='word_1_157' title='bbox 1224 1996 1437 2084; x_wconf 75' lang='grc' dir='ltr'><strong><em>δουλείαςςῆ</em></strong></span> 
     </span>
     <span class='ocr_line' id='line_1_17' title="bbox 176 2100 1439 2191; baseline -0.006 -22"><span class='ocrx_word' id='word_1_158' title='bbox 176 2109 234 2170; x_wconf 87' lang='grc' dir='ltr'><strong><em>καί</em></strong></span> <span class='ocrx_word' id='word_1_159' title='bbox 260 2109 340 2183; x_wconf 85' lang='grc' dir='ltr'><strong><em>τούς</em></strong></span> <span class='ocrx_word' id='word_1_160' title='bbox 363 2111 486 2190; x_wconf 87' lang='grc' dir='ltr'><strong><em>γονέας</em></strong></span> <span class='ocrx_word' id='word_1_161' title='bbox 515 2108 625 2168; x_wconf 79' lang='grc' dir='ltr'><strong><em>αὐτῶν</em></strong></span> <span class='ocrx_word' id='word_1_162' title='bbox 654 2107 791 2190; x_wconf 71' lang='grc' dir='ltr'><strong><em>ἠπίστω</em></strong></span> <span class='ocrx_word' id='word_1_163' title='bbox 823 2111 943 2191; x_wconf 85' lang='grc' dir='ltr'><strong><em>σαφῶς</em></strong></span> <span class='ocrx_word' id='word_1_164' title='bbox 971 2105 1028 2165; x_wconf 92' lang='grc' dir='ltr'><strong><em>καί</em></strong></span> <span class='ocrx_word' id='word_1_165' title='bbox 1056 2107 1192 2183; x_wconf 88' lang='grc' dir='ltr'><strong><em>έτοιμος</em></strong></span> <span class='ocrx_word' id='word_1_166' title='bbox 1221 2100 1259 2163; x_wconf 89' lang='grc' dir='ltr'><strong><em>εί</em></strong></span> <span class='ocrx_word' id='word_1_167' title='bbox 1280 2103 1337 2163; x_wconf 88' lang='grc' dir='ltr'><strong><em>καί</em></strong></span> <span class='ocrx_word' id='word_1_168' title='bbox 1360 2103 1439 2184; x_wconf 87' lang='grc' dir='ltr'><strong><em>περί</em></strong></span> 
     </span>
     <span class='ocr_line' id='line_1_18' title="bbox 178 2201 1438 2292; baseline -0.006 -21"><span class='ocrx_word' id='word_1_169' title='bbox 178 2211 313 2272; x_wconf 78' lang='grc' dir='ltr'><strong><em>ἐκείνων</em></strong></span> <span class='ocrx_word' id='word_1_170' title='bbox 339 2209 579 2289; x_wconf 77' lang='grc' dir='ltr'><strong><em>κατόμνυσθαι</em></strong></span> <span class='ocrx_word' id='word_1_171' title='bbox 607 2211 765 2292; x_wconf 83' lang='grc' dir='ltr'><strong><em>ἐκατέρου</em></strong></span> <span class='ocrx_word' id='word_1_172' title='bbox 794 2209 849 2270; x_wconf 89' lang='grc' dir='ltr'><strong><em>ότι</em></strong></span> <span class='ocrx_word' id='word_1_173' title='bbox 876 2203 914 2284; x_wconf 84' lang='grc' dir='ltr'><strong><em>ἐξ</em></strong></span> <span class='ocrx_word' id='word_1_174' title='bbox 942 2207 1072 2292; x_wconf 86' lang='grc' dir='ltr'><strong><em>ἀμφοῖν</em></strong></span> <span class='ocrx_word' id='word_1_175' title='bbox 1103 2201 1239 2266; x_wconf 81' lang='grc' dir='ltr'><strong><em>δούλοιν</em></strong></span> <span class='ocrx_word' id='word_1_176' title='bbox 1260 2205 1438 2285; x_wconf 89' lang='grc' dir='ltr'><strong><em>γεγόνεσαν</em></strong></span> 
     </span>
     <span class='ocr_line' id='line_1_19' title="bbox 178 2301 1439 2426; baseline -0.006 -53"><span class='ocrx_word' id='word_1_177' title='bbox 178 2313 387 2397; x_wconf 84' lang='grc' dir='ltr'><strong><em>ἀμφότεροι,</em></strong></span> <span class='ocrx_word' id='word_1_178' title='bbox 416 2313 473 2374; x_wconf 86' lang='grc' dir='ltr'><strong><em>καί</em></strong></span> <span class='ocrx_word' id='word_1_179' title='bbox 493 2313 572 2386; x_wconf 85' lang='grc' dir='ltr'><strong><em>τούς</em></strong></span> <span class='ocrx_word' id='word_1_180' title='bbox 592 2312 647 2373; x_wconf 82' lang='grc' dir='ltr'><strong><em>ἐτι</em></strong></span> <span class='ocrx_word' id='word_1_181' title='bbox 668 2312 835 2426; x_wconf 82' lang='grc' dir='ltr'><strong><em>πρότερον</em></strong></span> <span class='ocrx_word' id='word_1_182' title='bbox 864 2311 921 2372; x_wconf 90' lang='grc' dir='ltr'><strong><em>καί</em></strong></span> <span class='ocrx_word' id='word_1_183' title='bbox 948 2305 986 2385; x_wconf 87' lang='grc' dir='ltr'><strong><em>ἐξ</em></strong></span> <span class='ocrx_word' id='word_1_184' title='bbox 1014 2309 1117 2393; x_wconf 74' lang='grc' dir='ltr'><strong><em>ἀρχῆς</em></strong></span> <span class='ocrx_word' id='word_1_185' title='bbox 1140 2308 1295 2380; x_wconf 85' lang='grc' dir='ltr'><strong><em>ἅπαντας</em></strong></span> <span class='ocrx_word' id='word_1_186' title='bbox 1302 2326 1315 2381; x_wconf 87' lang='grc'><strong><em>,·</em></strong></span> <span class='ocrx_word' id='word_1_187' title='bbox 1337 2301 1439 2390; x_wconf 78' lang='grc' dir='ltr'><strong><em>δῆλον</em></strong></span> 
     </span>
     <span class='ocr_line' id='line_1_20' title="bbox 177 2407 1438 2499; baseline -0.007 -21"><span class='ocrx_word' id='word_1_188' title='bbox 177 2415 241 2497; x_wconf 84' lang='grc' dir='ltr'><strong><em>γάρ</em></strong></span> <span class='ocrx_word' id='word_1_189' title='bbox 268 2415 314 2491; x_wconf 82' lang='grc' dir='ltr'><strong><em>ὡς</em></strong></span> <span class='ocrx_word' id='word_1_190' title='bbox 336 2416 462 2499; x_wconf 77' lang='grc' dir='ltr'><strong><em>ἐάνπερ</em></strong></span> <span class='ocrx_word' id='word_1_191' title='bbox 484 2410 667 2497; x_wconf 88' lang='grc' dir='ltr'><strong><em>ἐλεύθερος</em></strong></span> <span class='ocrx_word' id='word_1_192' title='bbox 688 2436 708 2497; x_wconf 86' lang='grc' dir='ltr'><strong><em>η</em></strong></span> <span class='ocrx_word' id='word_1_193' title='bbox 734 2434 787 2488; x_wconf 84' lang='grc' dir='ltr'><strong><em>τις</em></strong></span> <span class='ocrx_word' id='word_1_194' title='bbox 809 2419 876 2474; x_wconf 90' lang='grc' dir='ltr'><strong><em>τῶν</em></strong></span> <span class='ocrx_word' id='word_1_195' title='bbox 898 2413 934 2474; x_wconf 89' lang='grc' dir='ltr'><strong><em>ἐκ</em></strong></span> <span class='ocrx_word' id='word_1_196' title='bbox 948 2419 1011 2473; x_wconf 79' lang='grc' dir='ltr'><strong><em>τοῦ</em></strong></span> <span class='ocrx_word' id='word_1_197' title='bbox 1023 2415 1149 2494; x_wconf 89' lang='grc' dir='ltr'><strong><em>γένους,</em></strong></span> <span class='ocrx_word' id='word_1_198' title='bbox 1173 2410 1284 2472; x_wconf 73' lang='grc' dir='ltr'><strong><em>ούνέτι</em></strong></span> <span class='ocrx_word' id='word_1_199' title='bbox 1307 2407 1380 2470; x_wconf 88' lang='grc' dir='ltr'><strong><em>οίόν</em></strong></span> <span class='ocrx_word' id='word_1_200' title='bbox 1401 2428 1438 2469; x_wconf 89' lang='grc' dir='ltr'><strong><em>τε</em></strong></span> 
     </span>
     <span class='ocr_line' id='line_1_21' title="bbox 130 2509 1437 2601; baseline -0.009 -19"><span class='ocrx_word' id='word_1_201' title='bbox 130 2530 160 2582; x_wconf 73' lang='lat' dir='ltr'><strong><em>w</em></strong></span> <span class='ocrx_word' id='word_1_202' title='bbox 180 2517 260 2592; x_wconf 79' lang='grc' dir='ltr'><strong><em>τούς</em></strong></span> <span class='ocrx_word' id='word_1_203' title='bbox 280 2509 345 2578; x_wconf 78' lang='grc' dir='ltr'><strong><em>ἀπ’</em></strong></span> <span class='ocrx_word' id='word_1_204' title='bbox 360 2519 490 2580; x_wconf 88' lang='grc' dir='ltr'><strong><em>ἐκείνου</em></strong></span> <span class='ocrx_word' id='word_1_205' title='bbox 507 2513 647 2592; x_wconf 90' lang='grc' dir='ltr'><strong><em>δούλους</em></strong></span> <span class='ocrx_word' id='word_1_206' title='bbox 663 2517 780 2601; x_wconf 87' lang='grc' dir='ltr'><strong><em>ὀρθῶς</em></strong></span> <span class='ocrx_word' id='word_1_207' title='bbox 795 2510 1009 2596; x_wconf 78' lang='grc' dir='ltr'><strong><em>νομίζεσθαα</em></strong></span> <span class='ocrx_word' id='word_1_208' title='bbox 1050 2521 1149 2575; x_wconf 83' lang='grc' dir='ltr'><strong><em>τοῦτο</em></strong></span> <span class='ocrx_word' id='word_1_209' title='bbox 1174 2509 1210 2575; x_wconf 81' lang='grc' dir='ltr'><strong><em>δέ</em></strong></span> <span class='ocrx_word' id='word_1_210' title='bbox 1234 2512 1272 2574; x_wconf 84' lang='grc' dir='ltr'><strong><em>ού</em></strong></span> <span class='ocrx_word' id='word_1_211' title='bbox 1297 2509 1437 2574; x_wconf 88' lang='grc' dir='ltr'><strong><em>δυνατόν</em></strong></span> 
     </span>
     <span class='ocr_line' id='line_1_22' title="bbox 178 2613 1438 2705; baseline -0.005 -24"><span class='ocrx_word' id='word_1_212' title='bbox 178 2620 282 2698; x_wconf 88' lang='grc' dir='ltr'><strong><em>ἐστιν,</em></strong></span> <span class='ocrx_word' id='word_1_213' title='bbox 304 2617 332 2680; x_wconf 77' lang='grc' dir='ltr'><em>ὦ</em></span> <span class='ocrx_word' id='word_1_214' title='bbox 354 2617 519 2701; x_wconf 81' lang='grc' dir='ltr'><strong><em>βέλτιστε,</em></strong></span> <span class='ocrx_word' id='word_1_215' title='bbox 544 2621 589 2694; x_wconf 85' lang='grc' dir='ltr'><strong><em>ὥς</em></strong></span> <span class='ocrx_word' id='word_1_216' title='bbox 606 2635 723 2705; x_wconf 90' lang='grc' dir='ltr'><strong><em>φασιν,</em></strong></span> <span class='ocrx_word' id='word_1_217' title='bbox 746 2621 782 2680; x_wconf 81' lang='grc' dir='ltr'><strong><em>ἐκ</em></strong></span> <span class='ocrx_word' id='word_1_218' title='bbox 804 2626 866 2680; x_wconf 86' lang='grc' dir='ltr'><strong><em>τού</em></strong></span> <span class='ocrx_word' id='word_1_219' title='bbox 887 2619 1017 2693; x_wconf 89' lang='grc' dir='ltr'><strong><em>παντός</em></strong></span> <span class='ocrx_word' id='word_1_220' title='bbox 1041 2617 1165 2692; x_wconf 81' lang='grc' dir='ltr'><strong><em>αἰῶνος</em></strong></span> <span class='ocrx_word' id='word_1_221' title='bbox 1187 2613 1277 2678; x_wconf 87' lang='grc' dir='ltr'><strong><em>εἶναί</em></strong></span> <span class='ocrx_word' id='word_1_222' title='bbox 1294 2635 1329 2677; x_wconf 91' lang='grc' dir='ltr'><strong><em>τι</em></strong></span> <span class='ocrx_word' id='word_1_223' title='bbox 1343 2617 1438 2696; x_wconf 85' lang='grc' dir='ltr'><strong><em>γένος</em></strong></span> 
     </span>
     <span class='ocr_line' id='line_1_23' title="bbox 44 2712 1437 2806; baseline -0.004 -22"><span class='ocrx_word' id='word_1_224' title='bbox 44 2722 384 2804; x_wconf 71' lang='grc' dir='ltr'><strong><em>(ιιεκῐῑιάνθριόπων,</em></strong></span> <span class='ocrx_word' id='word_1_225' title='bbox 407 2724 443 2784; x_wconf 88' lang='grc' dir='ltr'><strong><em>ἐν</em></strong></span> <span class='ocrx_word' id='word_1_226' title='bbox 464 2712 495 2805; x_wconf 79' lang='grc' dir='ltr'><em>ᾦ</em></span> <span class='ocrx_word' id='word_1_227' title='bbox 513 2723 573 2784; x_wconf 81' lang='grc' dir='ltr'><strong><em>οὐκ</em></strong></span> <span class='ocrx_word' id='word_1_228' title='bbox 593 2723 737 2806; x_wconf 76' lang='grc' dir='ltr'><strong><em>ἄπειροι</em></strong></span> <span class='ocrx_word' id='word_1_229' title='bbox 758 2723 819 2802; x_wconf 81' lang='grc' dir='ltr'><strong><em>μέν</em></strong></span> <span class='ocrx_word' id='word_1_230' title='bbox 842 2718 1021 2806; x_wconf 84' lang='grc' dir='ltr'><strong><em>ἐλεύθεροι</em></strong></span> <span class='ocrx_word' id='word_1_231' title='bbox 1042 2722 1234 2804; x_wconf 85' lang='grc' dir='ltr'><strong><em>γεγόνασιν,</em></strong></span> <span class='ocrx_word' id='word_1_232' title='bbox 1262 2719 1320 2780; x_wconf 84' lang='grc' dir='ltr'><strong><em>ούκ</em></strong></span> <span class='ocrx_word' id='word_1_233' title='bbox 1342 2713 1437 2779; x_wconf 84' lang='grc' dir='ltr'><strong><em>ἐλάτ-</em></strong></span> 
     </span>
     <span class='ocr_line' id='line_1_24' title="bbox 177 2820 1437 2911; baseline -0.004 -25"><span class='ocrx_word' id='word_1_234' title='bbox 177 2844 256 2900; x_wconf 87' lang='grc' dir='ltr'><strong><em>τους</em></strong></span> <span class='ocrx_word' id='word_1_235' title='bbox 279 2823 316 2888; x_wconf 82' lang='grc' dir='ltr'><strong><em>δί</em></strong></span> <span class='ocrx_word' id='word_1_236' title='bbox 337 2828 466 2889; x_wconf 88' lang='grc' dir='ltr'><strong><em>τούτων</em></strong></span> <span class='ocrx_word' id='word_1_237' title='bbox 490 2827 524 2888; x_wconf 93' lang='grc' dir='ltr'><strong><em>οί</em></strong></span> <span class='ocrx_word' id='word_1_238' title='bbox 546 2823 816 2901; x_wconf 88' lang='grc' dir='ltr'><strong><em>δεδουλευκότες·</em></strong></span> <span class='ocrx_word' id='word_1_239' title='bbox 845 2827 902 2889; x_wconf 91' lang='grc' dir='ltr'><strong><em>καί</em></strong></span> <span class='ocrx_word' id='word_1_240' title='bbox 927 2827 965 2911; x_wconf 76' lang='grc' dir='ltr'><strong><em>νὴ</em></strong></span> <span class='ocrx_word' id='word_1_241' title='bbox 989 2825 1059 2887; x_wconf 90' lang='grc' dir='ltr'><strong><em>Δία</em></strong></span> <span class='ocrx_word' id='word_1_242' title='bbox 1082 2825 1241 2906; x_wconf 87' lang='grc' dir='ltr'><strong><em>τύραννοι</em></strong></span> <span class='ocrx_word' id='word_1_243' title='bbox 1261 2821 1319 2882; x_wconf 87' lang='grc' dir='ltr'><strong><em>καί</em></strong></span> <span class='ocrx_word' id='word_1_244' title='bbox 1340 2820 1437 2900; x_wconf 78' lang='grc' dir='ltr'><strong><em>βασι-</em></strong></span> 
     </span>
     <span class='ocr_line' id='line_1_25' title="bbox 180 2922 1437 3011; baseline -0.005 -23"><span class='ocrx_word' id='word_1_245' title='bbox 180 2923 249 3001; x_wconf 73' lang='grc' dir='ltr'><strong><em>λεῖς</em></strong></span> <span class='ocrx_word' id='word_1_246' title='bbox 268 2930 326 2990; x_wconf 89' lang='grc' dir='ltr'><strong><em>καί</em></strong></span> <span class='ocrx_word' id='word_1_247' title='bbox 348 2925 521 3008; x_wconf 80' lang='grc' dir='ltr'><strong><em>δεσμῶται</em></strong></span> <span class='ocrx_word' id='word_1_248' title='bbox 541 2931 599 2991; x_wconf 89' lang='grc' dir='ltr'><strong><em>καί</em></strong></span> <span class='ocrx_word' id='word_1_249' title='bbox 618 2930 816 3011; x_wconf 87' lang='grc' dir='ltr'><strong><em>στιγματίαι</em></strong></span> <span class='ocrx_word' id='word_1_250' title='bbox 837 2929 894 2990; x_wconf 87' lang='grc' dir='ltr'><strong><em>καί</em></strong></span> <span class='ocrx_word' id='word_1_251' title='bbox 914 2923 1064 3011; x_wconf 86' lang='grc' dir='ltr'><strong><em>κάπηλοι</em></strong></span> <span class='ocrx_word' id='word_1_252' title='bbox 1085 2927 1142 2987; x_wconf 89' lang='grc' dir='ltr'><strong><em>καί</em></strong></span> <span class='ocrx_word' id='word_1_253' title='bbox 1158 2925 1360 3001; x_wconf 86' lang='grc' dir='ltr'><strong><em>σκυτοτόμοι</em></strong></span> <span class='ocrx_word' id='word_1_254' title='bbox 1380 2922 1437 2982; x_wconf 87' lang='grc' dir='ltr'><strong><em>καί</em></strong></span> 
     </span>
     <span class='ocr_line' id='line_1_26' title="bbox 128 3025 1438 3114; baseline -0.01 -20"><span class='ocrx_word' id='word_1_255' title='bbox 128 3041 158 3094; x_wconf 73' lang='lat'><strong><em>25</em></strong></span> <span class='ocrx_word' id='word_1_256' title='bbox 179 3025 286 3090; x_wconf 87' lang='grc' dir='ltr'><strong><em>τάλλα</em></strong></span> <span class='ocrx_word' id='word_1_257' title='bbox 309 3033 372 3092; x_wconf 90' lang='grc' dir='ltr'><strong><em>όσα</em></strong></span> <span class='ocrx_word' id='word_1_258' title='bbox 395 3033 430 3092; x_wconf 90' lang='grc' dir='ltr'><strong><em>ἐν</em></strong></span> <span class='ocrx_word' id='word_1_259' title='bbox 457 3032 660 3114; x_wconf 82' lang='grc' dir='ltr'><strong><em>ἀνθρώποις</em></strong></span> <span class='ocrx_word' id='word_1_260' title='bbox 682 3032 791 3108; x_wconf 91' lang='grc' dir='ltr'><strong><em>ἐστίν,</em></strong></span> <span class='ocrx_word' id='word_1_261' title='bbox 821 3032 961 3104; x_wconf 88' lang='grc' dir='ltr'><strong><em>άπάσας</em></strong></span> <span class='ocrx_word' id='word_1_262' title='bbox 989 3030 1049 3110; x_wconf 90' lang='grc' dir='ltr'><strong><em>μέν</em></strong></span> <span class='ocrx_word' id='word_1_263' title='bbox 1077 3027 1253 3110; x_wconf 87' lang='grc' dir='ltr'><strong><em>ἐργασίας,</em></strong></span> <span class='ocrx_word' id='word_1_264' title='bbox 1282 3025 1438 3095; x_wconf 85' lang='grc' dir='ltr'><strong><em>ἅπαντας</em></strong></span> 
     </span>
     <span class='ocr_line' id='line_1_27' title="bbox 180 3123 1489 3217; baseline -0.007 -25"><span class='ocrx_word' id='word_1_265' title='bbox 180 3128 216 3193; x_wconf 78' lang='grc' dir='ltr'><strong><em>δέ</em></strong></span> <span class='ocrx_word' id='word_1_266' title='bbox 244 3131 357 3211; x_wconf 76' lang='grc' dir='ltr'><strong><em>βίους,</em></strong></span> <span class='ocrx_word' id='word_1_267' title='bbox 384 3133 524 3207; x_wconf 81' lang='grc' dir='ltr'><strong><em>ἁπάσας</em></strong></span> <span class='ocrx_word' id='word_1_268' title='bbox 553 3130 588 3194; x_wconf 85' lang='grc' dir='ltr'><strong><em>δὲ</em></strong></span> <span class='ocrx_word' id='word_1_269' title='bbox 617 3135 719 3212; x_wconf 82' lang='grc' dir='ltr'><strong><em>τύχας</em></strong></span> <span class='ocrx_word' id='word_1_270' title='bbox 747 3134 803 3195; x_wconf 86' lang='grc' dir='ltr'><strong><em>καί</em></strong></span> <span class='ocrx_word' id='word_1_271' title='bbox 832 3129 1008 3217; x_wconf 85' lang='grc' dir='ltr'><strong><em>ξυμφορὰς</em></strong></span> <span class='ocrx_word' id='word_1_272' title='bbox 1035 3126 1288 3216; x_wconf 84' lang='grc' dir='ltr'><strong><em>μετηλλαχότες.</em></strong></span> <span class='ocrx_word' id='word_1_273' title='bbox 1333 3126 1352 3211; x_wconf 73' lang='grc' dir='ltr'><strong><em>η</em></strong></span> <span class='ocrx_word' id='word_1_274' title='bbox 1377 3124 1435 3186; x_wconf 81' lang='grc' dir='ltr'><strong><em>οὐκ</em></strong></span> <span class='ocrx_word' id='word_1_275' title='bbox 1450 3123 1489 3184; x_wconf 82' lang='lat'><strong><em>12</em></strong></span> 
     </span>
     <span class='ocr_line' id='line_1_28' title="bbox 179 3229 1439 3318; baseline 0.006 -24"><span class='ocrx_word' id='word_1_276' title='bbox 179 3230 289 3294; x_wconf 84' lang='grc' dir='ltr'><strong><em>οἶσθα</em></strong></span> <span class='ocrx_word' id='word_1_277' title='bbox 310 3235 364 3294; x_wconf 89' lang='grc' dir='ltr'><strong><em>ότι</em></strong></span> <span class='ocrx_word' id='word_1_278' title='bbox 386 3236 506 3295; x_wconf 90' lang='grc' dir='ltr'><strong><em>τούτου</em></strong></span> <span class='ocrx_word' id='word_1_279' title='bbox 530 3237 637 3296; x_wconf 86' lang='grc' dir='ltr'><strong><em>ἐνεκεν</em></strong></span> <span class='ocrx_word' id='word_1_280' title='bbox 659 3234 701 3295; x_wconf 84' lang='grc' dir='ltr'><strong><em>τά</em></strong></span> <span class='ocrx_word' id='word_1_281' title='bbox 724 3240 791 3296; x_wconf 89' lang='grc' dir='ltr'><strong><em>τῶν</em></strong></span> <span class='ocrx_word' id='word_1_282' title='bbox 812 3237 932 3318; x_wconf 76' lang='grc' dir='ltr'><strong><em>ηρώων</em></strong></span> <span class='ocrx_word' id='word_1_283' title='bbox 956 3231 1141 3316; x_wconf 85' lang='grc' dir='ltr'><strong><em>λεγομένων</em></strong></span> <span class='ocrx_word' id='word_1_284' title='bbox 1160 3237 1237 3316; x_wconf 88' lang='grc' dir='ltr'><strong><em>γένη</em></strong></span> <span class='ocrx_word' id='word_1_285' title='bbox 1262 3231 1367 3304; x_wconf 72' lang='grc' dir='ltr'><strong><em>εὐθὺς</em></strong></span> <span class='ocrx_word' id='word_1_286' title='bbox 1389 3229 1439 3302; x_wconf 65' lang='grc' dir='ltr'><strong><em>ἓῑς</em></strong></span> 
     </span>
     <span class='ocr_line' id='line_1_29' title="bbox 181 3329 1438 3422; baseline -0.002 -26"><span class='ocrx_word' id='word_1_287' title='bbox 181 3335 288 3410; x_wconf 80' lang='grc' dir='ltr'><strong><em>θεοὺς</em></strong></span> <span class='ocrx_word' id='word_1_288' title='bbox 310 3335 346 3395; x_wconf 86' lang='grc' dir='ltr'><strong><em>ολ</em></strong></span> <span class='ocrx_word' id='word_1_289' title='bbox 368 3336 512 3419; x_wconf 83' lang='grc' dir='ltr'><strong><em>ποιηταί</em></strong></span> <span class='ocrx_word' id='word_1_290' title='bbox 534 3335 773 3420; x_wconf 80' lang='grc' dir='ltr'><strong><em>ἀναφέρουσιν,</em></strong></span> <span class='ocrx_word' id='word_1_291' title='bbox 798 3337 885 3397; x_wconf 87' lang='grc' dir='ltr'><strong><em>ὥστε</em></strong></span> <span class='ocrx_word' id='word_1_292' title='bbox 907 3340 1026 3422; x_wconf 87' lang='grc' dir='ltr'><strong><em>μηκέτι</em></strong></span> <span class='ocrx_word' id='word_1_293' title='bbox 1047 3329 1271 3412; x_wconf 75' lang='grc' dir='ltr'><strong><em>ἐξετάζεσθαι</em></strong></span> <span class='ocrx_word' id='word_1_294' title='bbox 1291 3335 1330 3394; x_wconf 93' lang='grc' dir='ltr'><strong><em>τδ</em></strong></span> <span class='ocrx_word' id='word_1_295' title='bbox 1354 3350 1438 3416; x_wconf 89' lang='grc' dir='ltr'><strong><em>προ-</em></strong></span> 
     </span>
     <span class='ocr_line' id='line_1_30' title="bbox 181 3433 1437 3522; baseline -0.002 -25"><span class='ocrx_word' id='word_1_296' title='bbox 181 3438 348 3520; x_wconf 85' lang='grc' dir='ltr'><strong><em>σόιτερον,·</em></strong></span> <span class='ocrx_word' id='word_1_297' title='bbox 374 3437 431 3498; x_wconf 89' lang='grc' dir='ltr'><strong><em>καί</em></strong></span> <span class='ocrx_word' id='word_1_298' title='bbox 458 3437 538 3511; x_wconf 89' lang='grc' dir='ltr'><strong><em>τούς</em></strong></span> <span class='ocrx_word' id='word_1_299' title='bbox 566 3455 603 3518; x_wconf 92' lang='grc' dir='ltr'><strong><em>γε</em></strong></span> <span class='ocrx_word' id='word_1_300' title='bbox 634 3433 796 3511; x_wconf 87' lang='grc' dir='ltr'><strong><em>πλείονας</em></strong></span> <span class='ocrx_word' id='word_1_301' title='bbox 825 3437 935 3499; x_wconf 79' lang='grc' dir='ltr'><strong><em>αὐτῶν</em></strong></span> <span class='ocrx_word' id='word_1_302' title='bbox 963 3454 1069 3522; x_wconf 91' lang='grc' dir='ltr'><strong><em>φασιν</em></strong></span> <span class='ocrx_word' id='word_1_303' title='bbox 1090 3438 1127 3498; x_wconf 89' lang='grc' dir='ltr'><strong><em>ἐκ</em></strong></span> <span class='ocrx_word' id='word_1_304' title='bbox 1147 3439 1234 3511; x_wconf 91' lang='grc' dir='ltr'><strong><em>Διός</em></strong></span> <span class='ocrx_word' id='word_1_305' title='bbox 1256 3439 1437 3516; x_wconf 88' lang='grc' dir='ltr'><strong><em>γεγονέναι,</em></strong></span> 
     </span>
     <span class='ocr_line' id='line_1_31' title="bbox 131 3533 1438 3624; baseline -0.003 -24"><span class='ocrx_word' id='word_1_306' title='bbox 131 3555 161 3612; x_wconf 78' lang='lat'><strong><em>80</em></strong></span> <span class='ocrx_word' id='word_1_307' title='bbox 184 3539 238 3601; x_wconf 93' lang='grc' dir='ltr'><strong><em>ίνα</em></strong></span> <span class='ocrx_word' id='word_1_308' title='bbox 260 3540 305 3624; x_wconf 79' lang='grc' dir='ltr'><strong><em>μὴ</em></strong></span> <span class='ocrx_word' id='word_1_309' title='bbox 330 3539 446 3613; x_wconf 80' lang='grc' dir='ltr'><strong><em>αὐτοῖς</em></strong></span> <span class='ocrx_word' id='word_1_310' title='bbox 462 3539 499 3600; x_wconf 91' lang='grc' dir='ltr'><strong><em>οί</em></strong></span> <span class='ocrx_word' id='word_1_311' title='bbox 513 3559 549 3601; x_wconf 89' lang='grc' dir='ltr'><strong><em>τε</em></strong></span> <span class='ocrx_word' id='word_1_312' title='bbox 570 3537 725 3620; x_wconf 83' lang='grc' dir='ltr'><strong><em>βασιλεῖς</em></strong></span> <span class='ocrx_word' id='word_1_313' title='bbox 739 3541 796 3601; x_wconf 93' lang='grc' dir='ltr'><strong><em>καί</em></strong></span> <span class='ocrx_word' id='word_1_314' title='bbox 819 3540 853 3600; x_wconf 93' lang='grc' dir='ltr'><strong><em>οί</em></strong></span> <span class='ocrx_word' id='word_1_315' title='bbox 876 3539 1024 3601; x_wconf 81' lang='grc' dir='ltr'><strong><em>οἰκισταί</em></strong></span> <span class='ocrx_word' id='word_1_316' title='bbox 1038 3545 1105 3599; x_wconf 87' lang='grc' dir='ltr'><strong><em>τῶν</em></strong></span> <span class='ocrx_word' id='word_1_317' title='bbox 1122 3533 1255 3598; x_wconf 83' lang='grc' dir='ltr'><strong><em>πόλεων</em></strong></span> <span class='ocrx_word' id='word_1_318' title='bbox 1269 3538 1326 3598; x_wconf 86' lang='grc' dir='ltr'><strong><em>καί</em></strong></span> <span class='ocrx_word' id='word_1_319' title='bbox 1348 3537 1438 3596; x_wconf 85' lang='grc' dir='ltr'><strong><em>ἐπιό-</em></strong></span> 
     </span>
     <span class='ocr_line' id='line_1_32' title="bbox 180 3637 1437 3725; baseline -0.006 -21"><span class='ocrx_word' id='word_1_320' title='bbox 180 3661 281 3722; x_wconf 90' lang='grc' dir='ltr'><strong><em>νυμοι</em></strong></span> <span class='ocrx_word' id='word_1_321' title='bbox 296 3641 345 3716; x_wconf 87' lang='grc' dir='ltr'><strong><em>είς</em></strong></span> <span class='ocrx_word' id='word_1_322' title='bbox 359 3648 499 3704; x_wconf 79' lang='grc' dir='ltr'><strong><em>τοιαῦτα</em></strong></span> <span class='ocrx_word' id='word_1_323' title='bbox 515 3643 746 3721; x_wconf 87' lang='grc' dir='ltr'><strong><em>ἐμπίπτωσιν,</em></strong></span> <span class='ocrx_word' id='word_1_324' title='bbox 771 3643 792 3703; x_wconf 85' lang='grc' dir='ltr'><strong><em>ά</em></strong></span> <span class='ocrx_word' id='word_1_325' title='bbox 810 3639 907 3704; x_wconf 87' lang='grc' dir='ltr'><strong><em>δοκεῖ</em></strong></span> <span class='ocrx_word' id='word_1_326' title='bbox 917 3641 1011 3725; x_wconf 86' lang='grc' dir='ltr'><strong><em>παρά</em></strong></span> <span class='ocrx_word' id='word_1_327' title='bbox 1029 3645 1103 3714; x_wconf 89' lang='grc' dir='ltr'><strong><em>τοῖς</em></strong></span> <span class='ocrx_word' id='word_1_328' title='bbox 1125 3639 1330 3721; x_wconf 84' lang='grc' dir='ltr'><strong><em>ἀνθρώποις</em></strong></span> <span class='ocrx_word' id='word_1_329' title='bbox 1353 3637 1437 3700; x_wconf 90' lang='grc' dir='ltr'><strong><em>όνεί-</em></strong></span> 
     </span>
    </p>
   </div>
   <div class='ocr_carea' id='block_1_3' title="bbox 178 3801 1440 4656">
    <p class='ocr_par' dir='ltr' id='par_1_3' title="bbox 178 3801 1440 4656">
     <span class='ocr_line' id='line_1_33' title="bbox 262 3801 1439 3883; baseline -0.011 -15"><span class='ocrx_word' id='word_1_330' title='bbox 262 3805 432 3876; x_wconf 79' lang='grc' dir='ltr'><strong><em>1δὲίσωςΒ</em></strong></span> <span class='ocrx_word' id='word_1_331' title='bbox 488 3805 701 3878; x_wconf 75' lang='grc' dir='ltr'><strong><em>ίάμφείοναδί</em></strong></span> <span class='ocrx_word' id='word_1_332' title='bbox 755 3803 957 3883; x_wconf 75' lang='grc' dir='ltr'><strong><em>ἐίοιόόροιςλδ</em></strong></span> <span class='ocrx_word' id='word_1_333' title='bbox 1008 3802 1223 3876; x_wconf 72' lang='grc' dir='ltr'><strong><em>δόιόμνυσοΜ</em></strong></span> <span class='ocrx_word' id='word_1_334' title='bbox 1276 3807 1345 3858; x_wconf 76' lang='lat' dir='ltr'><strong><em>&#39;Iex</em></strong></span> <span class='ocrx_word' id='word_1_335' title='bbox 1356 3801 1439 3856; x_wconf 83' lang='lat' dir='ltr'><strong>Euri·</strong></span> 
     </span>
     <span class='ocr_line' id='line_1_34' title="bbox 180 3883 1396 3967; baseline -0.009 -15"><span class='ocrx_word' id='word_1_336' title='bbox 180 3896 251 3967; x_wconf 77' lang='grc' dir='ltr'><strong><em>ρίδίι</em></strong></span> <span class='ocrx_word' id='word_1_337' title='bbox 267 3894 423 3952; x_wconf 71' lang='lat' dir='ltr'>Alexandro</span> <span class='ocrx_word' id='word_1_338' title='bbox 441 3894 510 3950; x_wconf 81' lang='grc' dir='ltr'><strong><em>ίιιεε</em></strong></span> <span class='ocrx_word' id='word_1_339' title='bbox 528 3895 671 3964; x_wconf 66' lang='lat' dir='ltr'><strong><em>desumpta</em></strong></span> <span class='ocrx_word' id='word_1_340' title='bbox 687 3899 752 3949; x_wconf 83' lang='lat' dir='ltr'><strong>sunt</strong></span> <span class='ocrx_word' id='word_1_341' title='bbox 822 3883 902 3964; x_wconf 77' lang='grc' dir='ltr'><strong><em>ὅμως</em></strong></span> <span class='ocrx_word' id='word_1_342' title='bbox 919 3893 989 3960; x_wconf 81' lang='lat' dir='ltr'><strong>libri,</strong></span> <span class='ocrx_word' id='word_1_343' title='bbox 1007 3907 1078 3949; x_wconf 86' lang='grc' dir='ltr'><strong><em>εοιτ.</em></strong></span> <span class='ocrx_word' id='word_1_344' title='bbox 1091 3891 1155 3948; x_wconf 87' lang='lat' dir='ltr'><strong>Wil.</strong></span> <span class='ocrx_word' id='word_1_345' title='bbox 1226 3884 1396 3948; x_wconf 76' lang='grc' dir='ltr'><strong><em>Θόούίινῐί</em></strong></span> 
     </span>
     <span class='ocr_line' id='line_1_35' title="bbox 179 3973 1438 4056; baseline -0.012 -15"><span class='ocrx_word' id='word_1_346' title='bbox 179 3977 335 4056; x_wconf 73' lang='grc' dir='ltr'><strong><em>ἢρτοῆΜ</em></strong></span> <span class='ocrx_word' id='word_1_347' title='bbox 405 3974 586 4052; x_wconf 71' lang='grc' dir='ltr'><strong><em>δαῦτῆςΠΜ</em></strong></span> <span class='ocrx_word' id='word_1_348' title='bbox 658 3975 911 4053; x_wconf 81' lang='grc' dir='ltr'><strong><em>ίίούχάπλῶςΒ</em></strong></span> <span class='ocrx_word' id='word_1_349' title='bbox 982 3984 1012 4035; x_wconf 78' lang='lat'><strong><em>12</em></strong></span> <span class='ocrx_word' id='word_1_350' title='bbox 1030 3973 1153 4051; x_wconf 76' lang='grc' dir='ltr'><strong><em>είρτοῆ</em></strong></span> <span class='ocrx_word' id='word_1_351' title='bbox 1169 3977 1200 4033; x_wconf 82' lang='grc' dir='ltr'>Μ</span> <span class='ocrx_word' id='word_1_352' title='bbox 1271 3981 1302 4030; x_wconf 81' lang='grc'><strong><em>13</em></strong></span> <span class='ocrx_word' id='word_1_353' title='bbox 1320 3975 1438 4032; x_wconf 77' lang='grc' dir='ltr'><strong><em>καλοω.</em></strong></span> 
     </span>
     <span class='ocr_line' id='line_1_36' title="bbox 178 4055 1439 4141; baseline -0.01 -15"><span class='ocrx_word' id='word_1_354' title='bbox 178 4071 310 4140; x_wconf 68' lang='lat' dir='ltr'><strong>Mmpr.</strong></span> <span class='ocrx_word' id='word_1_355' title='bbox 362 4062 462 4141; x_wconf 81' lang='grc' dir='ltr'><strong><em>δούλης</em></strong></span> <span class='ocrx_word' id='word_1_356' title='bbox 473 4059 546 4126; x_wconf 78' lang='grc' dir='ltr'><strong><em>οὖσα</em></strong></span> <span class='ocrx_word' id='word_1_357' title='bbox 558 4068 590 4137; x_wconf 89' lang='grc' dir='ltr'><strong><em>Β,</em></strong></span> <span class='ocrx_word' id='word_1_358' title='bbox 602 4063 790 4139; x_wconf 58' lang='lat' dir='ltr'><strong><em>omnnem</em></strong></span> <span class='ocrx_word' id='word_1_359' title='bbox 843 4072 875 4123; x_wconf 76' lang='grc'><strong><em>14</em></strong></span> <span class='ocrx_word' id='word_1_360' title='bbox 892 4086 949 4137; x_wconf 88' lang='grc' dir='ltr'><strong><em>μου</em></strong></span> <span class='ocrx_word' id='word_1_361' title='bbox 966 4067 1059 4122; x_wconf 87' lang='lat' dir='ltr'>om.B</span> <span class='ocrx_word' id='word_1_362' title='bbox 1113 4071 1143 4121; x_wconf 78' lang='lat'><strong><em>15</em></strong></span> <span class='ocrx_word' id='word_1_363' title='bbox 1162 4055 1221 4138; x_wconf 78' lang='grc' dir='ltr'><strong><em>ἦΒ</em></strong></span> <span class='ocrx_word' id='word_1_364' title='bbox 1275 4067 1306 4116; x_wconf 78' lang='grc'><strong><em>17</em></strong></span> <span class='ocrx_word' id='word_1_365' title='bbox 1324 4057 1439 4119; x_wconf 79' lang='grc' dir='ltr'><strong><em>δούλοιν</em></strong></span> 
     </span>
     <span class='ocr_line' id='line_1_37' title="bbox 179 4145 1370 4227; baseline -0.008 -15"><span class='ocrx_word' id='word_1_366' title='bbox 179 4147 318 4215; x_wconf 79' lang='grc' dir='ltr'><strong><em>Τόοάλοι</em></strong></span> <span class='ocrx_word' id='word_1_367' title='bbox 335 4155 389 4210; x_wconf 85' lang='grc' dir='ltr'><strong><em>ΒΜ</em></strong></span> <span class='ocrx_word' id='word_1_368' title='bbox 406 4153 547 4212; x_wconf 79' lang='grc' dir='ltr'><strong><em>όοῦλοιΰ</em></strong></span> <span class='ocrx_word' id='word_1_369' title='bbox 630 4149 790 4227; x_wconf 82' lang='grc' dir='ltr'><strong><em>γεγόνεσαν</em></strong></span> <span class='ocrx_word' id='word_1_370' title='bbox 808 4153 862 4208; x_wconf 83' lang='lat' dir='ltr'><strong><em>UM</em></strong></span> <span class='ocrx_word' id='word_1_371' title='bbox 878 4151 1073 4226; x_wconf 84' lang='grc' dir='ltr'><strong><em>γεγάνασινΒ</em></strong></span> <span class='ocrx_word' id='word_1_372' title='bbox 1161 4154 1193 4206; x_wconf 83' lang='grc'><strong><em>19</em></strong></span> <span class='ocrx_word' id='word_1_373' title='bbox 1212 4145 1323 4206; x_wconf 76' lang='grc' dir='ltr'><strong><em>οἴονται</em></strong></span> <span class='ocrx_word' id='word_1_374' title='bbox 1340 4146 1370 4201; x_wconf 85' lang='grc' dir='ltr'>Μ</span> 
     </span>
     <span class='ocr_line' id='line_1_38' title="bbox 181 4229 1440 4312; baseline -0.01 -14"><span class='ocrx_word' id='word_1_375' title='bbox 181 4247 210 4298; x_wconf 77' lang='lat'><strong><em>2¹</em></strong></span> <span class='ocrx_word' id='word_1_376' title='bbox 230 4240 332 4300; x_wconf 86' lang='grc' dir='ltr'><strong><em>ἐστιΒ</em></strong></span> <span class='ocrx_word' id='word_1_377' title='bbox 383 4243 416 4296; x_wconf 76' lang='lat'><strong><em>2⁵</em></strong></span> <span class='ocrx_word' id='word_1_378' title='bbox 435 4235 471 4298; x_wconf 79' lang='grc' dir='ltr'><strong><em>τὰ</em></strong></span> <span class='ocrx_word' id='word_1_379' title='bbox 489 4237 605 4299; x_wconf 80' lang='grc' dir='ltr'><strong><em>α’λίαΜ</em></strong></span> <span class='ocrx_word' id='word_1_380' title='bbox 657 4233 779 4298; x_wconf 82' lang='grc' dir='ltr'><strong><em>άνένΜ</em></strong></span> <span class='ocrx_word' id='word_1_381' title='bbox 829 4234 957 4312; x_wconf 79' lang='grc' dir='ltr'><strong><em>μὲνγὰρ</em></strong></span> <span class='ocrx_word' id='word_1_382' title='bbox 975 4232 1202 4310; x_wconf 79' lang='grc' dir='ltr'><strong><em>εύιργεσίαςῦΒ</em></strong></span> <span class='ocrx_word' id='word_1_383' title='bbox 1253 4238 1286 4288; x_wconf 78' lang='grc'><strong><em>26</em></strong></span> <span class='ocrx_word' id='word_1_384' title='bbox 1304 4229 1440 4288; x_wconf 74' lang='grc' dir='ltr'><strong><em>οεαίεοίίε</em></strong></span> 
     </span>
     <span class='ocr_line' id='line_1_39' title="bbox 181 4315 1440 4398; baseline -0.011 -16"><span class='ocrx_word' id='word_1_385' title='bbox 181 4333 209 4382; x_wconf 74' lang='grc' dir='ltr'><strong><em>εκ</em></strong></span> <span class='ocrx_word' id='word_1_386' title='bbox 218 4327 394 4397; x_wconf 76' lang='grc' dir='ltr'><strong><em>ςιιωωαάοε</em></strong></span> <span class='ocrx_word' id='word_1_387' title='bbox 402 4326 537 4396; x_wconf 68' lang='lat' dir='ltr'><strong>postulat:</strong></span> <span class='ocrx_word' id='word_1_388' title='bbox 550 4321 738 4398; x_wconf 81' lang='grc' dir='ltr'><strong><em>μετηλλαχότι</em></strong></span> <span class='ocrx_word' id='word_1_389' title='bbox 744 4351 755 4396; x_wconf 89' lang='lat'><strong><em>,·</em></strong></span> <span class='ocrx_word' id='word_1_390' title='bbox 765 4339 850 4395; x_wconf 72' lang='lat' dir='ltr'>genus</span> <span class='ocrx_word' id='word_1_391' title='bbox 860 4325 931 4380; x_wconf 77' lang='lat' dir='ltr'><strong>enim</strong></span> <span class='ocrx_word' id='word_1_392' title='bbox 940 4319 1099 4396; x_wconf 81' lang='grc' dir='ltr'><strong><em>μιτήλίαχε</em></strong></span> <span class='ocrx_word' id='word_1_393' title='bbox 1107 4323 1160 4390; x_wconf 79' lang='grc' dir='ltr'><strong><em>τὰς</em></strong></span> <span class='ocrx_word' id='word_1_394' title='bbox 1168 4316 1265 4394; x_wconf 80' lang='grc' dir='ltr'><strong><em>τύχας,</em></strong></span> <span class='ocrx_word' id='word_1_395' title='bbox 1277 4335 1331 4375; x_wconf 87' lang='lat' dir='ltr'><strong><em>non</em></strong></span> <span class='ocrx_word' id='word_1_396' title='bbox 1341 4315 1440 4386; x_wconf 78' lang='grc' dir='ltr'><strong><em>εῑαςαίί</em></strong></span> 
     </span>
     <span class='ocr_line' id='line_1_40' title="bbox 181 4393 1438 4485; baseline -0.008 -19"><span class='ocrx_word' id='word_1_397' title='bbox 181 4412 316 4481; x_wconf 62' lang='lat' dir='ltr'>hominen</span> <span class='ocrx_word' id='word_1_398' title='bbox 339 4417 430 4482; x_wconf 77' lang='lat' dir='ltr'><strong>potest</strong></span> <span class='ocrx_word' id='word_1_399' title='bbox 450 4412 532 4468; x_wconf 64' lang='lat' dir='ltr'><strong>otium</strong></span> <span class='ocrx_word' id='word_1_400' title='bbox 552 4408 766 4485; x_wconf 83' lang='grc' dir='ltr'><strong><em>μετηλλαχότος</em></strong></span> <span class='ocrx_word' id='word_1_401' title='bbox 786 4410 868 4466; x_wconf 75' lang='lat' dir='ltr'><strong>scribi</strong></span> <span class='ocrx_word' id='word_1_402' title='bbox 972 4413 1004 4465; x_wconf 77' lang='lat'><strong><em>28</em></strong></span> <span class='ocrx_word' id='word_1_403' title='bbox 1028 4405 1063 4466; x_wconf 87' lang='grc' dir='ltr'><strong><em>τὸ</em></strong></span> <span class='ocrx_word' id='word_1_404' title='bbox 1087 4404 1279 4482; x_wconf 77' lang='grc' dir='ltr'><strong><em>προσώτερον</em></strong></span> <span class='ocrx_word' id='word_1_405' title='bbox 1300 4405 1380 4474; x_wconf 81' lang='lat' dir='ltr'><strong>Emp.</strong></span> <span class='ocrx_word' id='word_1_406' title='bbox 1403 4393 1438 4458; x_wconf 86' lang='grc' dir='ltr'><strong><em>τὸ</em></strong></span> 
     </span>
     <span class='ocr_line' id='line_1_41' title="bbox 178 4481 1440 4570; baseline -0.01 -15"><span class='ocrx_word' id='word_1_407' title='bbox 178 4497 341 4570; x_wconf 79' lang='grc' dir='ltr'><strong><em>πρόσωπον</em></strong></span> <span class='ocrx_word' id='word_1_408' title='bbox 357 4497 420 4552; x_wconf 84' lang='lat' dir='ltr'><strong>libri</strong></span> <span class='ocrx_word' id='word_1_409' title='bbox 488 4501 521 4552; x_wconf 75' lang='lat'><strong><em>29</em></strong></span> <span class='ocrx_word' id='word_1_410' title='bbox 540 4496 664 4562; x_wconf 78' lang='grc' dir='ltr'><strong><em>πλέονας</em></strong></span> <span class='ocrx_word' id='word_1_411' title='bbox 681 4498 710 4551; x_wconf 84' lang='grc' dir='ltr'><strong>Μ</strong></span> <span class='ocrx_word' id='word_1_412' title='bbox 728 4513 763 4550; x_wconf 87' lang='lat' dir='ltr'><strong><em>m.</em></strong></span> <span class='ocrx_word' id='word_1_413' title='bbox 780 4511 823 4566; x_wconf 84' lang='lat' dir='ltr'><strong><em>pr.</em></strong></span> <span class='ocrx_word' id='word_1_414' title='bbox 895 4499 928 4550; x_wconf 76' lang='lat'><strong><em>³0</em></strong></span> <span class='ocrx_word' id='word_1_415' title='bbox 946 4492 974 4553; x_wconf 81' lang='grc' dir='ltr'><strong><em>ολ</em></strong></span> <span class='ocrx_word' id='word_1_416' title='bbox 991 4497 1064 4565; x_wconf 72' lang='lat' dir='ltr'><strong>(post</strong></span> <span class='ocrx_word' id='word_1_417' title='bbox 1080 4497 1139 4563; x_wconf 86' lang='grc' dir='ltr'><strong><em>καί)</em></strong></span> <span class='ocrx_word' id='word_1_418' title='bbox 1161 4509 1214 4550; x_wconf 86' lang='lat' dir='ltr'><strong><em>om.</em></strong></span> <span class='ocrx_word' id='word_1_419' title='bbox 1230 4491 1262 4549; x_wconf 83' lang='grc' dir='ltr'><strong>Μ</strong></span> <span class='ocrx_word' id='word_1_420' title='bbox 1330 4493 1361 4544; x_wconf 78' lang='lat'><strong><em>31</em></strong></span> <span class='ocrx_word' id='word_1_421' title='bbox 1382 4481 1440 4558; x_wconf 73' lang='grc' dir='ltr'><strong><em>εἴδη</em></strong></span> 
     </span>
     <span class='ocr_line' id='line_1_42' title="bbox 178 4579 389 4656; baseline -0.019 -18"><span class='ocrx_word' id='word_1_422' title='bbox 178 4598 230 4654; x_wconf 85' lang='lat' dir='ltr'><strong><em>pro</em></strong></span> <span class='ocrx_word' id='word_1_423' title='bbox 250 4579 343 4656; x_wconf 85' lang='grc' dir='ltr'><strong><em>δνείόη</em></strong></span> <span class='ocrx_word' id='word_1_424' title='bbox 360 4581 389 4634; x_wconf 84' lang='grc' dir='ltr'>Μ</span> 
     </span>
    </p>
   </div>
   <div class='ocr_carea' id='block_1_4' title="bbox 0 0 1768 5264">
    <p class='ocr_par' dir='ltr' id='par_1_4' title="bbox 0 0 1768 5264">
     <span class='ocr_line' id='line_1_43' title="bbox 0 0 1768 5264; baseline 0 2"><span class='ocrx_word' id='word_1_425' title='bbox 0 0 1768 5264; x_wconf 95' lang='lat' dir='ltr'><strong><em> </em></strong></span> 
     </span>
    </p>
   </div>
  </div>
 </body>
</html>
