3452 5264
620 361 757 418 ORATIO
774 362 901 420 xxxvl.
1370 361 1389 422 9

216 541 254 602 τύ
270 541 331 620 μὲν
347 536 385 625 δη
403 547 463 625 της
478 535 615 614 πόλειυς
633 539 751 616 ούτως,
767 541 863 626 έφην,
881 537 937 603 δεῖ
948 541 1082 604 ἀκούειν
1098 542 1145 616 ὡς
1161 531 1220 603 οὐκ
1235 541 1391 624 ἄντικρυς

1 655 34 701 ’88
47 655 71 699 R
85 654 117 706 Η)
131 647 198 704 τῶν
219 645 390 727 ἡμετέρων
404 643 463 704 τόν
477 643 607 720 κόσμον
624 641 913 726 ἀποφαινομένων
929 641 1047 705 πόλιν·
1070 644 1221 706 έναντίον
1236 641 1299 726 γάρ
1313 634 1392 723 (δν)

132 745 260 830 ὑπῆρχε
275 751 375 806 τούτο
391 742 440 826 τῷ
457 740 541 826 λόγῳ
558 741 607 824 τῷ
623 744 703 828 περί
716 751 776 828 της
792 739 935 820 πόλεως,
957 738 1043 829 (ἢν),
1066 745 1183 829 ὥσπερ
1205 743 1263 806 οόν
1280 741 1390 819 εἷπον,

134 848 287 931 σύστημα
303 847 500 930 ἀνθρώπων
512 847 697 930 ὡρίσαντο·
721 847 791 927 άμα
806 865 843 908 τε
859 846 918 908 ούκ
931 841 972 931 ἦν
988 845 1072 922 ἴσως
1088 851 1222 927 πρέπον
1238 841 1315 907 οὐδὲ
1332 863 1389 907 πι-

97 957 113 1008 5
134 949 244 1011 θανόν
255 949 378 1034 κυρίως
390 950 551 1024 εἰπόντας
563 947 651 1012 εἶναι
662 950 720 1011 τόν
731 950 858 1028 κόσμον
871 942 955 1030 ζῴον
967 950 1087 1011 ἔπειτα
1101 950 1243 1035 φάσκειν
1256 945 1302 1022 ὡς
1314 947 1388 1009 ἔστι
1400 949 1441 1012 30

132 1047 251 1126 πόλις·
267 1052 305 1113 τό
320 1051 383 1133 γάρ
401 1051 481 1114 αύτό
498 1047 600 1113 πόλιν
615 1071 651 1113 τε
665 1052 722 1113 καί
737 1045 823 1132 ζιβον
839 1051 897 1112 οὐκ
913 1051 954 1112 ἂν
970 1049 1067 1131 οἶμαι
1081 1046 1211 1134 ῥᾳδίως
1225 1051 1392 1128 ὑπομένοι

131 1172 185 1227 τις
200 1149 395 1235 ὑπολαβεῖν.
428 1149 512 1214 ἀλλὰ
530 1153 590 1238 την
608 1159 665 1215 νῦν
680 1149 913 1238 διακόσμησιν,
930 1151 1074 1237 όπηνίκα
1091 1147 1250 1236 διῄρηται
1264 1151 1321 1213 καί
1334 1169 1392 1230 με·

132 1257 292 1337 μέρισται
306 1257 344 1318 τό
363 1261 430 1316 πᾶν
447 1256 496 1329 είς
507 1249 639 1328 πολλός
650 1273 745 1328 τινας
756 1255 893 1340 μορφάς
906 1261 1021 1339 φυτῶν
1033 1273 1070 1314 τε
1080 1254 1138 1315 καί
1149 1248 1243 1336 ζῴων
1254 1253 1392 1337 θνητῶν

132 1357 189 1419 καλ
211 1357 404 1434 ἀθανάτων,
428 1358 480 1419 ἔτι
503 1353 538 1419 δὲ
555 1357 656 1442 ἀέρος
670 1358 727 1420 καί
740 1365 800 1443 γῆς
814 1359 871 1420 καί
885 1354 1009 1431 ύδατος
1023 1357 1080 1419 καλ
1104 1358 1222 1439 πυρός,
1245 1356 1280 1418 έν
1296 1350 1393 1417 ούδίν

84 1467 113 1519 1⁰
135 1457 236 1543 ἦττον
254 1460 406 1545 πεφυκός
423 1459 460 1520 έν
478 1459 590 1520 άπασι
607 1461 742 1534 τούτοις
756 1461 813 1523 καὶ
835 1458 899 1542 μιᾷ
923 1466 1016 1543 ψυχῇ
1034 1459 1090 1521 καί
1112 1454 1252 1539 δυνάμει
1276 1454 1392 1521 διεπό-

132 1580 243 1640 μενον,
265 1562 421 1645 ἁμηγέπη
446 1557 546 1623 πόλει
570 1555 832 1640 προσεικάζουσι
857 1557 914 1624 διά
936 1562 975 1623 τό
999 1557 1137 1647 πλῆθος
1158 1567 1226 1624 τῶν
1248 1563 1284 1624 έν
1308 1549 1393 1644 αῧτῇ

133 1666 336 1746 γιγνομένων
347 1664 452 1726 τεκαὶ
466 1663 753 1745 ἀπογιγνομένων,
769 1663 821 1725 ἔτι
834 1659 870 1725 δὲ
881 1663 940 1748 νην
952 1659 1048 1740 τάξιν
1063 1663 1120 1726 καί
1134 1663 1194 1748 τήν
1210 1654 1392 1744 εὐκοσμίαν

133 1773 193 1850 τῆς
215 1761 423 1850 διοικήσεως.
469 1767 489 1827 ό
511 1761 547 1827 δὲ
566 1761 664 1846 λόγος
680 1761 778 1840 ούτος
793 1765 941 1849 ἔμβραχυ
964 1760 1156 1827 ἐσπούδακε
1182 1759 1441 1848 ξυναρμόσαιδί

134 1864 181 1948 τῷ
210 1866 297 1949 θείῳ
327 1869 366 1928 τό
398 1866 618 1946 ἀνθρώπειον
647 1871 742 1948 γένος
768 1869 825 1930 καί
854 1868 904 1929 ένί
932 1863 1018 1948 λόγῳ
1042 1862 1241 1946 περιλαβεῖν
1264 1873 1331 1929 πᾶν
1353 1869 1392 1930 τό

3 1979 116 2030 1211115
139 1965 286 2050 λογικόν,
314 1968 493 2043 κοινωνίας
515 1970 617 2054 ἀρχὴν
647 1969 703 2030 καί
731 1964 947 2051 δικαιοσύνης
975 1969 1080 2052 μόνην
1108 1969 1233 2052 ταύτην
1256 1967 1394 2052 ίσχυράν

136 2071 193 2132 καί
215 2067 337 2132 ἄλυτον
360 2069 531 2152 εὑρίσκων.
578 2066 679 2144 πόλις
701 2070 846 2152 μὲνγὰρ
870 2065 909 2154 δι)
932 2069 1017 2131 κατά
1040 2076 1140 2131 τούτο
1163 2071 1204 2132 ἂν
1227 2067 1278 2153 εἴη
1304 2065 1394 2150 λεγο-

138 2175 219 2255 μένη
242 2173 289 2251 μδ
311 2161 372 2232 Δί’
399 2160 437 2232 οὗ
462 2165 602 2254 φαύλων
625 2161 701 2232 οὐδὲ
723 2178 851 2255 μωρῶν
872 2177 1018 2249 τυχοῦσα
1033 2172 1203 2253 ἡγεμόνων
1227 2161 1304 2232 οὐδέ
1326 2171 1394 2231 ύπό

139 2275 309 2356 τυράννοιν
330 2291 367 2334 τε
389 2274 446 2335 καί
468 2268 583 2357 δήμων
597 2272 653 2334 κοιλ
668 2267 850 2356 δεκαρχιῶν
867 2268 906 2357 δι)
923 2271 979 2333 καί
995 2268 1195 2354 ὀλιγαρχιῶν
1217 2271 1275 2332 καί
1295 2291 1397 2333 τινων

140 2371 252 2437 ἄλλων
279 2376 444 2438 τοιούτων
475 2373 751 2458 ἀρρωστημάτων
787 2370 1039 2460 διαφορουμένη
1075 2375 1133 2436 καί
1168 2367 1396 2449 στασιάζουσα

91 2489 120 2539 ου
141 2477 201 2539 τόν
224 2477 358 2538 ἅπαντα
384 2478 523 2559 χρόνον,
552 2469 638 2535 ἀλλά
660 2482 703 2558 τῇ
732 2477 994 2562 σωφρονεστάτη
1017 2477 1074 2538 καί
1096 2476 1216 2561 ἀρίστη
1239 2471 1398 2558 βασιλείᾳ

137 2582 378 2662 κεκοσμημένη,
401 2575 450 2660 τῷ
473 2578 544 2640 όντι
561 2572 805 2662 βασιλευομένη
821 2576 906 2640 κατά
922 2579 1025 2658 νόμον
1045 2578 1132 2660 μετά
1147 2579 1262 2663 πάσης
1278 2574 1397 2663 φιλίας

138 2683 195 2743 καί
226 2680 402 2762 όμονοίας·
436 2681 519 2762 ὅπερ
544 2675 583 2764 δὴ
612 2679 631 2740 ό
654 2680 856 2764 σοφώτατος
877 2680 934 2742 καὶ
956 2671 996 2764 [ό]
1023 2681 1257 2766 πρεσβύτατος
1285 2681 1449 2762 όρχων32

140 2784 197 2845 καί
219 2782 411 2866 νομοθέτης
433 2783 545 2843 ἅπασι
568 2783 775 2864 προστάττει
802 2781 947 2867 θνητοῖς
975 2783 1032 2845 καί
1060 2783 1267 2858 ἀθανάτοις,
1298 2782 1400 2843 ότοῦ

141 2881 335 2964 ξύμπαντος
355 2885 487 2970 ηγεμὼν
510 2875 656 2968 ούρανοῦ
675 2884 732 2945 καί
753 2889 813 2968 τῆς
834 2880 914 2968 όλης
937 2880 1107 2969 δεσπότης
1131 2877 1267 2962 οὐσίας,
1298 2872 1400 2958 αὐτὸς

10 3003 77 3054 τοι)
92 2999 123 3048 25
147 2987 254 3060 ούτως
276 2982 496 3070 ἐξηγούμενος
517 2985 574 3047 καί
596 2979 812 3067 παράδειγμα
835 2989 992 3068 παρέχων
1012 2989 1072 3072 τὴν
1104 2988 1208 3049 αύτού
1233 2983 1400 3072 διοίκησιν

144 3095 204 3174 τῆς
234 3075 434 3167 εδδαίμονος
461 3089 518 3150 καί
539 3087 707 3171 μακαρίας
728 3089 984 3162 καταστάσεως·
1016 3087 1055 3150 όν
1083 3090 1117 3150 οί
1138 3089 1235 3152 θεῖοι
1257 3090 1400 3174 ποιηταί

144 3191 316 3271 μαθόντες
338 3191 374 3252 ἐκ
396 3190 548 3252 Μουσῶν
570 3189 732 3269 ὑμνοῦσιν
755 3189 824 3268 ἅμα
846 3190 903 3252 καλ
925 3185 1130 3270 ὀνομάζουσι
1153 3194 1284 3275 πατέρα
1306 3192 1400 3254 θεῶν

621 3335 888 3342 *--,.--—
899 3337 911 3342 -
926 3339 934 3342 .
956 3339 966 3342 -
979 3338 1003 3342 --
1072 3338 1201 3345 ---——

235 3427 309 3480 ίόεῑ
325 3421 433 3487 Reinke‚
451 3417 483 3494 δὴ
502 3421 530 3475 M
549 3426 607 3479 δεῖν
625 3421 698 3477 UBT
774 3416 813 3488 ὥς
831 3415 884 3480 ούκ
901 3423 931 3477 M
947 3427 996 3480 καί
1015 3415 1068 3481 οὐκ
1085 3421 1158 3480 UBT
1227 3429 1321 3483 ίτιύν
1337 3421 1403 3499 ἦμε-

147 3507 240 3579 τίρων
257 3508 346 3578 Εσιρ,
364 3510 424 3564 τῶν
440 3500 556 3580 ἡμερῶν
573 3506 602 3561 M
620 3510 679 3563 τῶν
695 3496 804 3580 ἥμερον
821 3509 909 3576 ζύιον
926 3505 999 3562 UBT
1106 3504 1124 3580 ἢ
1141 3505 1227 3567 πόλιν
1246 3509 1318 3566 UBT

147 3589 185 3651 ον
208 3593 269 3649 ωε.
287 3593 366 3663 xmp.
454 3595 575 3650 ειοεπ
594 3592 713 3654 selden..
737 3587 831 3667 τούτῳ
854 3591 915 3647 ωε
1017 3585 1051 3664 ἢν
1072 3593 1135 3649 ωε.
1158 3594 1239 3665 amp.
1328 3585 1402 3669 ὅπερ

149 3669 202 3737 οδν
219 3677 267 3734 UT
319 3671 487 3748 ίδρίσαντι
504 3678 592 3744 δείδς
611 3677 694 3732 malui
710 3677 791 3747 Emp.
809 3677 886 3746 sequi
904 3676 940 3733 τί.
959 3677 1023 3734 τόδ
1075 3668 1135 3747 ἅμα
1153 3698 1185 3736 τε
1202 3675 1260 3752 γάρ
1277 3681 1352 3737 UBT

149 3772 165 3820 5
184 3759 256 3822 εἶναι
274 3779 327 3820 om.
345 3763 394 3819 UT
491 3769 505 3816 λ
525 3758 726 3834 όιακοσμὴσειν
744 3761 773 3816 M
877 3765 892 3816 8
909 3759 1026 3835 μορφάς
1042 3783 1122 3829 τινας
1138 3763 1200 3832 (hoc
1219 3765 1288 3833 ord.)
1304 3767 1334 3822 M

149 3856 165 3904 9
183 3845 274 3918 πυρὸς
291 3849 323 3906 έν
335 3843 417 3906 οὐδὲν
434 3837 521 3920 ἦττον
538 3849 568 3904 Μ
586 3843 678 3922 πυρὸς
695 3845 727 3906 ἐν
739 3840 832 3906 οὐδενί
843 3835 931 3918 ἦττον
943 3847 1023 3914 UBT,
1042 3844 1074 3906 ἓν
1090 3863 1141 3918 pro
1158 3847 1191 3906 ἐν
1208 3851 1315 3920 στολμοί,
1332 3851 1403 3908 idom

149 3935 198 3991 2111
214 3935 390 4002 invenemnt3
408 3937 459 3991 νοῦ
476 3933 506 3991 δέ
522 3923 611 4006 ἧττον
628 3933 707 4003 Emp.
783 3937 814 3988 10
832 3933 967 4003 πεφυκός
983 3932 1007 3987 Τ
1077 3934 1255 4002 όιεπομένων
1270 3934 1332 3992 libri
1349 3939 1403 3995 διε·

150 4017 282 4089 πόμενον
298 4018 443 4088 Ειαρειόυο
512 4014 643 4091 ἁμηγέπη
662 4017 757 4087 Ειυρς
779 4012 888 4089 δμὴτε
904 4021 941 4089 τῇ
957 4017 1019 4073 libri
1096 4023 1126 4074 13
1144 4015 1178 4076 έν
1193 4013 1288 4093 βραχὺ
1306 4019 1336 4073 Μ

154 4111 184 4160 ιι
201 4106 273 4182 θείη
290 4104 408 4174 Geelius,
425 4107 487 4180 θεῷ
503 4103 565 4158 libri
634 4106 677 4160 τά
693 4119 744 4174 pro
761 4098 839 4161 τδΤ
912 4107 942 4158 15
960 4096 1032 4177 άρχὴ
1051 4107 1110 4168 (om.
1129 4108 1188 4173 καί)
1202 4105 1233 4159 Μ
1302 4110 1405 4164 όικαιο·

151 4189 235 4263 σύνης
256 4189 370 4256 Reiske3
394 4185 574 4261 δικαιοσύνην
595 4188 658 4252 libri
746 4192 777 4243 16
794 4177 974 4261 εδρισκονΤ
1058 4186 1188 4258 μόλιςΒ
1294 4195 1323 4246 17
1342 4209 1404 4260 σμι·

152 4275 272 4345 κρῶνΒ
343 4277 374 4330 18
393 4277 587 4347 δεκαδαρχιῶν
603 4274 633 4328 M
736 4277 769 4328 ²⁰
787 4264 848 4343 δίμα
865 4289 915 4343 pro
933 4267 1005 4332 α’λλδι
1024 4274 1052 4328 M
1140 4279 1172 4332 21
1190 4280 1240 4334 καί
1255 4281 1405 4350 βασιλευο·

153 4359 223 4432 μένη
240 4359 264 4415 Β
334 4361 367 4414 22
386 4349 478 4430 ὅνπερ
494 4359 608 4426 Reinke,
629 4348 730 4431 ὥσπερ
748 4359 843 4430 Emp.;
866 4359 930 4415 mihi
947 4359 1051 4416 Reinkii
1069 4361 1226 4418 coniectura
1241 4362 1408 4432 praeplacet,

155 4447 268 4516 propter
285 4441 472 4518 ἐξηγούμενος
489 4445 508 4499 l.
526 4448 559 4500 25
630 4438 646 4502 ὁ
666 4445 717 4502 del.
736 4443 801 4500 wil.
871 4448 904 4499 25
922 4443 973 4516 τὴν
990 4438 1079 4503 αὺτοῦ
1096 4448 1235 4520 διοίκησιν
1246 4447 1341 4517 Emp.;
1358 4451 1409 4520 τῆς

154 4525 245 4588 αὐτοῦ
261 4525 427 4602 διοικήσεως
443 4531 505 4586 libri
