3454 5272
331 355 393 417 820
827 356 1018 413 APPENDIX
1035 357 1083 412 111.

415 529 507 596 phot
531 528 609 596 bibl.
625 528 696 596 eod.
713 531 786 596 209.
821 523 1037 618 Ἀνεγνώσθη
1053 533 1188 609 Δίωνος
1209 531 1342 615 βιβλίον
1358 537 1394 598 ἐν
1411 531 1524 616 λόγοις
1540 530 1592 594 π’.
1608 549 1672 598 (εει

331 631 430 708 οὗτος
452 635 527 696 ἐστι
547 635 610 714 μὲν
631 635 691 719 τη“ν
707 632 859 718 πατρίδα
875 636 1086 719 Προυσαεός,
1111 636 1221 720 φυγάς
1237 627 1270 697 δ’
1295 638 1441 718 ἐγεγόνει
1456 637 1597 719 ταύτης,
1711 655 1712 680 ³

329 732 526 818 τυραννίδος
541 732 698 798 ἐκκλίνων
715 732 880 814 δουλείαν,
903 739 961 801 καί
975 733 1106 823 πολλὴν
1129 733 1264 823 ἐπῆλθε
1279 734 1500 818 πλανώμενος
1521 745 1597 823 γῆν.
1711 805 1712 810 1

331 835 441 916 δεξιός
465 835 501 900 δέ
524 839 604 921 περὶ
625 840 706 914 τούς
732 835 850 920 λόγους
873 835 987 916 έδαξεν
1017 836 1122 916 εἶναι,
1151 841 1208 902 καί
1235 837 1384 921 μάλιστα
1413 841 1493 915 τούς
1515 841 1598 902 όσοι

292 936 507 1026 ύρυδμίζειν
539 937 805 1021 συμβουλεύουσι
827 943 869 1003 τά
892 943 974 1027 ἢθη.
1019 943 1147 1027 ἤκμασε
1179 939 1215 1004 δέ
1243 942 1328 1004 κατὰ
1352 944 1432 1017 τούς
1450 944 1597 1025 χρόνους

329 1051 392 1106 τού
411 1041 581 1124 βασιλέως
599 1047 779 1128 Τραιανοῦ,
802 1046 859 1107 καί
882 1041 1044 1108 πλεῖστον
1067 1042 1224 1129 διέτριψε
1244 1047 1365 1129 χρόνον
1388 1033 1472 1128 παρ’
1500 1041 1596 1125 αύτῷ

328 1148 385 1209 καί
406 1154 467 1231 τῆς
487 1149 541 1210 δτι
561 1144 711 1227 μάλιστα
734 1156 834 1234 τιμῆς
856 1150 913 1211 καὶ
929 1144 1118 1225 δεξιώσεως
1140 1149 1262 1228 ἔτυχεν,
1287 1150 1334 1223 ώς
1355 1148 1412 1210 καί
1428 1147 1596 1228 συγκαθέ-

330 1243 455 1325 ζεσθαι
477 1251 577 1312 αύτόν
599 1249 648 1334 τῷ
669 1247 833 1333 βασιλείῳ
858 1252 1011 1336 όχηματι.
1050 1255 1134 1325 παῖς
1156 1252 1218 1331 μέν
1239 1247 1280 1335 ἦν
1303 1248 1403 1325 ούτος
1417 1249 1597 1332 Πασικρά-

328 1371 418 1428 τους,
443 1354 611 1438 σοφιστὴς
634 1350 670 1416 δέ
691 1355 749 1415 καί
771 1350 967 1439 φιλόσοφος
980 1355 1019 1414 τό
1042 1350 1261 1438 ἐπιτήδευμα.
1299 1354 1360 1416 ἐπί
1374 1359 1538 1414 τοσοῦτον
1555 1339 1592 1412 δ’

277 1466 308 1518 10
330 1454 431 1516 αὐτόν
453 1463 513 1540 τῆς
534 1455 620 1516 κατά
642 1457 681 1516 τό
705 1458 815 1541 σχῆμά
840 1472 929 1540 φασι
953 1458 1159 1540 σεμνότητος
1181 1455 1446 1518 ἀντιποιεῖσθαι
1468 1456 1515 1530 ὡς
1536 1456 1597 1518 καί

332 1552 467 1641 λεοντῆν
490 1552 656 1631 πολλάκις
678 1559 863 1641 ἐνημμένον
895 1559 1081 1621 ποιεῖσθαι
1111 1559 1171 1642 την
1201 1555 1362 1641 πρόοδον.
1414 1559 1531 1643 φωνην
1554 1548 1592 1618 δ’

331 1657 496 1741 όρεμαίαν
518 1659 615 1743 όφίει
635 1660 693 1721 καὶ
716 1660 906 1743 σταύεράν·
928 1661 986 1722 καὶ
1009 1656 1170 1740 σχολαῖον
1191 1665 1263 1741 μέν,
1287 1653 1364 1721 ἀλλ’
1392 1660 1450 1722 οόκ
1472 1659 1594 1740 ἀναβε-

329 1756 494 1844 βλημένον
509 1757 671 1841 βάδισμα,
687 1763 744 1824 καί
758 1759 864 1824 τάλλα
881 1769 949 1825 τῶν
963 1765 1155 1847 κινημάτων
1172 1763 1230 1824 ούκ
1246 1763 1454 1847 ἀσύμφωνα·
1478 1762 1595 1841 ἰσχνός

331 1853 363 1924 δ’
388 1858 428 1946 ἦν
450 1864 507 1926 καί
530 1860 607 1926 οὐδὲ
629 1868 733 1946 μέγας
755 1867 794 1926 τό
819 1871 927 1945 σῶμα.
1505 1927 1506 1930 ,

279 1977 307 2028 16
416 1967 544 2028 Τούτον
568 1963 716 2041 πολλούς
740 1982 828 2052 φασι
843 1969 900 2031 καί
916 1962 1093 2041 ποικίλους
1114 1969 1250 2050 γράφοι
1267 1963 1401 2049 λόγους·
1425 1967 1461 2027 ol
1482 1955 1515 2027 δ’
1542 1967 1595 2040 είς

326 2071 491 2153 ἡμετέραν
515 2069 715 2154 φθάσαντες
736 2076 860 2152 γνῶσιν
883 2073 941 2132 τόν
975 2064 1017 2130 π’
1040 2066 1212 2154 ἐπλήρουν
1242 2069 1404 2152 ἀριθμόν.
1455 2069 1594 2152 Χρυσό-

331 2186 455 2250 στομον
479 2162 512 2232 δ’
539 2171 639 2233 αὐτόν
663 2173 697 2233 οί
719 2169 814 2255 λόγοι
836 2180 878 2257 τῇ
899 2165 975 2235 κατ’
1010 2173 1110 2236 αὐτόν
1139 2169 1236 2256 γενεᾷ
1261 2169 1447 2235 δεδώκασιν
1469 2171 1593 2231 ἐπονο-

327 2268 455 2353 μάζειν.
500 2275 576 2337 έστι
595 2275 658 2354 μὲν
682 2273 749 2352 οὖν,
773 2278 858 2359 ὅπερ
882 2277 979 2361 ἐφην,
1002 2277 1041 2336 τό
1064 2272 1231 2338 πλεῖστον
1255 2275 1360 2336 αύτού
1380 2278 1447 2334 τῶν
1471 2268 1592 2353 λόγων,

330 2377 387 2450 σύς
408 2381 506 2460 ἡμεῖς
529 2375 637 2457 ἴσμεν,
662 2374 959 2458 συμβουλευτικόν·
983 2377 1040 2439 οἷα
1064 2366 1096 2439 δ’
1122 2378 1224 2454 είκός,
1244 2378 1301 2438 καί
1322 2372 1370 2458 τῴ
1388 2370 1594 2455 συμβουλευ-

277 2489 306 2540 κο
327 2476 408 2561 τικῴ
431 2477 734 2563 παραπλεκόμεναι
756 2483 796 2542 τό
820 2480 893 2542 οῖον
917 2477 1086 2543 δικανικόν
1115 2475 1359 2564 παραπλήσιον
1381 2478 1441 2562 την
1463 2476 1588 2559 ἀρετὴν
1603 2487 1665 2536 ιεΒι

327 2580 388 2642 κάν
411 2580 460 2663 τῴ
481 2585 577 2662 μέρει
598 2578 686 2663 τῷδε
708 2589 770 2644 τοῦ
791 2578 890 2663 λόγου
915 2579 1066 2659 δεικνύει,
1089 2584 1147 2645 καί
1166 2577 1316 2662 μάλιστα
1346 2586 1414 2642 τῶν
1437 2575 1549 2640 ἄλλων
1574 2580 1593 2640 ό

325 2672 505 2758 Ῥοδιακός.
550 2681 670 2768 δριμύς
691 2704 728 2746 τε
749 2687 812 2769 γάρ
835 2686 910 2747 ἐστι
932 2689 1005 2759 τοῖς
1019 2685 1240 2770 ἐνθυμήμασι
1257 2684 1314 2746 καί
1327 2684 1367 2744 τό
1385 2695 1591 2763 συνεστραμ-

328 2787 429 2862 μένον
444 2781 534 2868 πρός
548 2805 585 2866 γε
599 2788 658 2848 τόν
674 2786 779 2848 αὐτοῦ
788 2795 982 2872 χαρακτῆρα
998 2793 1065 2848 τῶν
1082 2783 1192 2870 λόγων
1208 2789 1292 2866 έχων
1312 2787 1370 2848 καί
1392 2786 1431 2846 τό
1454 2786 1593 2846 ἐντονον

329 2887 413 2965 μετὰ
429 2893 491 2949 τοῦ
504 2889 643 2968 γονίμου
659 2885 826 2952 πλουτῶν.
849 2889 990 2972 ἄριστος
1006 2886 1041 2952 δέ
1053 2894 1127 2964 τοῖς
1144 2886 1399 2972 παραδείγμασι
1409 2887 1466 2948 καὶ
1482 2881 1593 2958 πολύς

277 3001 307 3052 25
328 2989 402 3051 ἐστι
413 2997 595 3069 πανταχοῦ,
606 2988 830 3076 καλποικίλης
840 2987 921 3076 ὕλης
933 2988 1113 3073 λαμβάνων
1125 2992 1209 3054 αύτά
1221 2993 1475 3075 καίπροσφυῶς
1486 2989 1591 3072 ἁρμο-

330 3084 478 3172 ζόμενος.
505 3095 618 3178 χαίρει
634 3091 670 3156 δέ
684 3092 835 3174 μάλιστα
850 3096 909 3157 καί
922 3092 1190 3181 μυθολογημασι
1204 3095 1265 3169 τάς
1281 3095 1502 3176 παραινέσεις
1515 3107 1591 3151 συν-

330 3193 542 3260 διαπλέκειν·
569 3194 623 3258 διό
646 3199 703 3260 καί
725 3200 763 3259 τό
785 3194 911 3282 ἀφελές
933 3195 1067 3260 διώκειν
1090 3194 1187 3260 δοκεῖ
1193 3211 1200 3226 ·
1233 3193 1379 3258 σπάνιον
1401 3194 1463 3278 γὰρ
1486 3190 1521 3255 εί
1537 3213 1592 3266 τις

328 3301 423 3384 εὕροι
450 3301 534 3362 κατά
563 3301 622 3362 τόν
652 3297 873 3364 Πλατωνικὸν
903 3294 1001 3386 ζῆλον
1030 3306 1104 3375 τοῖς
1136 3297 1262 3384 δίαρμα
1289 3298 1347 3360 καί
1376 3298 1473 3377 όγκον
1500 3296 1591 3375 ἐνερ·

327 3396 526 3485 γαζομένοις
548 3400 595 3485 τῴ
620 3399 717 3485 λόγῳ,
745 3402 860 3486 ὥσπερ
892 3404 928 3464 ἐν
951 3401 999 3484 τῷ
1021 3399 1309 3485 Βορυσθενιτικῲ,
1337 3401 1467 3479 μύδοις
1489 3398 1592 3460 αύτδν

278 3512 309 3564 ἐο
331 3506 583 3587 ἀποχρώμενον.
632 3501 761 3591 ἀφελής
782 3506 843 3585 μὲν
869 3503 926 3568 σόν
954 3506 1029 3566 ἐστι
1052 3505 1093 3566 τά
1118 3500 1241 3580 πολλά,
1265 3505 1311 3577 ὡς
1333 3501 1448 3587 ἔφθην
1470 3502 1591 3577 εἰπών,

329 3611 406 3681 ταῖς
428 3607 591 3684 ἐννοίαις,
621 3609 767 3670 καὶτῶν
789 3627 827 3670 τε
847 3602 1141 3691 καθωμιλημένων
1171 3605 1262 3688 αύτῷ
1282 3606 1340 3668 καί
1360 3599 1592 3680 ἐπιπολαζού-

331 3715 399 3771 σῶν
423 3711 461 3771 αί
483 3706 605 3787 λέξεις,
632 3711 689 3772 καί
712 3706 808 3771 οὐδέν
833 3699 906 3770 σύδ’
931 3713 950 3793 η
976 3705 1132 3786 σύνταξις
1156 3700 1227 3769 οὔτ’
1254 3709 1314 3770 ἐπί
1336 3709 1374 3769 τό
1396 3706 1592 3789 βαθύτερον

330 3802 403 3873 οὔτ’
429 3813 490 3873 ἐπί
511 3814 550 3873 τό
572 3808 848 3896 καθηδυνόμενον
871 3806 1106 3895 ἐκνεωτερίζει.
1152 3812 1209 3874 καί
1234 3813 1274 3873 τό
1296 3829 1332 3893 γε
1355 3810 1415 3872 έπί
1437 3814 1510 3884 τοῖς
1532 3811 1592 3894 ῥή-

330 3930 417 3994 μασι
438 3914 495 3976 καί
516 3921 558 3998 τῇ
582 3910 760 3999 συμπλοκῇ
782 3921 849 3976 τῶν
873 3915 1047 3994 ὀνομάτων
1070 3921 1132 3976 τοῦ
1154 3921 1287 3999 σαφοῦς
1309 3915 1350 3974 άν
1368 3932 1422 3986 τις
1436 3908 1593 3974 ἐλπίσειε

274 4005 307 4058 ³⁶
328 4018 387 4078 τόν
417 4020 611 4101 συγγραφέα
640 4017 932 4096 κατεστοχάσθαι·
961 4013 1046 4078 ἀλλὰ
1077 4020 1116 4078 τό
1144 4035 1180 4098 γε
1210 4013 1268 4078 διὰ
1297 4022 1429 4100 μακροῦ
1447 4016 1507 4100 την
1530 4022 1592 4099 τῆς

331 4114 487 4192 διανοίας
508 4115 679 4180 ἀπόδοσιν
703 4123 873 4203 προῖέναι,
895 4120 952 4181 καὶ
974 4123 1050 4192 ταῖς
1068 4115 1250 4199 ἐπιβολαῖς
1272 4120 1308 4180 ἐκ
1329 4125 1390 4180 τοῦ
1411 4119 1472 4180 ἐπὶ
1493 4112 1591 4178 πλεῖ-
1657 4185 1658 4188 ¹

332 4235 412 4282 στον
434 4221 493 4282 τόν
517 4216 614 4301 λόγον
637 4217 904 4299 διαπεπλέχθαι,
933 4221 991 4282 οδκ
1012 4222 1072 4283 ἐπὶ
1092 4218 1202 4304 μικρῷ
1225 4229 1285 4307 τῆς
1306 4223 1465 4305 τοιαύτης
1488 4219 1592 4282 αὐτόν

330 4320 470 4386 έκκλείει
492 4309 595 4398 ίδέας.
641 4319 726 4384 ἀλλά
749 4331 854 4385 ταῦτα
877 4325 939 4404 μέν
963 4319 1162 4409 παραλλαγή
1188 4321 1282 4398 ίδέας
1303 4325 1360 4386 καί
1378 4329 1592 4407 χαρακτῆρος

417 4473 428 4520 1
449 4467 483 4523 δε
499 4467 575 4524 fonte
593 4468 684 4525 Photil
704 4469 739 4525 εἰ.
759 4469 884 4526 Wonlzel
903 4469 989 4526 Gebh.
1007 4469 1092 4525 Ham.
1110 4471 1197 4526 Texta
1213 4487 1240 4526 n.
1262 4470 1322 4526 Unt.
1341 4487 1367 4540 p.
1387 4475 1420 4525 54
1482 4473 1515 4526 2⁹
1533 4475 1592 4530 Bo·

328 4555 489 4626 ρυσδενικῷ
506 4553 620 4610 Ρίιοίίιιι
639 4555 689 4608 Bk.
