3454 5272
383 381 613 438 TESTIMONIA
628 382 679 439 DE
696 383 786 441 VITA
803 381 928 440 moms
945 383 1133 452 (PHOTIUS).
1325 387 1384 449 321

134 558 279 641 ίδίωμα,
308 551 385 621 ἀλλ’
412 560 470 622 ούκ
493 560 606 634 αίτίας
630 557 713 633 ἴσως
735 556 878 636 ἔνδειξιν
900 560 984 640 ἔχει·
1014 562 1053 621 τό
1078 553 1109 623 δ’
1142 563 1202 624 ἐπὶ
1222 567 1389 648 μακρότα-

5 671 6 682 ’
133 682 193 725 τον
221 663 415 725 ἀποτείνειν
443 662 484 723 τά
514 663 682 744 προοίμια
713 649 797 745 ἢτά
822 661 895 723 οίον
922 662 1089 744 προοίμια
1114 663 1224 726 ούκέτι
1245 665 1390 752 ἀφίησιν

135 765 236 827 αὐτόν
258 767 296 826 τό
319 767 363 851 μή
389 765 462 844 ούχί
483 764 558 826 ἀντὶ
581 759 762 826 πολιτικοῦ
788 765 845 826 καί
868 772 1099 850 συγγραφικοῦ
1119 767 1228 826 τύπου
1251 769 1309 829 τὸν
1332 769 1391 830 ἐπὶ

133 873 210 942 ταῖς
234 868 429 942 συνουσίαις
451 862 670 943 ἀλλάξασθαι
693 863 951 950 παραδεδοκότα
966 869 1023 929 καί
1043 861 1147 946 μείζω
1163 870 1222 952 την
1242 865 1391 956 κεφαλὴν

134 973 194 1055 την
217 972 263 1045 ώς
285 971 320 1031 ἐν
344 967 429 1052 λόγῳ
453 977 515 1030 τοῦ
536 965 663 1031 λοιποῦ
685 971 842 1049 σώματος
865 965 1095 1032 διαπλάττειν.
1413 985 1428 1034 5

223 1076 299 1134 Τῶν
327 1074 440 1134 τοίνυν
470 1068 576 1153 λόγων
607 1074 710 1134 αὐτοῦ
739 1069 766 1134 δ’
798 1073 877 1156 περὶ
905 1069 1083 1152 βασιλείας
1108 1077 1170 1152 μέν
1193 1075 1280 1135 είσιν
1304 1075 1392 1159 είρη-

133 1179 241 1254 μένοι.
285 1176 342 1236 καί
364 1175 383 1235 ό
404 1168 429 1236 ε’
455 1171 507 1252 δέ,
541 1176 694 1256 Λιβακδς
725 1177 1016 1262 ἐπιγραφόμενος,
1048 1178 1161 1257 μῦθον
1190 1179 1251 1257 μὲν
1279 1179 1393 1259 Λίβυν

135 1274 349 1361 ἀπαγγέλλει,
371 1277 507 1339 ἐκείνων
531 1265 563 1339 δ’
583 1279 674 1340 ἐστίν
697 1275 891 1362 ἐξημμένος.
937 1279 956 1340 ό
978 1270 1010 1340 δ’
1029 1281 1123 1353 ἕκτος
1139 1280 1219 1360 περὶ
1240 1281 1392 1364 τυραννί-

58 1391 120 1440 ιειι)
136 1376 195 1454 δος
218 1376 337 1456 δίεισι,
364 1381 421 1442 καὶ
443 1382 523 1460 περὶ
544 1382 664 1464 ἀρετῆς
694 1382 712 1441 ό
734 1382 795 1442 ἐπὶ
816 1383 936 1462 τούτῳ.
982 1381 1001 1442 ό
1025 1377 1060 1443 δέ
1089 1378 1119 1464 η’
1143 1383 1309 1466 Διογένης
1330 1385 1392 1462 μέν

135 1484 155 1566 ἢ
176 1473 349 1562 Ἰσθμικὸς
370 1484 567 1567 ἐπιγραφήν
590 1483 668 1561 ἔχει,
692 1480 818 1563 πρᾶξιν
841 1480 879 1544 δέ
900 1504 976 1544 τινα
999 1485 1056 1545 καί
1079 1479 1196 1565 λόγους
1211 1485 1396 1565 Διογένους
1418 1493 1446 1544 1⁰

136 1585 220 1646 κατά
243 1585 284 1646 τδ
302 1576 442 1664 Ἴσθμια
467 1580 663 1666 διαγγέλλει.
708 1586 765 1646 καὶ
787 1586 806 1646 ό
827 1581 876 1662 θ’,
904 1587 1071 1670 Διογένης
1099 1587 1118 1669 ἢ
1143 1587 1222 1666 περί
1245 1588 1394 1664 οἰκετῶν,

137 1692 304 1769 παραινεῖ
327 1688 389 1766 μὲν
425 1687 582 1761 ἅπαντας
617 1678 665 1748 δι’
697 1689 772 1762 ἐνός
805 1689 996 1771 προσώπου
1031 1687 1136 1748 αὑτοῦ
1162 1689 1224 1766 μὲν
1255 1689 1395 1749 ἕκαστον

136 1784 266 1875 πολλὴν
289 1787 503 1874 ἐπιστροφὴν
526 1789 582 1850 καί
596 1785 796 1868 ἐπιμέλειαν
812 1789 1007 1864 ποιεῖσθαι,
1032 1784 1146 1872 ὀλίγην
1167 1785 1202 1850 δέ
1225 1795 1292 1850 τῶν
1314 1786 1395 1866 ἐξω-

136 1891 201 1952 θεν
225 1894 508 1970 συμπιπτόντων·
530 1892 588 1952 καὶ
601 1893 646 1977 μη
661 1899 782 1977 χρῆναι
806 1893 972 1975 φεύγοντα
989 1888 1123 1952 διώκειν
1147 1892 1295 1976 οἰκέτην·
1317 1894 1395 1954 ἀτο-

6 2009 7 2016 ‘
139 2012 204 2054 πον
226 1994 288 2076 γάρ
312 1994 459 2067 ἐκείνους
487 1995 548 2072 μὲν
570 1995 692 2068 κακούς
721 1995 821 2067 όντας
843 1988 993 2068 ἐλπίζειν
1022 1995 1101 2055 ἀνευ
1127 2000 1195 2054 τών
1218 1990 1395 2055 δεσποτῶν
1417 2000 1447 2052 15

138 2096 276 2174 άμεινον
291 2095 498 2173 βιώσεσθαι,
521 2096 601 2168 τούς
618 2091 789 2170 δεσπότας
806 2091 841 2156 δέ
864 2097 908 2178 μη
933 2091 1112 2171 ἀξιοῦντας
1134 2091 1286 2179 φαύλους
1307 2095 1396 2157 εἶναι

137 2198 182 2280 μὴ
207 2190 354 2274 νομίζειν
377 2197 516 2275 ἄμεινον
539 2192 678 2272 διάξειν,
709 2197 740 2257 εί
761 2198 806 2280 μη
837 2192 1118 2279 παροπολαύοιεν
1146 2205 1205 2282 τῆς
1227 2203 1294 2258 τῶν
1318 2194 1396 2280 δρα-

139 2303 252 2358 πετῶν
282 2301 490 2380 σκαιότητος.
543 2300 562 2359 δ
592 2295 627 2361 δέ
658 2293 679 2360 ι’
712 2300 864 2381 Τρωικὸς
898 2301 960 2377 μέν
989 2295 1076 2362 ἕλκει
1103 2300 1164 2384 την
1192 2300 1396 2382 ἐπιγραφήν,

141 2402 225 2483 ὑπὲρ
248 2406 310 2460 τοῦ
330 2401 374 2484 μη
398 2395 528 2462 ἁλῶναι
551 2397 587 2462 δέ
610 2401 648 2461 τό
666 2391 769 2461 Ἴλιον
792 2396 1078 2477 διεσπούδασται,
1098 2391 1229 2484 Ὁμήρῳ
1254 2420 1290 2461 τε
1312 2400 1397 2461 κατά

140 2504 178 2562 τό
201 2503 402 2586 τραχύτερον
425 2506 675 2587 προσφέρεται,
698 2502 755 2563 καί
776 2503 840 2563 όσα
863 2497 948 2563 ἀλλα
970 2502 1055 2563 κατὰ
1078 2504 1137 2586 την
1157 2493 1282 2563 Ἰλιάδα
1306 2499 1398 2582 αύτῷ
1419 2509 1449 2560 w

141 2604 346 2688 πεποίηται,
376 2605 537 2666 τάναντία
567 2607 701 2679 τούτοις
725 2606 1008 2687 πραγματεύεται.
1054 2606 1073 2664 ό
1096 2601 1131 2666 δέ
1152 2595 1395 2688 Ὀλυμπικόςῆ

141 2708 220 2787 περί
242 2714 301 2792 τῆς
323 2707 462 2791 πρώτης
484 2713 546 2768 τοῦ
565 2708 654 2769 θεοῦ
674 2707 823 2782 ἐννοίας,
854 2707 934 2768 αύτδ
958 2714 1057 2767 τοῦτο
1088 2708 1299 2789 πειρώμενος
1322 2708 1397 2767 ἐπι-

141 2805 312 2884 δεικνύειν,
336 2805 512 2884 ένδέκατός
535 2802 636 2871 ἐστιν.
682 2806 754 2872 όδέ
771 2806 827 2890 ιβ,
850 2810 885 2870 ἐν
902 2799 1067 2893 Ἀθήναις
1089 2810 1170 2892 περί
1191 2816 1299 2893 φυγῆς
1322 2809 1397 2870 ἐπι-

140 2913 272 2995 γραφὴν
294 2912 389 2988 έχων,
419 2909 552 2996 εἴρηται
572 2913 634 2991 μὲν
656 2913 691 2974 ἐν
715 2913 852 2988 αύταῖς,
885 2907 989 2972 δίεισι
1018 2907 1053 2972 δὲ
1077 2911 1124 2985 ὡς
1147 2906 1242 2972 οόδέν
1265 2915 1284 2995 η
1310 2913 1396 2997 φυγὴ

139 3009 298 3090 χαλεπόν,
321 3015 378 3076 καί
392 3015 439 3088 ὡς
462 3009 610 3088 πλοῦτος
631 3015 693 3092 μὲν
714 3015 771 3076 καὶ
794 3009 875 3089 δόξα
897 3014 954 3075 καί
974 3010 1153 3076 δυναστεία
1176 3013 1304 3074 θᾶττον
1327 3014 1397 3074 άπδ
1421 3019 1449 3070 2ο

141 3121 209 3174 τῶν
231 3115 375 3191 ἐχόντων
398 3115 458 3176 ἐπὶ
487 3117 566 3188 τούς
588 3107 669 3198 μηδ’
695 3113 904 3189 ἐλπίσαντας
925 3120 1099 3198 μεταρρεῐ,
1128 3117 1167 3176 τό
1198 3111 1233 3176 δὲ
1258 3111 1399 3198 φιλοσο-

144 3220 221 3299 φεῖν
249 3216 306 3276 καί
333 3217 393 3299 την
422 3216 542 3300 ἀρετὴν
570 3218 686 3278 ἀσκεῖν
716 3213 772 3278 διδ
795 3216 872 3296 βίου
901 3237 938 3278 τε
960 3225 1068 3302 κτῆμα
1092 3214 1244 3297 διαμένει
1267 3217 1400 3298 ἀγαθόν

142 3318 198 3378 καί
220 3317 463 3396 ἀποιχομένοις
487 3322 677 3380 συνέπεται.
717 3315 786 3380 όδέ
807 3312 852 3399 ιγ’
868 3319 1029 3398 Εύβοῑκός
1051 3321 1069 3403 ἢ
1093 3321 1303 3404 κυνηγετικός
1324 3316 1400 3380 ἐλα-

141 3439 197 3497 χεν
220 3419 424 3503 ἐπιγραφήν,
454 3420 584 3501 εἰσάγει
614 3417 651 3481 δέ
679 3441 774 3494 τινας
802 3421 837 3481 έν
860 3421 987 3503 Εὐβοίᾳ
1014 3428 1169 3483 τοιοῦτον
1190 3423 1267 3502 βίον
1289 3423 1400 3502 βιοῦν-

143 3533 219 3594 τας·
244 3510 290 3581 δι’
317 3519 363 3582 ών
385 3516 624 3597 κατασκευάζει
647 3523 693 3596 ὡς
716 3522 735 3583 ό
758 3522 947 3604 ἀπράγμων
969 3523 1061 3603 βίος,
1085 3524 1116 3584 εί
1137 3525 1192 3586 καί
1215 3527 1400 3603 πενόμενος
1422 3529 1452 3580 ³⁰

144 3623 206 3707 εἴη,
231 3619 347 3704 πολλῷ
371 3630 437 3684 τῶν
460 3625 496 3685 ἐν
519 3624 617 3684 ἄστει
639 3623 902 3706 θορυβουμένων
931 3645 967 3686 τε
989 3626 1045 3686 καί
1066 3628 1272 3711 τρυφώντων
1295 3622 1400 3710 ηδίων

143 3727 258 3788 τεκαὶ
281 3722 562 3808 λυσιτελέστερος.
603 3713 773 3799 Ῥοδιακός
796 3721 831 3787 δέ
857 3728 876 3786 ό
898 3723 941 3788 ιδ’
966 3728 1211 3812 ἐπιγράφεται·
1234 3729 1270 3788 ἐν
1292 3729 1400 3807 τούτῳ

145 3829 229 3902 ἐθος
258 3825 380 3909 όλογον
411 3828 505 3911 παρὰ
525 3818 667 3902 Ῥοδίοις
692 3825 837 3910 ἐπιτιμᾷ
865 3825 1093 3891 ἐπιπολάσαν.
1138 3831 1177 3890 τό
1207 3820 1239 3890 δ’
1264 3825 1314 3913 ἦν,
1345 3830 1402 3904 οῦς

145 3927 325 4010 ἐβούλοντο
349 3938 450 4008 τιμᾶν
473 3926 647 4014 ἀνδριᾶσι,
677 3931 811 4003 τούτοις
839 3931 900 4010 μὲν
923 3928 1106 4014 ἀνδριάντα
1137 3931 1324 3994 ἀνίστασαν
1348 3932 1401 3992 ού·

146 4030 240 4094 δένα·
264 4035 343 4106 τούς
367 4029 402 4093 δέ
425 4037 499 4107 τοῖς
515 4027 624 4094 πάλαι
647 4032 881 4114 ἀνεστηκότας,
905 4035 1032 4095 τούτων
1055 4035 1121 4116 ἀρα
1144 4035 1162 4117 ἢ
1186 4034 1247 4108 τὰς
1263 4035 1402 4116 ἐπιγρα·
1424 4038 1453 4089 ³⁵

147 4135 215 4218 φάς
237 4131 455 4213 μεταξέοντες
477 4137 527 4209 είς
549 4135 590 4196 τὰ
614 4141 681 4196 τῶν
702 4130 893 4213 μελλόντων
915 4136 1105 4221 τιμηθῆναι
1127 4137 1287 4214 όνόματα,
1310 4136 1329 4220 ἢ
1354 4143 1403 4216 τῷ

65 4253 89 4300 (ι
104 4249 133 4300 ιι)
144 4239 252 4320 χρόνῳ
275 4234 359 4321 μηδὲ
390 4241 604 4322 φαινομένων
627 4239 894 4322 ἐπιγράφοντες,
925 4243 992 4300 τῶν
1020 4258 1057 4300 τε
1088 4240 1270 4317 οίχομένων
1298 4239 1338 4298 τό
1366 4255 1402 4318 γε

147 4331 206 4400 ἐπ’
232 4339 348 4414 αύτοῑς
369 4342 429 4425 τὴν
451 4343 550 4425 τιμην
573 4337 807 4419 ἐλυμαίνοντο,
835 4342 891 4402 καί
920 4343 978 4415 ούς
1006 4348 1107 4420 τιμᾶν
1133 4335 1402 4415 ύπεπλάττοντο,

147 4437 343 4525 ἀλλοτρίαις
370 4443 427 4504 καί
453 4435 528 4504 κατ’
556 4439 652 4505 ούδέν
680 4443 846 4517 ἐοικυίαις
875 4445 1002 4506 είκόσιν
1031 4438 1213 4527 ἐνύβριζον.
1258 4444 1293 4504 έν
1315 4438 1402 4524 τιρδε

147 4541 194 4623 τῴ
218 4540 304 4625 λόγῳ
327 4541 454 4630 μεγάλη
485 4551 547 4607 τοῦ
570 4541 692 4629 ἀνδρός
720 4552 780 4630 τῆς
808 4545 1092 4631 ἀνασκευαστικης
1121 4547 1237 4624 ίσχύος
1258 4547 1278 4629 η
1302 4545 1401 4629 ἀρετὴ
1425 4553 1456 4604 4⁰

198 4647 256 4692 010.
270 4649 300 4693 11.
1166 4646 1195 4695 21
