3452 5264
329 353 370 413 28
868 349 1040 418 ANONYMI

327 528 556 613 Προμηθέως,
580 524 665 612 ἅδην
688 522 807 612 πηλοῦ.
845 526 958 588 καίτοι
980 527 1037 588 καί
1052 528 1090 588 τδ
1108 533 1205 605 σῶμα
1221 531 1288 587 τῶν
1303 529 1464 606 γενναίων
1481 531 1587 614 φασίν
1713 553 1714 564 ’

327 626 507 714 ἀλλότριον
530 629 619 693 εἶναι
641 631 750 714 ,έπειη
774 618 866 708 μάλα
882 624 994 690 πολλὰ
1009 624 1153 708 μεταξύ·
1169 625 1328 708 σώματός
1342 649 1379 691 τε
1393 632 1450 693 καί
1464 639 1586 718 ψυχῆς.

329 735 348 795 ὑ
383 735 445 813 μὲν
477 734 540 816 γάρ
576 722 634 794 οὑκ
667 732 760 794 έστιν
794 721 871 792 οὑδὲ
906 726 1079 816 φροντίζει
1110 738 1172 793 τού
1204 733 1362 810 σώματος
1390 730 1586 812 κάμνοντος.

327 836 482 915 ἐμαίνετο
513 835 700 919 Καμβύσης
731 827 816 914 (ὡς)
838 823 983 912 Ἄμασιν
1016 836 1075 896 τδν
1110 833 1315 915 Αἰγυπτίων
1350 832 1495 915 βασιλέα
1527 838 1587 898 τδν

326 939 441 1019 νεκρὸν
464 928 569 998 αὐτού
588 943 712 999 κεντῶν
727 956 763 997 τε
777 937 834 998 καί
848 941 1031 1018 μαστιγῶν.
1068 935 1261 1016 Αἰγύπτιοι
1274 937 1336 1015 μέν
1350 936 1414 1019 γάρ
1431 933 1585 1021 λέγουσιν
1606 946 1622 996 ⁵

321 1027 467 1118 ’Άμασιν
493 1040 530 1101 ἰκ
558 1034 718 1112 πλείονος
745 1038 966 1122 ὑφορώμενον
994 1038 1054 1122 την
1077 1037 1263 1119 Καμβύσου
1286 1033 1504 1124 χαλεπότητα
1527 1042 1586 1102 τδν
1601 1051 1714 1100 (mnu

327 1141 387 1219 μὲν
411 1142 516 1202 αὑτοῦ
535 1142 650 1224 νεκρὸν
666 1141 877 1222 ἀποκρύψαι,
901 1135 1003 1201 ἄλλον
1027 1131 1060 1201 δ’
1085 1131 1162 1202 ἀντ’
1187 1130 1293 1201 αὑτοῦ
1311 1139 1508 1221 ὑποβαλεῖν,
1530 1145 1587 1206 καί

277 1247 317 1307 45
329 1249 448 1305 τοῦτον
475 1241 564 1305 εἶναι
592 1243 650 1304 τδν
673 1240 839 1324 Καμβύσῃ
864 1238 1106 1325 περιπεσόντα.
1151 1232 1240 1318 ἀλλ’,
1271 1239 1298 1301 ὦ
1329 1239 1523 1324 Αἰγύπτιοί
1550 1263 1587 1305 τε

326 1346 383 1407 καί
396 1345 576 1430 Καμβύση,
598 1343 667 1407 εἴτε
683 1340 785 1418 άλλος
800 1363 853 1418 τις
874 1339 914 1428 ην
938 1345 957 1405 δ
970 1349 1076 1405 ταῦτα
1092 1343 1221 1405 παθών
1235 1341 1304 1406 εἴτε
1320 1333 1424 1419 αὑτὸς
1440 1335 1587 1424 Ἄμασις
1599 1356 1650 1406 ue?
1664 1355 1696 1407 Ι)

325 1442 376 1531 ἦν,
396 1449 505 1522 τύπος
520 1442 560 1531 ην
576 1447 730 1526 ἄναιμος,
753 1447 910 1527 ἄσαρκος,
933 1445 1076 1528 ἄψυχος.
1110 1453 1240 1522 τοῦτον,
1256 1443 1292 1508 εἰ
1303 1462 1360 1507 σοι
1377 1443 1487 1531 φίλον,
1510 1443 1583 1510 έλκε
1608 1453 1636 1506 1⁰

326 1550 383 1611 καί
399 1543 573 1630 σπάραττε
587 1548 644 1609 καί
658 1551 805 1631 κέντρου,
821 1537 968 1627 ’Ἀμασιν
984 1543 1020 1608 δέ
1037 1538 1074 1608 σι’
1092 1543 1310 1633 κατείληφας.
1344 1551 1458 1631 έτερος
1474 1544 1512 1611 δέ
1533 1569 1587 1624 τις

328 1645 402 1726 ζῶν,
425 1652 590 1730 ἐμπνέων,
614 1645 878 1728 αἰσθανόμενος,
901 1640 1034 1710 Πτίσσε
1050 1639 1186 1726 πτίσσ’,
1209 1650 1287 1735 ἔφη,
1310 1651 1369 1712 τδν
1380 1640 1586 1734 Ἀναξάρχου

328 1748 495 1813 θύλακον·
514 1743 718 1836 Ἀνάξαρχον
739 1752 803 1835 γάρ
827 1743 865 1813 οὗ
889 1753 1057 1828 πτίσσεις.
1110 1749 1208 1827 οὑτος
1231 1753 1293 1837 γάρ
1317 1753 1399 1839 άνηρ
1427 1753 1586 1832 ἐμπεσὼν

327 1855 389 1934 μέν
411 1855 462 1928 εἰς
483 1850 596 1935 ὄλμον,
619 1855 829 1934 τυπτόμενος
853 1851 888 1916 δὲ
913 1859 986 1929 τοῖς
1007 1855 1164 1939 ὑπέροις,
1189 1844 1291 1930 αὐτὸς
1314 1845 1373 1917 οὐκ
1395 1855 1461 1940 ίφη
1486 1855 1585 1917 πτίσ-

330 1956 472 2034 σεσθαι,
502 1953 587 2018 άλλδ
610 1963 677 2018 τῶν
706 1957 811 2019 αὑτοῦ
837 1959 922 2039 ὅπερ
951 1957 1045 2035 ἔτυχε
1073 1958 1322 2042 περικείμενος·
1352 1957 1469 2042 ὥσπερ
1496 1958 1584 2042 φασί
1605 1966 1635 2017 15

327 2059 471 2143 Περσῶν
492 2061 572 2135 τούς
595 2060 780 2140 ὁμοτίμους
802 2056 985 2139 λαμβάνειν
1007 2055 1149 2144 πληγάς,
1171 2060 1248 2122 ἀντί
1269 2060 1503 2140 τοῦσώματος
1525 2060 1584 2121 τδν

278 2165 318 2228 46
328 2158 460 2224 κάνδυν.
505 2163 641 2245 Πέρσαι
663 2164 724 2241 μὲν
748 2161 805 2224 οὑν
828 2163 888 2224 ἰπί
909 2164 1016 2243 τούτῳ
1041 2159 1287 2249 δυσφοροῦσιν·
1302 2154 1420 2246 Ἕλλην
1444 2151 1476 2224 δ’
1502 2162 1585 2246 ἀνὴρ

328 2268 468 2349 παρεῖχε
490 2265 631 2326 τύπτειν
660 2266 699 2325 τδ
730 2269 827 2344 σῶμα
857 2265 903 2339 ὡς
930 2260 1052 2326 κάνδυν
1080 2257 1138 2347 [ὡς
1163 2257 1328 2348 ἱμάτιον]·
1357 2267 1453 2346 ἡμεῖς
1482 2253 1513 2325 δ’
1545 2263 1584 2324 ού
1598 2273 1714 2326 (mnu)

328 2371 528 2452 παρέχωμεν
550 2367 609 2428 τὸν
632 2362 816 2449 άνδριάντα
828 2368 998 2445 χωνεύειν,
1020 2367 1081 2429 κάν
1101 2366 1330 2451 αἰσθάνηται;
1352 2373 1409 2429 νύν
1424 2356 1457 2429 δ’
1484 2367 1502 2426 δ
1523 2366 1585 2445 μὲν

326 2470 492 2552 κρείσσων
515 2467 722 2551 αἰσθήσεως,
746 2467 810 2549 έγώ
834 2463 870 2528 δέ
891 2467 976 2528 κατδ
999 2468 1059 2552 την
1082 2464 1270 2552 Εὐριπίδου
1292 2464 1517 2548 Λαοδάμειαν
1604 2475 1635 2528 2⁰

483 2587 539 2647 ούκ
562 2587 603 2648 δν
627 2583 793 2670 προδοίην
815 2586 939 2670 καίπερ
962 2587 1096 2667 ἄψυχον
1120 2582 1229 2672 φίλον.

326 2701 494 2786 βούλομαι
517 2705 575 2767 οὑν
591 2705 692 2767 αύτδν
715 2706 762 2781 ὡς
778 2706 1031 2785 αἰσθανόμενον
1048 2706 1385 2792 παραμυθήσασθαι.
1427 2705 1454 2768 ὦ
1479 2703 1587 2788 λόγων

327 2810 416 2888 ὑμῶν
440 2804 577 2892 σιγηλὸν
600 2804 757 2882 εἴδωλον,
782 2808 819 2870 ού
844 2810 948 2894 φαίνῃ
957 2829 969 2884 ,·
999 2805 1076 2870 ούδδ
1098 2809 1161 2891 γάρ
1185 2811 1203 2870 δ
1226 2810 1294 2894 πρὸ
1319 2818 1382 2872 σου·
1398 2802 1585 2897 Ἀριστέης·

328 2904 394 2972 ὧδε
416 2911 478 2994 γάρ
500 2910 577 2989 έσχε
598 2911 749 2991 κάκείνῳ,
774 2910 820 2986 ὡς
835 2911 911 2989 έμοί
926 2909 1083 2994 εἰκάσθη,
1107 2911 1293 2996 ἀναστῆναι
1306 2912 1368 2990 μέν
1392 2911 1492 2974 αὑτὸν
1514 2913 1584 2974 ύπδ

327 2999 394 3074 τῶν
406 3013 678 3098 Προκοννησίων,
697 3013 937 3098 ἀφανισθῆναι
955 3008 990 3074 δί
1005 3012 1073 3074 ὑπδ
1089 3019 1156 3074 τῶν
1172 3013 1322 3098 ἰχθρῶν·
1342 3010 1441 3095 λόγον
1458 3003 1490 3076 δ’
1508 3015 1579 3076 ύπδ
1602 3027 1634 3080 23

328 3121 394 3177 τῶν
411 3115 521 3177 αὐτῶν
535 3117 663 3177 τούτων
680 3111 898 3201 διαδοθῆναι,
921 3116 968 3190 ὡς
994 3115 1069 3178 ούτε
1086 3110 1149 3192 ζῶν
1166 3115 1242 3177 ούτε
1257 3117 1407 3192 τεθνεὼς
1424 3117 1585 3202 φαίνοιτο

417 3421 428 3470 1
449 3418 509 3472 τῶν
525 3417 670 3488 γενναίων
686 3424 858 3487 suspectum
876 3417 974 3474 mortis
991 3417 1129 3474 notionem
1146 3417 1192 3475 hle
1209 3419 1317 3489 requiro
1382 3424 1468 3495 φησίν
1485 3421 1533 3478 UB

328 3491 902 3572 τεαειῆσειαιασιαωιι.ιωι
972 3497 1586 3576 ειμιυσεωωιοαὸωιαιιαχδς

326 3586 379 3655 μέν
397 3585 506 3644 δεοίἱαε
524 3581 541 3660 ¹‘1
558 3587 612 3659 μὲν
629 3587 735 3646 δείδεο.
821 3593 915 3659 potent
932 3588 1029 3646 scribi:
1048 3585 1065 3647 δ
1082 3589 1137 3659 μὲν
1153 3585 1211 3664 γάρ
1227 3585 1424 3666 (ἄνθρωπος)
1509 3589 1586 3652 ἔστιν

326 3671 399 3743 libri,
416 3665 522 3745 ᾔσθετ’
540 3673 647 3732 selden.
665 3663 835 3734 αἰσθάνεται
852 3673 982 3731 Reiskius
1084 3681 1101 3730 4
1119 3669 1160 3741 ὑς
1177 3674 1239 3730 εδδ.
1256 3675 1365 3732 δείδια.
1458 3683 1518 3738 τῶν
1533 3696 1585 3750 pro

327 3751 422 3815 τδνῦ
474 3758 632 3826 δειλέονος
647 3758 720 3827 libri,
738 3775 808 3817 corr.
826 3759 908 3816 Dind.
962 3751 1086 3818 Ἱαὺτοῦ
1102 3758 1174 3827 libri,
1192 3775 1264 3816 corr.
1282 3759 1363 3830 Emp.
1428 3769 1459 3821 12
1477 3768 1587 3836 πτῆασε

327 3846 436 3915 πτῆσσε
452 3843 476 3898 Β
494 3845 596 3903 κτίσσε
614 3847 680 3911 mle
695 3844 726 3900 Μ
814 3849 844 3900 13
861 3844 920 3919 γάρ
931 3844 1007 3915 prinu
1019 3843 1116 3900 αω.Μ
1201 3837 1275 3918 ἁνὴρ
1286 3845 1374 3914 Εαιρ,
1387 3840 1460 3917 ἀνὴρ
1472 3846 1535 3900 libri

329 3932 359 3982 14
378 3923 512 3998 ὅλκιμον
528 3931 601 3995 (cum
617 3928 765 3995 rasuram
835 3924 1055 4001 πτήσσεσὺαιίἰ
1145 3931 1175 3983 15
1193 3930 1253 3985 τῶν
1269 3921 1361 3985 αὑτοῦ
1377 3929 1406 3984 Μ
1425 3928 1478 3985 τὸν
1495 3923 1587 3986 αὑτοῦ

325 4013 349 4068 Β
366 4010 421 4070 τὸν
436 4006 526 4071 αὑτοῦ
538 4013 570 4080 U,
589 4010 624 4072 τδ
643 4012 733 4071 αὑτοῦ
749 4013 858 4080 Jacobs,
876 4009 931 4070 τὸν
948 4007 1039 4070 αὑτοῦ
1055 4007 1183 4069 θύλακον
1199 4011 1328 4067 ΡιείιΗοι
1391 4016 1423 4068 ¹6
1440 4011 1516 4084 (εἰς)
1531 4006 1586 4068 τὸν

325 4093 430 4156 κάνδυν
440 4097 569 4154 Reinkius
640 4094 775 4174 Πτούτφ
787 4098 893 4168 scripsi,
905 4092 1037 4173 τοσούτῳ
1049 4095 1130 4155 ΠΒΜ
1141 4095 1305 4155 τοσούτοΤ
1375 4101 1407 4154 18
1420 4091 1586 4168 ὑςλμάτιον

327 4183 442 4240 seclusit
458 4183 587 4240 Reiukiun
671 4188 702 4239 19
721 4183 887 4254 παρέχομεν
905 4182 976 4249 libri,
994 4181 1167 4255 παρέχωμεν
1184 4182 1262 4252 Emp.
1347 4183 1487 4255 χορεύειν
1504 4187 1586 4246 (corr.

325 4283 360 4323 ex
378 4291 402 4326 ω
419 4267 486 4325 fecit
504 4268 569 4336 ωδ
629 4274 662 4324 20
679 4264 753 4326 κατὰ
772 4262 824 4340 τὴν
839 4267 973 4336 Valesius,
986 4271 1035 4325 καί
1047 4266 1099 4340 τὴν
1110 4267 1173 4324 libri
1236 4258 1438 4342 εἰρειπίδοαδί
1472 4267 1538 4323 Eur.
1551 4283 1586 4323 ex

327 4353 476 4409 Protesilw
493 4352 572 4423 frgm.
591 4357 639 4409 657
658 4351 757 4409 Nauck
843 4356 875 4408 2³
894 4355 1027 4424 αείγηλον
1044 4352 1075 4408 Μ
1138 4349 1173 4411 αὑ
1191 4353 1280 4424 φαίνη
1298 4367 1350 4409 om
1367 4353 1407 4410 Μ.
1425 4369 1462 4409 m.
1480 4368 1522 4422 pr.

327 4429 462 4511 άρισιέας
480 4437 504 4494 U
524 4437 841 4508 cf.Herod0tIV¹4sq.
894 4442 927 4493 24
947 4429 981 4504 δς
997 4452 1049 4508 pro
1062 4430 1176 4508 &0033
1195 4433 1235 4504 ὥς
1252 4441 1299 4495 σοί
1318 4429 1351 4505 δς
1367 4435 1434 4508 ἐμοὶ
1451 4433 1588 4510 εἰκάσθης
1713 4449 1714 4484 ὲ

328 4521 456 4579 Beiskiuu
525 4527 558 4578 25
576 4527 635 4580 ταῖν
651 4519 767 4596 ἐχθρῶν
784 4519 874 4598 λόγον
891 4516 919 4582 δ’
936 4517 993 4581 ὑπὸ
1012 4539 1065 4580 om.
1083 4523 1114 4578 M
