3526 5264
647 371 785 428 ORATIO
802 373 928 429 LXXIII.
1356 373 1416 432 191

157 552 311 634 χρηματα
341 548 469 626 όχοντι,
499 547 537 622 ός
559 549 645 631 ύπδρ
676 538 782 610 αὐτοῦ
808 551 868 634 την
898 543 1019 631 ζημίαν
1046 546 1209 630 κατέβαλε
1231 551 1273 612 τά
1297 551 1418 635 πεντη-

159 671 260 714 κοντα
289 646 446 712 τάλαντα.
495 649 608 711 καίτοι
630 650 751 730 Κίμων
777 651 917 734 ὕστερον
936 641 1139 735 Ἀθηναίοις
1161 652 1303 734 Κύπρον
1325 653 1419 737 έκτη-

162 770 247 815 σατο
268 754 325 815 καὶ
347 746 432 835 πεζῇ
455 752 524 830 ἅμα
545 752 602 814 καί
623 753 740 814 ναυσίν
762 753 895 837 ένίκησε
916 755 996 828 τούς
1010 755 1203 837 βαρβάρους
1226 755 1305 834 περὶ
1319 755 1418 834 Παμ-

160 853 302 941 φυλίαν·
326 843 399 916 ἀλλ’
425 855 518 933 ὅμως
539 856 598 916 τόν
619 861 775 917 τοιοῦτον
798 847 901 917 αὐτὸν
923 857 1003 918 όντα
1024 857 1082 918 καί
1103 858 1261 918 τοιούτου
1277 858 1418 937 πατρός,

124 971 139 1019 5
162 959 193 1020 εί
214 959 259 1043 μη
280 959 461 1041 χρημάτων
484 948 688 1042 εὐπόρησεν,
717 959 839 1038 άτιμον
860 953 938 1040 <ἀν>
958 957 1038 1020 εἴων
1060 960 1096 1020 έν
1118 966 1160 1043 τῇ
1183 955 1293 1021 πόλει.
1339 961 1416 1020 Φω·
1440 964 1459 1024 7

158 1060 264 1122 κίωνα
288 1056 323 1120 δὲ
346 1059 486 1141 ὕστερον
508 1061 566 1121 τόν
588 1061 674 1143 ύπίρ
698 1057 902 1146 ὀγδοήκοντα
926 1060 983 1145 ίτη
1006 1060 1199 1141 βιώσαντα,
1229 1063 1358 1123 τούτων
1382 1059 1418 1124 δέ

158 1161 201 1223 τά
231 1158 340 1224 πλείω
370 1161 645 1245 στρατηγήσαντα
674 1163 731 1224 καί
759 1165 818 1248 την
853 1160 957 1225 πόλιν
995 1158 1251 1248 διαφυλάξαντα
1280 1165 1316 1226 ἐν
1346 1169 1420 1236 τοῖς

157 1260 415 1345 χαλεπωτάτοις
433 1267 566 1345 καιροῖς
580 1265 636 1326 καί
648 1267 795 1348 χρηστόν
809 1256 873 1326 ὑπ’
893 1257 1003 1327 αὐτῶν
1018 1265 1154 1327 έκείνων
1170 1265 1419 1345 ὀνομασθέντα,

157 1375 278 1429 τοῦτον
294 1357 352 1427 οὐκ
366 1366 504 1450 ἤρκεσεν
517 1356 633 1440 αὐτοῖς
645 1367 845 1428 ἀποκτεῖναι
855 1369 969 1446 μόνον,
986 1355 1063 1428 ἀλλ’
1082 1359 1160 1429 οὐδὲ
1173 1370 1287 1452 νεκρόν
1300 1367 1419 1431 εἴασαν

218 1477 259 1554 τῇ
275 1458 419 1552 Ἀττικῇ,
442 1459 519 1530 ἀλλ’
544 1469 630 1551 ὑπὲρ
653 1470 733 1544 τούς
754 1471 854 1550 όρονς
868 1465 1037 1549 ἐξέβαλον.
1074 1470 1198 1543 Νικίας
1222 1467 1258 1531 δέ
1281 1471 1418 1555 όΝικη-

160 1575 263 1656 ράτου
293 1563 362 1654 [διδ
392 1573 431 1632 τὸ
454 1572 686 1633 πιστεύεσθαι
706 1572 775 1632 ύπδ
797 1577 866 1633 τῶν
894 1565 1073 1654 πολιτῶν],
1103 1572 1336 1651 ἐπιστάμενος
1359 1575 1419 1657 τὴν

158 1678 194 1738 έν
215 1670 352 1757 Σικελίᾳ
376 1675 555 1757 στρατείαν
578 1673 634 1736 οία
657 1674 772 1736 ἔσοιτο
795 1676 851 1736 καί
874 1674 944 1736 ἀπὸ
967 1680 1030 1735 τοῦ
1056 1673 1146 1736 θεοῦ
1172 1675 1229 1736 καί
1258 1672 1306 1757 τῷ
1330 1671 1419 1755 λογί-

159 1769 297 1850 ζεσθαι,
327 1777 418 1853 δμως
445 1777 642 1861 ἠναγκάσθη
675 1778 955 1860 στρατεύσασθαι
983 1783 1093 1838 νοσῶν
1125 1773 1182 1839 διά
1210 1780 1270 1863 τὴν
1300 1778 1419 1839 πίστιν

158 1878 291 1961 ταύτην.
330 1880 387 1940 καί
409 1879 440 1939 εί
461 1880 522 1957 μέν
545 1876 731 1960 ἀποβαλὼν
753 1882 813 1966 την
837 1879 999 1964 στρατιάν
1020 1880 1040 1964 ἢ
1063 1884 1168 1963 μέρος
1190 1871 1295 1965 αὐτῆς
1318 1868 1419 1954 αὐτὸς

114 1991 141 2042 15
163 1987 242 2061 γοῦν
263 1981 398 2064 ἐσώθη,
429 1977 529 2065 δῆλον
551 1983 605 2042 ότι
628 1979 717 2043 οἴκοι
738 1982 945 2067 ἀφικόμενος
973 1977 1147 2044 ἀπολώλει
1175 1982 1226 2044 ἀν.
1277 1983 1354 2044 έπεί
1383 1979 1419 2044 δὲ

159 2089 259 2144 τοῦτο
282 2079 383 2157 εἰδώς
405 2079 655 2166 προσελιπάρει
678 2085 790 2144 πάντα
809 2087 949 2166 τρόπον,
973 2080 1121 2169 ληφθείς
1142 2083 1211 2144 ὑπὸ
1228 2090 1295 2145 τῶν
1319 2080 1420 2146 πολε-

159 2186 247 2265 μίων
268 2191 367 2245 τοῦτο
391 2185 534 2246 ἔπαθεν.
619 2185 676 2247 καί
697 2191 803 2246 ταῦτα
826 2186 902 2264 έμοί
924 2186 1004 2270 περί
1024 2192 1106 2265 μιᾶς
1129 2181 1262 2259 πόλεως
1284 2183 1417 2269 εἴρηται
1440 2190 1460 2253 8

159 2289 304 2349 καὶτῶν
327 2289 362 2348 έν
383 2285 448 2370 μιᾷ
471 2283 572 2349 πόλει
588 2283 869 2367 πολιτευομένων,
895 2279 971 2349 οὐδὲ
987 2290 1115 2350 τούτων
1131 2289 1303 2350 ἁπάντων.
1342 2289 1421 2362 τούς

161 2387 197 2451 δὲ
221 2390 315 2474 παρὰ
337 2394 411 2466 τοῖς
433 2391 608 2474 τυράννοις
631 2387 813 2466 δοκοῦντας
835 2393 981 2466 πιστούς
1010 2393 1040 2452 εί
1070 2387 1244 2470 ἐπεξίοιμι
1275 2391 1356 2453 οίων
1380 2386 1419 2475 δη

108 2505 138 2556 20
159 2495 367 2577 τετυχήκασι,
391 2489 528 2554 πολλῶν
550 2494 591 2556 άν
614 2491 699 2569 ἴσως
719 2512 781 2573 μοι
804 2490 924 2579 δεήσαι
939 2497 1028 2556 πάνυ
1043 2497 1185 2577 ἡμερῶν.
1226 2489 1343 2571 σχεδόν
1358 2493 1420 2577 γάρ

58 2611 109 2660 (σοι
120 2609 151 2658 ιιι
161 2597 200 2655 τό
215 2612 251 2675 γε
277 2593 434 2680 σωθῆναι
449 2595 596 2670 έκείνους
618 2591 784 2658 ἀδύνατόν
806 2597 909 2658 έστιν.
949 2596 985 2657 οί
997 2597 1058 2674 μὲν
1073 2595 1135 2679 γδρ
1152 2595 1193 2656 άν
1217 2596 1421 2676 παράσχωσι

3 2699 5 2708 ’
160 2687 245 2757 καθ’
271 2698 380 2758 αὐτῶν
404 2697 534 2775 αἰτίαν,
564 2698 611 2773 ὡς
641 2694 879 2782 ἀδικήσαντες,
912 2694 969 2759 διά
997 2704 1097 2758 τοῦτο
1127 2692 1338 2759 ἀπόλλυνται
1365 2697 1422 2758 καί

162 2789 221 2860 οὐκ
249 2800 342 2860 ἔστιν
371 2787 532 2880 οὐδεμιᾶς
562 2802 756 2885 συγγνώμης
785 2807 912 2880 τυχεῖν·
944 2802 979 2863 οί
1008 2789 1040 2862 δ’
1073 2801 1114 2862 δν
1144 2795 1264 2885 ἀνδρες
1294 2800 1422 2882 ἀγαθοί

164 2907 300 2985 φανῶσι
321 2902 378 2964 καί
401 2898 642 2986 διαφυλάττειν
666 2899 845 2982 δυνάμενοι
872 2903 914 2964 τά
937 2903 1186 2980 πιστευθέντα,
1217 2905 1421 2984 παραχρῆμα

4 3053 5 3060 ,
113 3016 145 3066 τι
165 3006 227 3082 μέν
249 3011 348 3089 τιμῆς
370 3023 463 3078 τινος
484 3005 610 3084 έτυχον,
632 2995 709 3084 μετ’
736 2998 774 3068 οὐ
797 3003 886 3067 πολύ
909 3003 945 3068 δὲ
963 3002 1173 3069 ἀπόλλυνται
1189 3004 1423 3091 φθονούμενοι

162 3108 219 3168 καὶ
240 3107 523 3184 ὑποπτευόμενοι.
562 3098 599 3168 οὗ
623 3108 686 3192 γάρ
710 3105 806 3171 δοκεῖ
818 3103 1002 3170 λυσιτελεῖν
1016 3113 1090 3182 τοῖς
1105 3109 1287 3189 μονάρχοις
1303 3092 1416 3164 οὐδέν’
1441 3113 1461 3176 9

164 3204 270 3289 ἀνδρα
300 3207 433 3288 ἀγαθόν
461 3205 550 3270 εἶναι
578 3201 664 3289 παρ’
694 3201 811 3284 αὐτοῖς
840 3200 914 3271 οὐδ’
954 3200 1193 3288 εὐδοκιμοῦντα
1231 3204 1422 3293 φαίνεσθαι

165 3310 259 3394 παρά
281 3305 329 3390 τῷ
352 3305 492 3392 πλήθει.
595 3311 632 3370 αί
655 3307 690 3372 δὲ
714 3310 807 3395 παρά
830 3309 897 3372 τῶν
920 3307 1066 3373 ἰδιωτῶν
1089 3310 1226 3386 πίστεις
1247 3305 1422 3380 κινδύνους

163 3413 225 3491 μὲν
247 3412 368 3496 ἥττους
391 3407 475 3485 ἴσως
490 3411 633 3489 έχουσιν,
656 3415 710 3474 ότι
723 3414 780 3474 καί
794 3412 835 3473 τά
851 3415 1033 3495 πράγματα
1049 3408 1178 3474 ἐλάττω
1195 3411 1298 3487 έστίν,
1322 3411 1422 3488 ἀσχο-

174 3749 176 3752 .
250 3698 418 3756 2έκτίσιιτο
436 3697 466 3751 Μ
540 3692 683 3769 ἐκτήσατο
703 3727 735 3738 -
754 3701 770 3752 ³
786 3701 859 3770 βαρ
875 3711 929 3752 om.
946 3697 973 3753 Η
991 3698 1029 3762 (in
1045 3711 1112 3766 ωτς.
1131 3698 1221 3768 suppl.
1241 3712 1258 3751 ι
1275 3702 1355 3763 corr.)

164 3792 179 3842 5
197 3780 235 3844 άν
252 3785 315 3842 ιδδ.
333 3784 423 3851 Dim„
441 3787 553 3840 secutus
570 3783 711 3840 Rehkium
814 3784 969 3854 φωκείωνα
986 3783 1017 3838 Μ
1120 3788 1136 3838 6
1152 3779 1297 3856 βιάσαντα
1315 3779 1337 3835 P

162 3867 301 3930 τούτοιΒ
353 3865 636 3942 8χαλεκοτάτοιςΡ
689 3874 719 3923 11
739 3863 837 3928 διὰτὸ
857 3899 888 3908 -
907 3872 1035 3926 πολιτῶν
1051 3867 1165 3924 seclusit
1175 3867 1255 3938 Emp.
1311 3869 1342 3920 12
1361 3885 1377 3922 ν
1395 3865 1423 3918 In

161 3958 320 4027 στρατείαν
337 3970 355 4010 ε
371 3971 406 4010 m.
425 3954 521 4011 τεαΡ
628 3959 657 4009 13
676 3951 946 4025 στρατεύσεσθαιΡ
1040 3954 1145 4026 κίστην
1162 3952 1186 4008 U
1205 3969 1242 4008 m.
1260 3967 1302 4021 pr.
1322 3951 1352 4006 Μ

166 4049 196 4097 14
215 4043 372 4115 στρατείαν
389 4039 438 4095 UB
509 4046 541 4097 15
558 4033 753 4099 ἀπωλώλειΗ
823 4045 855 4096 16
873 4035 977 4112 φτιόώς
994 4039 1025 4094 Μ
1102 4033 1325 4114 προσελιπάρει
1342 4037 1373 4092 Μ

166 4132 196 4184 12
216 4123 308 4186 ἔπαθε
325 4127 365 4194 II,
386 4128 415 4182 in
440 4126 627 4183 Ureruum
747 4123 857 4200 εἴρηται
878 4121 993 4192 πόλεως
1013 4125 1075 4190 (λινε
1096 4124 1215 4188 ord.)U
1318 4126 1350 4178 20
1373 4142 1424 4194 μοι

164 4213 256 4269 om.P
341 4209 437 4284 δεήσοι
455 4212 504 4268 ΡΗ
588 4206 745 4287 ἢμέρωνΒ
842 4217 872 4268 21
891 4231 925 4284 γε
943 4213 1073 4284 σωθῆναι
1091 4210 1156 4266 wil.
1175 4209 1324 4280 praeclare,
1341 4229 1424 4282 γεγη-

165 4301 247 4357 θέναι
272 4299 334 4355 libri
435 4296 557 4365 ἐκείνοις
579 4297 628 4352 PII
740 4302 773 4352 22
795 4293 869 4355 καθ’
892 4292 988 4356 αδτῶν
1011 4297 1060 4354 ΡΗ
1081 4287 1149 4353 κατ’
1174 4287 1271 4353 αύτών
1287 4294 1336 4351 UB
1353 4286 1422 4353 κατ’

166 4379 256 4442 αὐτόν
273 4383 303 4439 Μ
405 4376 627 4442 dmum?
731 4388 764 4438 23
788 4381 817 4441 οί
837 4377 864 4441 δ’
889 4381 990 4456 ἄνδρες
1006 4385 1069 4446 (om.
1087 4377 1134 4447 ἀν)
1158 4380 1235 4437 Um.
1254 4382 1339 4451 pr.B

166 4474 200 4525 26
219 4465 300 4529 οὐδὲν
317 4469 395 4525 ΰΒΜ
414 4462 515 4526 οδδίνσ
532 4469 581 4524 PII
650 4474 681 4524 27
702 4463 813 4528 mma
882 4474 914 4523 29
931 4468 1088 4542 γράμματα
1106 4473 1201 4538 (κύρει
1217 4468 1266 4523 lin.
1285 4462 1321 4525 τὰ
1334 4461 1425 4539 κράγ-

165 4559 255 4624 ματσ)
272 4555 294 4608 P
