<?xml version="1.0" encoding="UTF-8"?>
<!DOCTYPE html PUBLIC "-//W3C//DTD XHTML 1.0 Transitional//EN"
    "http://www.w3.org/TR/xhtml1/DTD/xhtml1-transitional.dtd">
<html xmlns="http://www.w3.org/1999/xhtml" xml:lang="en" lang="en">
 <head>
  <title>
</title>
<meta http-equiv="Content-Type" content="text/html;charset=utf-8" />
  <meta name='ocr-system' content='tesseract 3.04.00' />
  <meta name='ocr-capabilities' content='ocr_page ocr_carea ocr_par ocr_line ocrx_word'/>
</head>
<body>
  <div class='ocr_page' id='page_1' title='image "./quaeexstantomni01diogoog_0450.png"; bbox 0 0 3476 5264; ppageno 0'>
   <div class='ocr_carea' id='block_1_1' title="bbox 632 381 1386 442">
    <p class='ocr_par' dir='ltr' id='par_1_1' title="bbox 632 381 1386 442">
     <span class='ocr_line' id='line_1_1' title="bbox 632 381 1386 442; baseline 0.005 -4"><span class='ocrx_word' id='word_1_1' title='bbox 632 381 770 439; x_wconf 74' lang='lat' dir='ltr'><strong>ORATIO</strong></span> <span class='ocrx_word' id='word_1_2' title='bbox 788 383 876 440; x_wconf 81' lang='lat' dir='ltr'>XXX.</span> <span class='ocrx_word' id='word_1_3' title='bbox 1325 383 1386 442; x_wconf 85' lang='lat'><strong><em>301</em></strong></span> 
     </span>
    </p>
   </div>
   <div class='ocr_carea' id='block_1_2' title="bbox 10 555 1438 2997">
    <p class='ocr_par' dir='ltr' id='par_1_2' title="bbox 10 555 1438 2997">
     <span class='ocr_line' id='line_1_2' title="bbox 127 555 1387 644; baseline 0 -23"><span class='ocrx_word' id='word_1_4' title='bbox 127 560 193 644; x_wconf 76' lang='grc' dir='ltr'><strong><em>μην</em></strong></span> <span class='ocrx_word' id='word_1_5' title='bbox 209 555 322 644; x_wconf 81' lang='grc' dir='ltr'><strong><em>ἀληθῆ</em></strong></span> <span class='ocrx_word' id='word_1_6' title='bbox 345 577 382 641; x_wconf 92' lang='grc' dir='ltr'><strong><em>γε</em></strong></span> <span class='ocrx_word' id='word_1_7' title='bbox 406 555 483 620; x_wconf 79' lang='grc' dir='ltr'><strong><em>οὐδὲ</em></strong></span> <span class='ocrx_word' id='word_1_8' title='bbox 500 561 677 643; x_wconf 78' lang='grc' dir='ltr'><strong><em>πρέποντα</em></strong></span> <span class='ocrx_word' id='word_1_9' title='bbox 693 557 802 633; x_wconf 82' lang='grc' dir='ltr'><strong><em>θεοῖς.</em></strong></span> <span class='ocrx_word' id='word_1_10' title='bbox 840 559 953 641; x_wconf 87' lang='grc' dir='ltr'><strong><em>έτερος</em></strong></span> <span class='ocrx_word' id='word_1_11' title='bbox 976 556 1011 622; x_wconf 77' lang='grc' dir='ltr'><strong><em>δὲ</em></strong></span> <span class='ocrx_word' id='word_1_12' title='bbox 1034 555 1177 639; x_wconf 76' lang='grc' dir='ltr'><em>βελτίων</em></span> <span class='ocrx_word' id='word_1_13' title='bbox 1194 560 1268 621; x_wconf 77' lang='grc' dir='ltr'><strong><em>ἐστί</em></strong></span> <span class='ocrx_word' id='word_1_14' title='bbox 1289 556 1387 622; x_wconf 81' lang='grc' dir='ltr'><strong><em>τοῦδε</em></strong></span> 
     </span>
     <span class='ocr_line' id='line_1_3' title="bbox 129 657 1387 745; baseline 0 -23"><span class='ocrx_word' id='word_1_15' title='bbox 129 657 243 742; x_wconf 91' lang='grc' dir='ltr'><strong><em>λόγος,</em></strong></span> <span class='ocrx_word' id='word_1_16' title='bbox 267 662 305 724; x_wconf 85' lang='grc' dir='ltr'><strong><em>όν</em></strong></span> <span class='ocrx_word' id='word_1_17' title='bbox 328 657 416 723; x_wconf 85' lang='grc' dir='ltr'><strong><em>πολδ</em></strong></span> <span class='ocrx_word' id='word_1_18' title='bbox 446 662 487 724; x_wconf 87' lang='grc' dir='ltr'><strong><em>άιι</em></strong></span> <span class='ocrx_word' id='word_1_19' title='bbox 516 660 653 741; x_wconf 84' lang='grc' dir='ltr'><strong><em>εἴποιμι</em></strong></span> <span class='ocrx_word' id='word_1_20' title='bbox 678 661 949 744; x_wconf 88' lang='grc' dir='ltr'><strong><em>προθυμότερον.</em></strong></span> <span class='ocrx_word' id='word_1_21' title='bbox 993 663 1121 745; x_wconf 76' lang='grc' dir='ltr'><strong><em>ἥκουσα</em></strong></span> <span class='ocrx_word' id='word_1_22' title='bbox 1146 657 1182 722; x_wconf 82' lang='grc' dir='ltr'><strong><em>δὲ</em></strong></span> <span class='ocrx_word' id='word_1_23' title='bbox 1208 661 1308 723; x_wconf 79' lang='grc' dir='ltr'><strong><em>αὐτόν</em></strong></span> <span class='ocrx_word' id='word_1_24' title='bbox 1331 661 1387 722; x_wconf 85' lang='grc' dir='ltr'><strong><em>ἀν-</em></strong></span> 
     </span>
     <span class='ocr_line' id='line_1_4' title="bbox 127 757 1382 848; baseline -0.002 -24"><span class='ocrx_word' id='word_1_25' title='bbox 127 765 275 847; x_wconf 87' lang='grc' dir='ltr'><strong><em>θρώπου</em></strong></span> <span class='ocrx_word' id='word_1_26' title='bbox 297 770 448 847; x_wconf 78' lang='grc' dir='ltr'><strong><em>γεωργοῦ</em></strong></span> <span class='ocrx_word' id='word_1_27' title='bbox 468 765 504 825; x_wconf 85' lang='grc' dir='ltr'><strong><em>έν</em></strong></span> <span class='ocrx_word' id='word_1_28' title='bbox 533 764 677 848; x_wconf 79' lang='grc' dir='ltr'><em>ἀγροίκῳ</em></span> <span class='ocrx_word' id='word_1_29' title='bbox 707 764 774 826; x_wconf 89' lang='grc' dir='ltr'><strong><em>τινί</em></strong></span> <span class='ocrx_word' id='word_1_30' title='bbox 803 760 927 846; x_wconf 78' lang='grc' dir='ltr'><strong><em>ῥυθμῷ</em></strong></span> <span class='ocrx_word' id='word_1_31' title='bbox 955 765 1013 826; x_wconf 88' lang='grc' dir='ltr'><strong><em>καί</em></strong></span> <span class='ocrx_word' id='word_1_32' title='bbox 1033 759 1144 842; x_wconf 80' lang='grc' dir='ltr'><strong><em>μέλει·</em></strong></span> <span class='ocrx_word' id='word_1_33' title='bbox 1173 757 1261 846; x_wconf 79' lang='grc' dir='ltr'><strong><em>πλην</em></strong></span> <span class='ocrx_word' id='word_1_34' title='bbox 1283 768 1382 823; x_wconf 77' lang='grc' dir='ltr'><strong><em>τοῦτο</em></strong></span> 
     </span>
     <span class='ocr_line' id='line_1_5' title="bbox 126 861 1383 950; baseline -0.004 -22"><span class='ocrx_word' id='word_1_35' title='bbox 126 867 188 946; x_wconf 76' lang='grc' dir='ltr'><strong><em>μὲν</em></strong></span> <span class='ocrx_word' id='word_1_36' title='bbox 210 863 294 940; x_wconf 83' lang='grc' dir='ltr'><em>ἴσως</em></span> <span class='ocrx_word' id='word_1_37' title='bbox 318 862 415 928; x_wconf 83' lang='grc' dir='ltr'><strong><em>οόδδν</em></strong></span> <span class='ocrx_word' id='word_1_38' title='bbox 437 870 525 948; x_wconf 79' lang='grc' dir='ltr'><strong><em>ημᾶς</em></strong></span> <span class='ocrx_word' id='word_1_39' title='bbox 548 862 604 928; x_wconf 98' lang='grc' dir='ltr'><strong><em>δεῖ</em></strong></span> <span class='ocrx_word' id='word_1_40' title='bbox 620 865 826 945; x_wconf 89' lang='grc' dir='ltr'><strong><em>μιμεῖσθαι,</em></strong></span> <span class='ocrx_word' id='word_1_41' title='bbox 849 866 909 950; x_wconf 69' lang='grc' dir='ltr'><strong><em>τὴν</em></strong></span> <span class='ocrx_word' id='word_1_42' title='bbox 933 861 969 926; x_wconf 78' lang='grc' dir='ltr'><strong><em>δέ</em></strong></span> <span class='ocrx_word' id='word_1_43' title='bbox 992 861 1148 926; x_wconf 91' lang='grc' dir='ltr'><strong><em>διάνοιαν</em></strong></span> <span class='ocrx_word' id='word_1_44' title='bbox 1170 863 1272 948; x_wconf 74' lang='grc' dir='ltr'><strong><em>αὐτὴν</em></strong></span> <span class='ocrx_word' id='word_1_45' title='bbox 1295 863 1383 924; x_wconf 83' lang='grc' dir='ltr'><strong><em>ἀπο·</em></strong></span> 
     </span>
     <span class='ocr_line' id='line_1_6' title="bbox 90 963 1438 1053; baseline -0.003 -23"><span class='ocrx_word' id='word_1_46' title='bbox 90 981 105 1030; x_wconf 74' lang='grc' dir='ltr'><strong><em>ο</em></strong></span> <span class='ocrx_word' id='word_1_47' title='bbox 125 969 323 1053; x_wconf 78' lang='grc' dir='ltr'><strong><em>μνησθῆναι</em></strong></span> <span class='ocrx_word' id='word_1_48' title='bbox 345 969 597 1050; x_wconf 74' lang='grc' dir='ltr'><strong><em>πειρασόμεθα.</em></strong></span> <span class='ocrx_word' id='word_1_49' title='bbox 700 963 793 1048; x_wconf 86' lang='grc' dir='ltr'><strong><em>έλεγε</em></strong></span> <span class='ocrx_word' id='word_1_50' title='bbox 814 964 850 1029; x_wconf 80' lang='grc' dir='ltr'><strong><em>δὲ</em></strong></span> <span class='ocrx_word' id='word_1_51' title='bbox 867 968 978 1046; x_wconf 78' lang='grc' dir='ltr'><strong><em>ὑμνῶν</em></strong></span> <span class='ocrx_word' id='word_1_52' title='bbox 1001 969 1059 1030; x_wconf 90' lang='grc' dir='ltr'><strong><em>τόν</em></strong></span> <span class='ocrx_word' id='word_1_53' title='bbox 1080 985 1118 1028; x_wconf 91' lang='grc' dir='ltr'><strong><em>τε</em></strong></span> <span class='ocrx_word' id='word_1_54' title='bbox 1132 968 1202 1030; x_wconf 91' lang='grc' dir='ltr'><strong><em>Δία</em></strong></span> <span class='ocrx_word' id='word_1_55' title='bbox 1223 967 1281 1029; x_wconf 85' lang='grc' dir='ltr'><strong><em>καί</em></strong></span> <span class='ocrx_word' id='word_1_56' title='bbox 1302 967 1381 1040; x_wconf 84' lang='grc' dir='ltr'><strong><em>ταδς</em></strong></span> <span class='ocrx_word' id='word_1_57' title='bbox 1397 978 1438 1041; x_wconf 75' lang='grc'><strong><em>26</em></strong></span> 
     </span>
     <span class='ocr_line' id='line_1_7' title="bbox 15 1065 1384 1155; baseline -0.003 -19"><span class='ocrx_word' id='word_1_58' title='bbox 15 1079 113 1136; x_wconf 63' lang='grc' dir='ltr'><strong><em>ΜΠ)</em></strong></span> <span class='ocrx_word' id='word_1_59' title='bbox 127 1067 249 1147; x_wconf 76' lang='grc' dir='ltr'><strong><em>ἄλλους</em></strong></span> <span class='ocrx_word' id='word_1_60' title='bbox 271 1071 376 1146; x_wconf 76' lang='grc' dir='ltr'><strong><em>θεοὺς</em></strong></span> <span class='ocrx_word' id='word_1_61' title='bbox 399 1073 446 1145; x_wconf 87' lang='grc' dir='ltr'><strong><em>ὡς</em></strong></span> <span class='ocrx_word' id='word_1_62' title='bbox 468 1070 599 1152; x_wconf 82' lang='grc' dir='ltr'><strong><em>ἀγαθοί</em></strong></span> <span class='ocrx_word' id='word_1_63' title='bbox 619 1090 656 1133; x_wconf 90' lang='grc' dir='ltr'><strong><em>τε</em></strong></span> <span class='ocrx_word' id='word_1_64' title='bbox 679 1069 746 1132; x_wconf 89' lang='grc' dir='ltr'><strong><em>εἶεν</em></strong></span> <span class='ocrx_word' id='word_1_65' title='bbox 767 1071 824 1131; x_wconf 88' lang='grc' dir='ltr'><strong><em>καί</em></strong></span> <span class='ocrx_word' id='word_1_66' title='bbox 847 1066 982 1154; x_wconf 78' lang='grc' dir='ltr'><em>φιλοῖεν</em></span> <span class='ocrx_word' id='word_1_67' title='bbox 1004 1073 1103 1154; x_wconf 71' lang='grc' dir='ltr'><strong><em>ἡμᾶς,</em></strong></span> <span class='ocrx_word' id='word_1_68' title='bbox 1126 1071 1186 1132; x_wconf 81' lang='grc' dir='ltr'><strong><em>ότι</em></strong></span> <span class='ocrx_word' id='word_1_69' title='bbox 1208 1066 1247 1155; x_wconf 78' lang='grc' dir='ltr'><strong><em>δή</em></strong></span> <span class='ocrx_word' id='word_1_70' title='bbox 1273 1065 1384 1152; x_wconf 87' lang='grc' dir='ltr'><strong><em>ξυγγε-</em></strong></span> 
     </span>
     <span class='ocr_line' id='line_1_8' title="bbox 127 1171 1386 1257; baseline 0 -22"><span class='ocrx_word' id='word_1_71' title='bbox 127 1177 196 1248; x_wconf 89' lang='grc' dir='ltr'><strong><em>νεῖς</em></strong></span> <span class='ocrx_word' id='word_1_72' title='bbox 211 1174 310 1247; x_wconf 86' lang='grc' dir='ltr'><strong><em>άντας</em></strong></span> <span class='ocrx_word' id='word_1_73' title='bbox 327 1173 446 1236; x_wconf 80' lang='grc' dir='ltr'><strong><em>αὐτῶν.</em></strong></span> <span class='ocrx_word' id='word_1_74' title='bbox 491 1173 561 1234; x_wconf 84' lang='grc' dir='ltr'><strong><em>ἀπό</em></strong></span> <span class='ocrx_word' id='word_1_75' title='bbox 577 1173 640 1257; x_wconf 90' lang='grc' dir='ltr'><strong><em>γάρ</em></strong></span> <span class='ocrx_word' id='word_1_76' title='bbox 657 1179 724 1234; x_wconf 81' lang='grc' dir='ltr'><strong><em>τῶν</em></strong></span> <span class='ocrx_word' id='word_1_77' title='bbox 739 1173 833 1236; x_wconf 81' lang='grc' dir='ltr'><strong><em>θεῶν</em></strong></span> <span class='ocrx_word' id='word_1_78' title='bbox 849 1174 915 1256; x_wconf 76' lang='grc' dir='ltr'><strong><em>ἔφη</em></strong></span> <span class='ocrx_word' id='word_1_79' title='bbox 932 1173 970 1234; x_wconf 90' lang='grc' dir='ltr'><strong><em>τό</em></strong></span> <span class='ocrx_word' id='word_1_80' title='bbox 987 1179 1054 1235; x_wconf 81' lang='grc' dir='ltr'><strong><em>τῶν</em></strong></span> <span class='ocrx_word' id='word_1_81' title='bbox 1077 1172 1275 1255; x_wconf 84' lang='grc' dir='ltr'><strong><em>ἀνθρώπων</em></strong></span> <span class='ocrx_word' id='word_1_82' title='bbox 1297 1171 1386 1236; x_wconf 82' lang='grc' dir='ltr'><strong><em>εἶναι</em></strong></span> 
     </span>
     <span class='ocr_line' id='line_1_9' title="bbox 127 1267 1386 1358; baseline -0.001 -20"><span class='ocrx_word' id='word_1_83' title='bbox 127 1279 239 1357; x_wconf 88' lang='grc' dir='ltr'><strong><em>γένος,</em></strong></span> <span class='ocrx_word' id='word_1_84' title='bbox 270 1277 328 1337; x_wconf 79' lang='grc' dir='ltr'><strong><em>οὐκ</em></strong></span> <span class='ocrx_word' id='word_1_85' title='bbox 357 1277 427 1338; x_wconf 90' lang='grc' dir='ltr'><strong><em>άπό</em></strong></span> <span class='ocrx_word' id='word_1_86' title='bbox 460 1278 613 1338; x_wconf 78' lang='grc' dir='ltr'><strong><em>Τιτάνων</em></strong></span> <span class='ocrx_word' id='word_1_87' title='bbox 643 1267 717 1338; x_wconf 78' lang='grc' dir='ltr'><strong><em>οὐδ’</em></strong></span> <span class='ocrx_word' id='word_1_88' title='bbox 743 1277 814 1338; x_wconf 89' lang='grc' dir='ltr'><strong><em>άπό</em></strong></span> <span class='ocrx_word' id='word_1_89' title='bbox 840 1278 1023 1358; x_wconf 79' lang='grc' dir='ltr'><strong><em>Γιγάντων.</em></strong></span> <span class='ocrx_word' id='word_1_90' title='bbox 1068 1278 1124 1338; x_wconf 88' lang='grc' dir='ltr'><strong><em>ότε</em></strong></span> <span class='ocrx_word' id='word_1_91' title='bbox 1153 1276 1279 1356; x_wconf 85' lang='grc' dir='ltr'><strong><em>γάρτό</em></strong></span> <span class='ocrx_word' id='word_1_92' title='bbox 1304 1278 1386 1356; x_wconf 85' lang='grc' dir='ltr'><strong><em>σάμ-</em></strong></span> 
     </span>
     <span class='ocr_line' id='line_1_10' title="bbox 25 1378 1384 1463; baseline 0 -23"><span class='ocrx_word' id='word_1_93' title='bbox 25 1389 240 1441; x_wconf 67' lang='grc' dir='ltr'><strong><em>(οοῦῐίπαντα</em></strong></span> <span class='ocrx_word' id='word_1_94' title='bbox 270 1378 383 1457; x_wconf 87' lang='grc' dir='ltr'><strong><em>έσχαν,</em></strong></span> <span class='ocrx_word' id='word_1_95' title='bbox 415 1379 532 1459; x_wconf 86' lang='grc' dir='ltr'><strong><em>ὥσπερ</em></strong></span> <span class='ocrx_word' id='word_1_96' title='bbox 563 1379 726 1440; x_wconf 80' lang='grc' dir='ltr'><strong><em>ἀποικίαν</em></strong></span> <span class='ocrx_word' id='word_1_97' title='bbox 748 1379 824 1440; x_wconf 89' lang='grc' dir='ltr'><strong><em>τινά</em></strong></span> <span class='ocrx_word' id='word_1_98' title='bbox 855 1379 965 1440; x_wconf 81' lang='grc' dir='ltr'><strong><em>αὐτῶν</em></strong></span> <span class='ocrx_word' id='word_1_99' title='bbox 987 1379 1023 1440; x_wconf 85' lang='grc' dir='ltr'><strong><em>έν</em></strong></span> <span class='ocrx_word' id='word_1_100' title='bbox 1045 1385 1087 1462; x_wconf 77' lang='grc' dir='ltr'><strong><em>τῇ</em></strong></span> <span class='ocrx_word' id='word_1_101' title='bbox 1109 1385 1150 1462; x_wconf 74' lang='grc' dir='ltr'><strong><em>γῇ</em></strong></span> <span class='ocrx_word' id='word_1_102' title='bbox 1173 1379 1277 1463; x_wconf 77' lang='grc' dir='ltr'><strong><em>ἐρήμη</em></strong></span> <span class='ocrx_word' id='word_1_103' title='bbox 1301 1379 1384 1462; x_wconf 83' lang='grc' dir='ltr'><strong><em>οδση</em></strong></span> 
     </span>
     <span class='ocr_line' id='line_1_11' title="bbox 77 1472 1386 1565; baseline 0.005 -27"><span class='ocrx_word' id='word_1_104' title='bbox 77 1487 108 1540; x_wconf 81' lang='grc' dir='ltr'><strong><em>1ο</em></strong></span> <span class='ocrx_word' id='word_1_105' title='bbox 127 1482 319 1544; x_wconf 80' lang='grc' dir='ltr'><strong><em>κατοικίσαι</em></strong></span> <span class='ocrx_word' id='word_1_106' title='bbox 344 1483 424 1556; x_wconf 82' lang='grc' dir='ltr'><strong><em>τούς</em></strong></span> <span class='ocrx_word' id='word_1_107' title='bbox 446 1482 655 1564; x_wconf 83' lang='grc' dir='ltr'><strong><em>ἀνθρώπους</em></strong></span> <span class='ocrx_word' id='word_1_108' title='bbox 676 1472 737 1565; x_wconf 73' lang='grc' dir='ltr'><strong><em>ἐφ’</em></strong></span> <span class='ocrx_word' id='word_1_109' title='bbox 761 1483 883 1564; x_wconf 74' lang='grc' dir='ltr'><strong><em>ἥττοσι</em></strong></span> <span class='ocrx_word' id='word_1_110' title='bbox 898 1485 1017 1560; x_wconf 84' lang='grc' dir='ltr'><strong><em>τιμαῖς</em></strong></span> <span class='ocrx_word' id='word_1_111' title='bbox 1037 1481 1094 1542; x_wconf 84' lang='grc' dir='ltr'><strong><em>καί</em></strong></span> <span class='ocrx_word' id='word_1_112' title='bbox 1116 1477 1215 1562; x_wconf 79' lang='grc' dir='ltr'><strong><em>ὄλβῳ,</em></strong></span> <span class='ocrx_word' id='word_1_113' title='bbox 1239 1479 1386 1556; x_wconf 88' lang='grc' dir='ltr'><strong><em>δικαίοις</em></strong></span> 
     </span>
     <span class='ocr_line' id='line_1_12' title="bbox 128 1578 1384 1666; baseline 0.001 -22"><span class='ocrx_word' id='word_1_114' title='bbox 128 1578 163 1644; x_wconf 82' lang='grc' dir='ltr'><strong><em>δὲ</em></strong></span> <span class='ocrx_word' id='word_1_115' title='bbox 186 1584 243 1646; x_wconf 90' lang='grc' dir='ltr'><strong><em>καί</em></strong></span> <span class='ocrx_word' id='word_1_116' title='bbox 268 1586 386 1664; x_wconf 90' lang='grc' dir='ltr'><strong><em>νόμοις</em></strong></span> <span class='ocrx_word' id='word_1_117' title='bbox 408 1587 482 1659; x_wconf 85' lang='grc' dir='ltr'><strong><em>τοῖς</em></strong></span> <span class='ocrx_word' id='word_1_118' title='bbox 511 1583 644 1657; x_wconf 84' lang='grc' dir='ltr'><strong><em>αὐτοῖς·</em></strong></span> <span class='ocrx_word' id='word_1_119' title='bbox 668 1583 784 1666; x_wconf 85' lang='grc' dir='ltr'><strong><em>ὥσπερ</em></strong></span> <span class='ocrx_word' id='word_1_120' title='bbox 816 1583 853 1644; x_wconf 80' lang='lat' dir='ltr'><strong><em>al</em></strong></span> <span class='ocrx_word' id='word_1_121' title='bbox 880 1579 1025 1664; x_wconf 89' lang='grc' dir='ltr'><strong><em>μεγάλαι</em></strong></span> <span class='ocrx_word' id='word_1_122' title='bbox 1054 1579 1174 1656; x_wconf 85' lang='grc' dir='ltr'><strong><em>πόλεις</em></strong></span> <span class='ocrx_word' id='word_1_123' title='bbox 1195 1585 1252 1644; x_wconf 90' lang='grc' dir='ltr'><strong><em>καί</em></strong></span> <span class='ocrx_word' id='word_1_124' title='bbox 1274 1579 1384 1645; x_wconf 81' lang='grc' dir='ltr'><strong><em>εὐδαί-</em></strong></span> 
     </span>
     <span class='ocr_line' id='line_1_13' title="bbox 126 1679 1385 1770; baseline 0.001 -23"><span class='ocrx_word' id='word_1_125' title='bbox 126 1704 228 1764; x_wconf 91' lang='grc' dir='ltr'><strong><em>μονες</em></strong></span> <span class='ocrx_word' id='word_1_126' title='bbox 241 1686 303 1761; x_wconf 83' lang='grc' dir='ltr'><strong><em>τάς</em></strong></span> <span class='ocrx_word' id='word_1_127' title='bbox 316 1685 441 1768; x_wconf 83' lang='grc' dir='ltr'><strong><em>μικρός</em></strong></span> <span class='ocrx_word' id='word_1_128' title='bbox 455 1679 704 1761; x_wconf 86' lang='grc' dir='ltr'><strong><em>κατοικίζουσι·</em></strong></span> <span class='ocrx_word' id='word_1_129' title='bbox 726 1686 785 1747; x_wconf 90' lang='grc' dir='ltr'><strong><em>καί</em></strong></span> <span class='ocrx_word' id='word_1_130' title='bbox 797 1704 858 1765; x_wconf 92' lang='grc' dir='ltr'><strong><em>μοι</em></strong></span> <span class='ocrx_word' id='word_1_131' title='bbox 874 1682 984 1748; x_wconf 78' lang='grc' dir='ltr'><strong><em>ἐδόκει</em></strong></span> <span class='ocrx_word' id='word_1_132' title='bbox 1001 1682 1108 1767; x_wconf 83' lang='grc' dir='ltr'><strong><em>λέγειν</em></strong></span> <span class='ocrx_word' id='word_1_133' title='bbox 1125 1685 1163 1746; x_wconf 85' lang='grc' dir='ltr'><strong><em>οδ</em></strong></span> <span class='ocrx_word' id='word_1_134' title='bbox 1179 1686 1385 1770; x_wconf 88' lang='grc' dir='ltr'><strong><em>προστιθείς</em></strong></span> 
     </span>
     <span class='ocr_line' id='line_1_14' title="bbox 13 1777 1384 1873; baseline 0.002 -26"><span class='ocrx_word' id='word_1_135' title='bbox 13 1777 18 1834; x_wconf 72' lang='grc' dir='ltr'><strong><em>ί</em></strong></span> <span class='ocrx_word' id='word_1_136' title='bbox 127 1787 228 1860; x_wconf 79' lang='grc' dir='ltr'><strong><em>αὐτός</em></strong></span> <span class='ocrx_word' id='word_1_137' title='bbox 249 1786 292 1848; x_wconf 81' lang='grc' dir='ltr'><strong><em>τὰ</em></strong></span> <span class='ocrx_word' id='word_1_138' title='bbox 315 1789 476 1868; x_wconf 85' lang='grc' dir='ltr'><strong><em>ὀνόματα,</em></strong></span> <span class='ocrx_word' id='word_1_139' title='bbox 500 1787 573 1849; x_wconf 85' lang='grc' dir='ltr'><strong><em>οίον</em></strong></span> <span class='ocrx_word' id='word_1_140' title='bbox 586 1778 769 1873; x_wconf 81' lang='grc' dir='ltr'><strong><em>Ἀθηναῖοι</em></strong></span> <span class='ocrx_word' id='word_1_141' title='bbox 788 1787 966 1862; x_wconf 84' lang='grc' dir='ltr'><strong><em>Κυθνίους</em></strong></span> <span class='ocrx_word' id='word_1_142' title='bbox 987 1788 1207 1873; x_wconf 77' lang='grc' dir='ltr'><strong><em>ἢΣεριφίοος</em></strong></span> <span class='ocrx_word' id='word_1_143' title='bbox 1227 1789 1248 1873; x_wconf 79' lang='grc' dir='ltr'><em>ἢ</em></span> <span class='ocrx_word' id='word_1_144' title='bbox 1272 1790 1384 1850; x_wconf 88' lang='grc' dir='ltr'><strong><em>Λακε-</em></strong></span> 
     </span>
     <span class='ocr_line' id='line_1_15' title="bbox 126 1881 1387 1974; baseline 0.003 -24"><span class='ocrx_word' id='word_1_145' title='bbox 126 1885 300 1968; x_wconf 90' lang='grc' dir='ltr'><strong><em>δαιμόνιοι</em></strong></span> <span class='ocrx_word' id='word_1_146' title='bbox 311 1891 509 1974; x_wconf 84' lang='grc' dir='ltr'><strong><em>Κυθηρίους</em></strong></span> <span class='ocrx_word' id='word_1_147' title='bbox 524 1892 562 1952; x_wconf 89' lang='grc' dir='ltr'><strong><em>τό</em></strong></span> <span class='ocrx_word' id='word_1_148' title='bbox 580 1885 729 1952; x_wconf 89' lang='grc' dir='ltr'><strong><em>παλαιόν</em></strong></span> <span class='ocrx_word' id='word_1_149' title='bbox 745 1891 804 1951; x_wconf 89' lang='grc' dir='ltr'><strong><em>έπί</em></strong></span> <span class='ocrx_word' id='word_1_150' title='bbox 819 1892 937 1969; x_wconf 86' lang='grc' dir='ltr'><strong><em>νόμοις</em></strong></span> <span class='ocrx_word' id='word_1_151' title='bbox 951 1893 1025 1964; x_wconf 90' lang='grc' dir='ltr'><strong><em>τοῖς</em></strong></span> <span class='ocrx_word' id='word_1_152' title='bbox 1041 1890 1157 1964; x_wconf 79' lang='grc' dir='ltr'><strong><em>αὐτοῖς</em></strong></span> <span class='ocrx_word' id='word_1_153' title='bbox 1170 1881 1313 1971; x_wconf 77' lang='grc' dir='ltr'><strong><em>ᾤκισαν·</em></strong></span> <span class='ocrx_word' id='word_1_154' title='bbox 1329 1894 1387 1955; x_wconf 82' lang='grc' dir='ltr'><strong><em>καί</em></strong></span> 
     </span>
     <span class='ocr_line' id='line_1_16' title="bbox 80 1983 1386 2078; baseline 0.004 -28"><span class='ocrx_word' id='word_1_155' title='bbox 80 1998 109 2050; x_wconf 79' lang='grc'><strong><em>15</em></strong></span> <span class='ocrx_word' id='word_1_156' title='bbox 130 1992 308 2076; x_wconf 77' lang='grc' dir='ltr'><strong><em>μιμήματά</em></strong></span> <span class='ocrx_word' id='word_1_157' title='bbox 333 2011 368 2072; x_wconf 92' lang='grc' dir='ltr'><strong><em>γε</em></strong></span> <span class='ocrx_word' id='word_1_158' title='bbox 393 1983 479 2072; x_wconf 85' lang='grc' dir='ltr'><strong><em>παρ’</em></strong></span> <span class='ocrx_word' id='word_1_159' title='bbox 504 1993 661 2066; x_wconf 76' lang='grc' dir='ltr'><strong><em>ἑκάστοις</em></strong></span> <span class='ocrx_word' id='word_1_160' title='bbox 682 1994 817 2066; x_wconf 85' lang='grc' dir='ltr'><strong><em>τούτοις</em></strong></span> <span class='ocrx_word' id='word_1_161' title='bbox 840 1988 925 2054; x_wconf 88' lang='grc' dir='ltr'><strong><em>ίδεῑν</em></strong></span> <span class='ocrx_word' id='word_1_162' title='bbox 947 1992 1022 2053; x_wconf 85' lang='grc' dir='ltr'><strong><em>έστι</em></strong></span> <span class='ocrx_word' id='word_1_163' title='bbox 1043 1997 1111 2053; x_wconf 83' lang='grc' dir='ltr'><strong><em>τῶν</em></strong></span> <span class='ocrx_word' id='word_1_164' title='bbox 1134 1991 1228 2053; x_wconf 78' lang='grc' dir='ltr'><strong><em>ἐθῶν</em></strong></span> <span class='ocrx_word' id='word_1_165' title='bbox 1249 1994 1386 2078; x_wconf 76' lang='grc' dir='ltr'><strong><em>καὶτῆς</em></strong></span> 
     </span>
     <span class='ocr_line' id='line_1_17' title="bbox 127 2088 1385 2178; baseline 0.002 -26"><span class='ocrx_word' id='word_1_166' title='bbox 127 2088 314 2167; x_wconf 84' lang='grc' dir='ltr'><strong><em>πολιτείας,</em></strong></span> <span class='ocrx_word' id='word_1_167' title='bbox 326 2093 365 2176; x_wconf 83' lang='grc' dir='ltr'><strong><em>ἣν</em></strong></span> <span class='ocrx_word' id='word_1_168' title='bbox 379 2094 413 2154; x_wconf 87' lang='grc' dir='ltr'><strong><em>οὶ</em></strong></span> <span class='ocrx_word' id='word_1_169' title='bbox 422 2094 597 2168; x_wconf 85' lang='grc' dir='ltr'><strong><em>κτίσαντες</em></strong></span> <span class='ocrx_word' id='word_1_170' title='bbox 608 2090 751 2172; x_wconf 80' lang='grc' dir='ltr'><strong><em>ἔχουσιν,</em></strong></span> <span class='ocrx_word' id='word_1_171' title='bbox 764 2093 894 2177; x_wconf 85' lang='grc' dir='ltr'><strong><em>ἀσθενῆ</em></strong></span> <span class='ocrx_word' id='word_1_172' title='bbox 912 2090 947 2154; x_wconf 82' lang='grc' dir='ltr'><strong><em>δὲ</em></strong></span> <span class='ocrx_word' id='word_1_173' title='bbox 961 2095 1073 2155; x_wconf 88' lang='grc' dir='ltr'><strong><em>πάντα</em></strong></span> <span class='ocrx_word' id='word_1_174' title='bbox 1088 2093 1145 2155; x_wconf 85' lang='grc' dir='ltr'><strong><em>καί</em></strong></span> <span class='ocrx_word' id='word_1_175' title='bbox 1156 2092 1302 2176; x_wconf 87' lang='grc' dir='ltr'><strong><em>χείρονα.</em></strong></span> <span class='ocrx_word' id='word_1_176' title='bbox 1326 2095 1385 2178; x_wconf 71' lang='grc' dir='ltr'><strong><em>τήν</em></strong></span> 
     </span>
     <span class='ocr_line' id='line_1_18' title="bbox 125 2190 1435 2281; baseline 0.002 -26"><span class='ocrx_word' id='word_1_177' title='bbox 125 2197 244 2271; x_wconf 83' lang='grc' dir='ltr'><strong><em>μέντοι</em></strong></span> <span class='ocrx_word' id='word_1_178' title='bbox 259 2190 493 2280; x_wconf 78' lang='grc' dir='ltr'><strong><em>διαφορότητα</em></strong></span> <span class='ocrx_word' id='word_1_179' title='bbox 518 2197 576 2258; x_wconf 82' lang='grc' dir='ltr'><strong><em>οὐκ</em></strong></span> <span class='ocrx_word' id='word_1_180' title='bbox 599 2194 676 2280; x_wconf 83' lang='grc' dir='ltr'><strong><em>ἴσην</em></strong></span> <span class='ocrx_word' id='word_1_181' title='bbox 700 2194 797 2258; x_wconf 80' lang='grc' dir='ltr'><strong><em>εἶναι.</em></strong></span> <span class='ocrx_word' id='word_1_182' title='bbox 836 2197 915 2270; x_wconf 84' lang='grc' dir='ltr'><strong><em>τοδς</em></strong></span> <span class='ocrx_word' id='word_1_183' title='bbox 936 2197 997 2274; x_wconf 79' lang='grc' dir='ltr'><strong><em>μὲν</em></strong></span> <span class='ocrx_word' id='word_1_184' title='bbox 1012 2196 1075 2278; x_wconf 89' lang='grc' dir='ltr'><strong><em>γάρ</em></strong></span> <span class='ocrx_word' id='word_1_185' title='bbox 1099 2197 1157 2257; x_wconf 83' lang='grc' dir='ltr'><strong><em>ἅτε</em></strong></span> <span class='ocrx_word' id='word_1_186' title='bbox 1173 2195 1382 2281; x_wconf 84' lang='grc' dir='ltr'><strong><em>ἀνθρώπους</em></strong></span> <span class='ocrx_word' id='word_1_187' title='bbox 1394 2201 1435 2266; x_wconf 83' lang='grc'><strong><em>27</em></strong></span> 
     </span>
     <span class='ocr_line' id='line_1_19' title="bbox 126 2294 1384 2384; baseline 0.002 -26"><span class='ocrx_word' id='word_1_188' title='bbox 126 2296 323 2380; x_wconf 84' lang='grc' dir='ltr'><strong><em>ἀνθρώπων</em></strong></span> <span class='ocrx_word' id='word_1_189' title='bbox 339 2294 526 2384; x_wconf 90' lang='grc' dir='ltr'><strong><em>διαφέρειν,</em></strong></span> <span class='ocrx_word' id='word_1_190' title='bbox 550 2300 609 2384; x_wconf 79' lang='grc' dir='ltr'><strong><em>την</em></strong></span> <span class='ocrx_word' id='word_1_191' title='bbox 633 2295 668 2360; x_wconf 84' lang='grc' dir='ltr'><strong><em>δὲ</em></strong></span> <span class='ocrx_word' id='word_1_192' title='bbox 691 2305 759 2361; x_wconf 85' lang='grc' dir='ltr'><strong><em>τῶν</em></strong></span> <span class='ocrx_word' id='word_1_193' title='bbox 774 2298 869 2360; x_wconf 84' lang='grc' dir='ltr'><strong><em>θεῶν</em></strong></span> <span class='ocrx_word' id='word_1_194' title='bbox 884 2299 1052 2383; x_wconf 68' lang='grc' dir='ltr'><strong><em>ὑπεροχὴν</em></strong></span> <span class='ocrx_word' id='word_1_195' title='bbox 1068 2299 1156 2384; x_wconf 89' lang='grc' dir='ltr'><strong><em>πρός</em></strong></span> <span class='ocrx_word' id='word_1_196' title='bbox 1176 2301 1263 2382; x_wconf 77' lang='grc' dir='ltr'><strong><em>ημᾶς</em></strong></span> <span class='ocrx_word' id='word_1_197' title='bbox 1285 2298 1384 2360; x_wconf 87' lang='grc' dir='ltr'><strong><em>όπει-</em></strong></span> 
     </span>
     <span class='ocr_line' id='line_1_20' title="bbox 125 2397 1383 2484; baseline 0.001 -24"><span class='ocrx_word' id='word_1_198' title='bbox 125 2400 185 2481; x_wconf 92' lang='grc' dir='ltr'><strong><em>ρόν</em></strong></span> <span class='ocrx_word' id='word_1_199' title='bbox 214 2419 289 2462; x_wconf 89' lang='grc' dir='ltr'><strong><em>τινα</em></strong></span> <span class='ocrx_word' id='word_1_200' title='bbox 319 2397 417 2463; x_wconf 85' lang='grc' dir='ltr'><strong><em>εἶναι.</em></strong></span> <span class='ocrx_word' id='word_1_201' title='bbox 461 2405 560 2484; x_wconf 84' lang='grc' dir='ltr'><strong><em>μέχρι</em></strong></span> <span class='ocrx_word' id='word_1_202' title='bbox 587 2402 649 2479; x_wconf 82' lang='grc' dir='ltr'><strong><em>μὲν</em></strong></span> <span class='ocrx_word' id='word_1_203' title='bbox 679 2400 738 2463; x_wconf 84' lang='grc' dir='ltr'><strong><em>οδν</em></strong></span> <span class='ocrx_word' id='word_1_204' title='bbox 767 2401 861 2478; x_wconf 85' lang='grc' dir='ltr'><strong><em>έτοχε</em></strong></span> <span class='ocrx_word' id='word_1_205' title='bbox 890 2401 1159 2474; x_wconf 83' lang='grc' dir='ltr'><strong><em>νεοκατάστατος</em></strong></span> <span class='ocrx_word' id='word_1_206' title='bbox 1189 2399 1235 2461; x_wconf 84' lang='grc' dir='ltr'><strong><em>ὠν</em></strong></span> <span class='ocrx_word' id='word_1_207' title='bbox 1258 2399 1277 2458; x_wconf 92' lang='grc' dir='ltr'><strong><em>δ</em></strong></span> <span class='ocrx_word' id='word_1_208' title='bbox 1297 2399 1383 2480; x_wconf 83' lang='grc' dir='ltr'><strong><em>βίος,</em></strong></span> 
     </span>
     <span class='ocr_line' id='line_1_21' title="bbox 78 2501 1385 2587; baseline 0.002 -26"><span class='ocrx_word' id='word_1_209' title='bbox 78 2509 108 2560; x_wconf 79' lang='grc'><strong><em>2)</em></strong></span> <span class='ocrx_word' id='word_1_210' title='bbox 129 2503 208 2576; x_wconf 78' lang='grc' dir='ltr'><strong><em>τους</em></strong></span> <span class='ocrx_word' id='word_1_211' title='bbox 223 2503 328 2578; x_wconf 78' lang='grc' dir='ltr'><strong><em>θεοὺς</em></strong></span> <span class='ocrx_word' id='word_1_212' title='bbox 351 2503 473 2578; x_wconf 81' lang='grc' dir='ltr'><strong><em>αὐτούς</em></strong></span> <span class='ocrx_word' id='word_1_213' title='bbox 488 2523 524 2566; x_wconf 92' lang='grc' dir='ltr'><strong><em>τε</em></strong></span> <span class='ocrx_word' id='word_1_214' title='bbox 541 2502 817 2587; x_wconf 75' lang='grc' dir='ltr'><strong><em>παραγίγνεσθαι</em></strong></span> <span class='ocrx_word' id='word_1_215' title='bbox 832 2503 890 2564; x_wconf 86' lang='grc' dir='ltr'><strong><em>καί</em></strong></span> <span class='ocrx_word' id='word_1_216' title='bbox 905 2506 1056 2582; x_wconf 85' lang='grc' dir='ltr'><strong><em>πέμπειν</em></strong></span> <span class='ocrx_word' id='word_1_217' title='bbox 1072 2502 1188 2585; x_wconf 83' lang='grc' dir='ltr'><strong><em>ὥσπερ</em></strong></span> <span class='ocrx_word' id='word_1_218' title='bbox 1211 2501 1385 2585; x_wconf 81' lang='grc' dir='ltr'><strong><em>ἁρμοστὰς</em></strong></span> 
     </span>
     <span class='ocr_line' id='line_1_22' title="bbox 127 2595 1384 2690; baseline 0 -24"><span class='ocrx_word' id='word_1_219' title='bbox 127 2596 211 2689; x_wconf 83' lang='grc' dir='ltr'><strong><em>παρ’</em></strong></span> <span class='ocrx_word' id='word_1_220' title='bbox 245 2607 356 2668; x_wconf 81' lang='grc' dir='ltr'><strong><em>αὐτῶν</em></strong></span> <span class='ocrx_word' id='word_1_221' title='bbox 387 2599 574 2690; x_wconf 78' lang='grc' dir='ltr'><strong><em>[ἄρχοντας]</em></strong></span> <span class='ocrx_word' id='word_1_222' title='bbox 601 2606 681 2680; x_wconf 86' lang='grc' dir='ltr'><strong><em>ταδς</em></strong></span> <span class='ocrx_word' id='word_1_223' title='bbox 708 2600 1034 2690; x_wconf 74' lang='grc' dir='ltr'><strong><em>ἐπιμελησομένους,</em></strong></span> <span class='ocrx_word' id='word_1_224' title='bbox 1065 2603 1138 2666; x_wconf 77' lang='grc' dir='ltr'><strong><em>οἷον</em></strong></span> <span class='ocrx_word' id='word_1_225' title='bbox 1162 2595 1325 2688; x_wconf 84' lang='grc' dir='ltr'><strong><em>Ἡρακλέα</em></strong></span> <span class='ocrx_word' id='word_1_226' title='bbox 1347 2624 1384 2666; x_wconf 90' lang='grc' dir='ltr'><strong><em>τε</em></strong></span> 
     </span>
     <span class='ocr_line' id='line_1_23' title="bbox 10 2703 1383 2791; baseline -0.001 -22"><span class='ocrx_word' id='word_1_227' title='bbox 10 2717 44 2780; x_wconf 68' lang='grc' dir='ltr'><strong><em>ίῡῖ</em></strong></span> <span class='ocrx_word' id='word_1_228' title='bbox 54 2709 182 2771; x_wconf 64' lang='lat' dir='ltr'><strong><em>annal</em></strong></span> <span class='ocrx_word' id='word_1_229' title='bbox 195 2709 366 2770; x_wconf 90' lang='grc' dir='ltr'><strong><em>Διόνυσον</em></strong></span> <span class='ocrx_word' id='word_1_230' title='bbox 380 2709 437 2772; x_wconf 87' lang='grc' dir='ltr'><strong><em>καί</em></strong></span> <span class='ocrx_word' id='word_1_231' title='bbox 452 2709 588 2791; x_wconf 83' lang='grc' dir='ltr'><strong><em>Περσέα</em></strong></span> <span class='ocrx_word' id='word_1_232' title='bbox 610 2709 667 2771; x_wconf 85' lang='grc' dir='ltr'><strong><em>καί</em></strong></span> <span class='ocrx_word' id='word_1_233' title='bbox 681 2710 760 2782; x_wconf 87' lang='grc' dir='ltr'><strong><em>τοδς</em></strong></span> <span class='ocrx_word' id='word_1_234' title='bbox 775 2703 908 2784; x_wconf 77' lang='grc' dir='ltr'><strong><em>ἄλλους,</em></strong></span> <span class='ocrx_word' id='word_1_235' title='bbox 933 2709 990 2783; x_wconf 87' lang='grc' dir='ltr'><strong><em>αδς</em></strong></span> <span class='ocrx_word' id='word_1_236' title='bbox 1005 2709 1171 2786; x_wconf 84' lang='grc' dir='ltr'><strong><em>άκοόσμεν</em></strong></span> <span class='ocrx_word' id='word_1_237' title='bbox 1186 2707 1279 2768; x_wconf 81' lang='grc' dir='ltr'><strong><em>θεῶν</em></strong></span> <span class='ocrx_word' id='word_1_238' title='bbox 1302 2710 1383 2768; x_wconf 91' lang='grc' dir='ltr'><strong><em>παῖ·</em></strong></span> 
     </span>
     <span class='ocr_line' id='line_1_24' title="bbox 10 2801 1383 2894; baseline -0.001 -22"><span class='ocrx_word' id='word_1_239' title='bbox 10 2801 11 2839; x_wconf 68' lang='lat'>³</span> <span class='ocrx_word' id='word_1_240' title='bbox 126 2807 196 2888; x_wconf 91' lang='grc' dir='ltr'><strong><em>δας,</em></strong></span> <span class='ocrx_word' id='word_1_241' title='bbox 219 2812 299 2886; x_wconf 81' lang='grc' dir='ltr'><strong><em>τούς</em></strong></span> <span class='ocrx_word' id='word_1_242' title='bbox 322 2807 358 2874; x_wconf 81' lang='grc' dir='ltr'><strong><em>δὲ</em></strong></span> <span class='ocrx_word' id='word_1_243' title='bbox 382 2812 546 2891; x_wconf 77' lang='grc' dir='ltr'><strong><em>ἐκγόνους,</em></strong></span> <span class='ocrx_word' id='word_1_244' title='bbox 562 2811 727 2891; x_wconf 87' lang='grc' dir='ltr'><strong><em>γενέσθαι</em></strong></span> <span class='ocrx_word' id='word_1_245' title='bbox 749 2801 834 2894; x_wconf 76' lang='grc' dir='ltr'><strong><em>παρ’</em></strong></span> <span class='ocrx_word' id='word_1_246' title='bbox 859 2814 954 2892; x_wconf 71' lang='grc' dir='ltr'><strong><em>ἡμῖν·</em></strong></span> <span class='ocrx_word' id='word_1_247' title='bbox 978 2811 1098 2872; x_wconf 71' lang='grc' dir='ltr'><strong><em>ἔπειτα</em></strong></span> <span class='ocrx_word' id='word_1_248' title='bbox 1121 2811 1262 2892; x_wconf 80' lang='grc' dir='ltr'><strong><em>ὕστερον</em></strong></span> <span class='ocrx_word' id='word_1_249' title='bbox 1284 2810 1383 2870; x_wconf 83' lang='grc' dir='ltr'><strong><em>έᾶσαι</em></strong></span> 
     </span>
     <span class='ocr_line' id='line_1_25' title="bbox 126 2903 1382 2997; baseline -0.001 -24"><span class='ocrx_word' id='word_1_250' title='bbox 126 2903 174 2973; x_wconf 78' lang='grc' dir='ltr'><strong><em>δι’</em></strong></span> <span class='ocrx_word' id='word_1_251' title='bbox 193 2915 303 2975; x_wconf 81' lang='grc' dir='ltr'><strong><em>αὐτῶν</em></strong></span> <span class='ocrx_word' id='word_1_252' title='bbox 327 2914 431 2975; x_wconf 87' lang='grc' dir='ltr'><strong><em>οίκεῑν</em></strong></span> <span class='ocrx_word' id='word_1_253' title='bbox 453 2914 549 2987; x_wconf 87' lang='grc' dir='ltr'><strong><em>ὅπως</em></strong></span> <span class='ocrx_word' id='word_1_254' title='bbox 570 2913 612 2975; x_wconf 81' lang='grc' dir='ltr'><strong><em>ἂν</em></strong></span> <span class='ocrx_word' id='word_1_255' title='bbox 629 2909 820 2993; x_wconf 84' lang='grc' dir='ltr'><strong><em>δυνώμεθα.</em></strong></span> <span class='ocrx_word' id='word_1_256' title='bbox 858 2913 915 2974; x_wconf 88' lang='grc' dir='ltr'><strong><em>καί</em></strong></span> <span class='ocrx_word' id='word_1_257' title='bbox 936 2915 1013 2975; x_wconf 91' lang='grc' dir='ltr'><strong><em>τότε</em></strong></span> <span class='ocrx_word' id='word_1_258' title='bbox 1037 2909 1075 2997; x_wconf 77' lang='grc' dir='ltr'><strong><em>δή</em></strong></span> <span class='ocrx_word' id='word_1_259' title='bbox 1100 2912 1142 2973; x_wconf 84' lang='grc' dir='ltr'><strong><em>τά</em></strong></span> <span class='ocrx_word' id='word_1_260' title='bbox 1157 2912 1382 2995; x_wconf 70' lang='grc' dir='ltr'><strong><em>ἁμαρτήματα</em></strong></span> 
     </span>
    </p>
   </div>
   <div class='ocr_carea' id='block_1_3' title="bbox 76 2996 1434 3510">
    <p class='ocr_par' dir='ltr' id='par_1_3' title="bbox 76 2996 1434 3510">
     <span class='ocr_line' id='line_1_26' title="bbox 76 2996 1434 3100; baseline 0.005 -29"><span class='ocrx_word' id='word_1_261' title='bbox 76 3021 106 3071; x_wconf 74' lang='grc' dir='ltr'><strong><em>2ο</em></strong></span> <span class='ocrx_word' id='word_1_262' title='bbox 126 3016 183 3076; x_wconf 89' lang='grc' dir='ltr'><strong><em>καί</em></strong></span> <span class='ocrx_word' id='word_1_263' title='bbox 203 3015 265 3089; x_wconf 87' lang='grc' dir='ltr'><strong><em>τδς</em></strong></span> <span class='ocrx_word' id='word_1_264' title='bbox 287 3012 422 3089; x_wconf 83' lang='grc' dir='ltr'><strong><em>ἀδικίας</em></strong></span> <span class='ocrx_word' id='word_1_265' title='bbox 437 3011 640 3096; x_wconf 82' lang='grc' dir='ltr'><strong><em>ξυμβαίνειν.</em></strong></span> <span class='ocrx_word' id='word_1_266' title='bbox 749 2996 811 3100; x_wconf 77' lang='grc' dir='ltr'><strong><em>ᾖδε</em></strong></span> <span class='ocrx_word' id='word_1_267' title='bbox 835 3011 870 3076; x_wconf 78' lang='grc' dir='ltr'><strong><em>δέ</em></strong></span> <span class='ocrx_word' id='word_1_268' title='bbox 885 3015 942 3078; x_wconf 88' lang='grc' dir='ltr'><strong><em>καί</em></strong></span> <span class='ocrx_word' id='word_1_269' title='bbox 957 3017 1074 3099; x_wconf 76' lang='grc' dir='ltr'><strong><em>ἑτέραν</em></strong></span> <span class='ocrx_word' id='word_1_270' title='bbox 1096 3005 1196 3099; x_wconf 74' lang='grc' dir='ltr'><strong><em>ᾠδήν,</em></strong></span> <span class='ocrx_word' id='word_1_271' title='bbox 1219 3015 1266 3088; x_wconf 78' lang='grc' dir='ltr'><strong><em>ὡς</em></strong></span> <span class='ocrx_word' id='word_1_272' title='bbox 1287 3014 1382 3092; x_wconf 84' lang='grc' dir='ltr'><strong><em>όμὲν</em></strong></span> <span class='ocrx_word' id='word_1_273' title='bbox 1394 3014 1434 3078; x_wconf 85' lang='grc'><strong><em>28</em></strong></span> 
     </span>
     <span class='ocr_line' id='line_1_27' title="bbox 124 3110 1382 3201; baseline 0.002 -24"><span class='ocrx_word' id='word_1_274' title='bbox 124 3117 251 3195; x_wconf 86' lang='grc' dir='ltr'><strong><em>κόσμος</em></strong></span> <span class='ocrx_word' id='word_1_275' title='bbox 274 3114 366 3192; x_wconf 85' lang='grc' dir='ltr'><strong><em>οἶκός</em></strong></span> <span class='ocrx_word' id='word_1_276' title='bbox 389 3119 464 3179; x_wconf 79' lang='grc' dir='ltr'><strong><em>ἐστι</em></strong></span> <span class='ocrx_word' id='word_1_277' title='bbox 487 3119 576 3179; x_wconf 90' lang='grc' dir='ltr'><strong><em>πάνυ</em></strong></span> <span class='ocrx_word' id='word_1_278' title='bbox 606 3114 708 3192; x_wconf 90' lang='grc' dir='ltr'><strong><em>καλός</em></strong></span> <span class='ocrx_word' id='word_1_279' title='bbox 734 3137 770 3180; x_wconf 86' lang='grc' dir='ltr'><strong><em>τε</em></strong></span> <span class='ocrx_word' id='word_1_280' title='bbox 792 3118 849 3180; x_wconf 91' lang='grc' dir='ltr'><strong><em>καί</em></strong></span> <span class='ocrx_word' id='word_1_281' title='bbox 878 3117 977 3192; x_wconf 87' lang='grc' dir='ltr'><strong><em>θεῖος</em></strong></span> <span class='ocrx_word' id='word_1_282' title='bbox 1000 3118 1069 3178; x_wconf 82' lang='grc' dir='ltr'><strong><em>δπδ</em></strong></span> <span class='ocrx_word' id='word_1_283' title='bbox 1093 3117 1186 3179; x_wconf 83' lang='grc' dir='ltr'><strong><em>θεῶν</em></strong></span> <span class='ocrx_word' id='word_1_284' title='bbox 1209 3110 1267 3201; x_wconf 83' lang='grc' dir='ltr'><strong><em>[τε]</em></strong></span> <span class='ocrx_word' id='word_1_285' title='bbox 1287 3137 1382 3180; x_wconf 88' lang='grc' dir='ltr'><strong><em>κατε-</em></strong></span> 
     </span>
     <span class='ocr_line' id='line_1_28' title="bbox 127 3216 1383 3302; baseline 0.003 -24"><span class='ocrx_word' id='word_1_286' title='bbox 127 3223 367 3298; x_wconf 84' lang='grc' dir='ltr'><strong><em>σκευασμένος·</em></strong></span> <span class='ocrx_word' id='word_1_287' title='bbox 399 3219 515 3302; x_wconf 87' lang='grc' dir='ltr'><strong><em>ὥσπερ</em></strong></span> <span class='ocrx_word' id='word_1_288' title='bbox 538 3220 606 3280; x_wconf 80' lang='grc' dir='ltr'><strong><em>ὑπὸ</em></strong></span> <span class='ocrx_word' id='word_1_289' title='bbox 629 3226 696 3282; x_wconf 83' lang='grc' dir='ltr'><strong><em>τῶν</em></strong></span> <span class='ocrx_word' id='word_1_290' title='bbox 711 3216 920 3298; x_wconf 76' lang='grc' dir='ltr'><strong><em>εὐδαιμόνων</em></strong></span> <span class='ocrx_word' id='word_1_291' title='bbox 943 3239 979 3282; x_wconf 93' lang='grc' dir='ltr'><strong><em>τε</em></strong></span> <span class='ocrx_word' id='word_1_292' title='bbox 993 3222 1051 3283; x_wconf 88' lang='grc' dir='ltr'><strong><em>καί</em></strong></span> <span class='ocrx_word' id='word_1_293' title='bbox 1066 3216 1241 3282; x_wconf 89' lang='grc' dir='ltr'><strong><em>πλουσίων</em></strong></span> <span class='ocrx_word' id='word_1_294' title='bbox 1262 3216 1383 3282; x_wconf 87' lang='grc' dir='ltr'><strong><em>καλου-</em></strong></span> 
     </span>
     <span class='ocr_line' id='line_1_29' title="bbox 125 3316 1385 3405; baseline 0.002 -24"><span class='ocrx_word' id='word_1_295' title='bbox 125 3324 235 3398; x_wconf 83' lang='grc' dir='ltr'><strong><em>μένων</em></strong></span> <span class='ocrx_word' id='word_1_296' title='bbox 264 3316 396 3403; x_wconf 84' lang='grc' dir='ltr'><strong><em>όνδρῶν</em></strong></span> <span class='ocrx_word' id='word_1_297' title='bbox 425 3321 583 3396; x_wconf 80' lang='grc' dir='ltr'><strong><em>οὕστινας</em></strong></span> <span class='ocrx_word' id='word_1_298' title='bbox 613 3322 742 3405; x_wconf 83' lang='grc' dir='ltr'><strong><em>δρῶμεν</em></strong></span> <span class='ocrx_word' id='word_1_299' title='bbox 768 3326 1095 3402; x_wconf 87' lang='grc' dir='ltr'><strong><em>κατεσκευασμένους</em></strong></span> <span class='ocrx_word' id='word_1_300' title='bbox 1125 3323 1297 3401; x_wconf 88' lang='grc' dir='ltr'><strong><em>σταθμοῖς</em></strong></span> <span class='ocrx_word' id='word_1_301' title='bbox 1328 3322 1385 3385; x_wconf 91' lang='grc' dir='ltr'><strong><em>καί</em></strong></span> 
     </span>
     <span class='ocr_line' id='line_1_30' title="bbox 123 3420 1381 3510; baseline 0.001 -25"><span class='ocrx_word' id='word_1_302' title='bbox 123 3422 226 3500; x_wconf 92' lang='grc' dir='ltr'><strong><em>κίοσι,</em></strong></span> <span class='ocrx_word' id='word_1_303' title='bbox 248 3423 305 3485; x_wconf 91' lang='grc' dir='ltr'><strong><em>καί</em></strong></span> <span class='ocrx_word' id='word_1_304' title='bbox 316 3420 430 3508; x_wconf 78' lang='grc' dir='ltr'><strong><em>χρυσῷ</em></strong></span> <span class='ocrx_word' id='word_1_305' title='bbox 446 3424 503 3486; x_wconf 86' lang='grc' dir='ltr'><strong><em>καί</em></strong></span> <span class='ocrx_word' id='word_1_306' title='bbox 517 3428 666 3508; x_wconf 80' lang='grc' dir='ltr'><strong><em>γραφαῖς</em></strong></span> <span class='ocrx_word' id='word_1_307' title='bbox 686 3425 746 3508; x_wconf 79' lang='grc' dir='ltr'><strong><em>τήν</em></strong></span> <span class='ocrx_word' id='word_1_308' title='bbox 769 3444 805 3486; x_wconf 91' lang='grc' dir='ltr'><strong><em>τε</em></strong></span> <span class='ocrx_word' id='word_1_309' title='bbox 822 3425 952 3508; x_wconf 82' lang='grc' dir='ltr'><strong><em>δροφήν</em></strong></span> <span class='ocrx_word' id='word_1_310' title='bbox 973 3425 1030 3486; x_wconf 86' lang='grc' dir='ltr'><strong><em>καί</em></strong></span> <span class='ocrx_word' id='word_1_311' title='bbox 1043 3425 1178 3502; x_wconf 87' lang='grc' dir='ltr'><strong><em>τοίχους</em></strong></span> <span class='ocrx_word' id='word_1_312' title='bbox 1199 3425 1256 3487; x_wconf 86' lang='grc' dir='ltr'><strong><em>καί</em></strong></span> <span class='ocrx_word' id='word_1_313' title='bbox 1269 3424 1381 3510; x_wconf 88' lang='grc' dir='ltr'><strong><em>θόρας</em></strong></span> 
     </span>
    </p>
   </div>
   <div class='ocr_carea' id='block_1_4' title="bbox 122 3615 1442 4628">
    <p class='ocr_par' dir='ltr' id='par_1_4' title="bbox 122 3615 1442 4628">
     <span class='ocr_line' id='line_1_31' title="bbox 209 3615 1383 3690; baseline 0.007 -15"><span class='ocrx_word' id='word_1_314' title='bbox 209 3617 275 3690; x_wconf 75' lang='grc' dir='ltr'><strong><em>ίόὴ</em></strong></span> <span class='ocrx_word' id='word_1_315' title='bbox 293 3635 342 3689; x_wconf 84' lang='lat' dir='ltr'><strong><em>pro</em></strong></span> <span class='ocrx_word' id='word_1_316' title='bbox 360 3621 444 3679; x_wconf 82' lang='grc' dir='ltr'><strong><em>όεῐΜ</em></strong></span> <span class='ocrx_word' id='word_1_317' title='bbox 513 3621 543 3679; x_wconf 73' lang='grc' dir='ltr'><strong><em>οὲ</em></strong></span> <span class='ocrx_word' id='word_1_318' title='bbox 559 3619 649 3677; x_wconf 83' lang='grc' dir='ltr'><strong><em>οω.Β</em></strong></span> <span class='ocrx_word' id='word_1_319' title='bbox 718 3625 784 3677; x_wconf 70' lang='lat' dir='ltr'><strong><em>fite</em></strong></span> <span class='ocrx_word' id='word_1_320' title='bbox 801 3615 860 3677; x_wconf 82' lang='grc' dir='ltr'><strong><em>ιίεν</em></strong></span> <span class='ocrx_word' id='word_1_321' title='bbox 876 3619 982 3690; x_wconf 75' lang='lat' dir='ltr'><strong><em>scripsi,</em></strong></span> <span class='ocrx_word' id='word_1_322' title='bbox 1000 3617 1036 3678; x_wconf 83' lang='grc' dir='ltr'><strong><em>τό</em></strong></span> <span class='ocrx_word' id='word_1_323' title='bbox 1051 3619 1179 3678; x_wconf 81' lang='grc' dir='ltr'><strong><em>εἰσιίίίντί</em></strong></span> <span class='ocrx_word' id='word_1_324' title='bbox 1245 3619 1383 3689; x_wconf 76' lang='grc' dir='ltr'><strong><em>ῖίόντας</em></strong></span> 
     </span>
     <span class='ocr_line' id='line_1_32' title="bbox 123 3699 1333 3778; baseline 0.005 -19"><span class='ocrx_word' id='word_1_325' title='bbox 123 3703 195 3773; x_wconf 77' lang='lat' dir='ltr'>libri,</span> <span class='ocrx_word' id='word_1_326' title='bbox 213 3719 284 3762; x_wconf 83' lang='grc' dir='ltr'><strong><em>εοπ.</em></strong></span> <span class='ocrx_word' id='word_1_327' title='bbox 302 3705 430 3762; x_wconf 70' lang='lat' dir='ltr'><strong><em>Raiskius</em></strong></span> <span class='ocrx_word' id='word_1_328' title='bbox 480 3702 611 3764; x_wconf 75' lang='grc' dir='ltr'><strong><em>υαῦταῖν</em></strong></span> <span class='ocrx_word' id='word_1_329' title='bbox 628 3704 734 3776; x_wconf 73' lang='lat' dir='ltr'><strong>scripsi,</strong></span> <span class='ocrx_word' id='word_1_330' title='bbox 752 3699 848 3764; x_wconf 70' lang='grc' dir='ltr'><strong><em>αὐτῶν</em></strong></span> <span class='ocrx_word' id='word_1_331' title='bbox 865 3705 928 3760; x_wconf 84' lang='lat' dir='ltr'>libri</span> <span class='ocrx_word' id='word_1_332' title='bbox 945 3709 973 3760; x_wconf 79' lang='grc' dir='ltr'><strong><em>εί</em></strong></span> <span class='ocrx_word' id='word_1_333' title='bbox 984 3705 1094 3774; x_wconf 70' lang='lat' dir='ltr'><strong><em>vulgata</em></strong></span> <span class='ocrx_word' id='word_1_334' title='bbox 1146 3704 1217 3778; x_wconf 76' lang='grc' dir='ltr'><strong><em>οὔσῃ</em></strong></span> <span class='ocrx_word' id='word_1_335' title='bbox 1234 3708 1333 3765; x_wconf 86' lang='lat' dir='ltr'>om.U</span> 
     </span>
     <span class='ocr_line' id='line_1_33' title="bbox 126 3789 1383 3862; baseline 0.006 -18"><span class='ocrx_word' id='word_1_336' title='bbox 126 3795 157 3844; x_wconf 84' lang='grc' dir='ltr'><strong><em>ιθ</em></strong></span> <span class='ocrx_word' id='word_1_337' title='bbox 174 3795 344 3862; x_wconf 81' lang='grc' dir='ltr'><strong><em>κατοικῆσαι</em></strong></span> <span class='ocrx_word' id='word_1_338' title='bbox 361 3789 451 3860; x_wconf 68' lang='lat' dir='ltr'><strong>unffi,</strong></span> <span class='ocrx_word' id='word_1_339' title='bbox 468 3794 632 3849; x_wconf 86' lang='grc' dir='ltr'><strong><em>κατοικίσαι</em></strong></span> <span class='ocrx_word' id='word_1_340' title='bbox 649 3790 673 3846; x_wconf 84' lang='grc' dir='ltr'><strong>Τ</strong></span> <span class='ocrx_word' id='word_1_341' title='bbox 753 3796 783 3846; x_wconf 81' lang='grc'><strong><em>13</em></strong></span> <span class='ocrx_word' id='word_1_342' title='bbox 803 3791 947 3857; x_wconf 74' lang='grc' dir='ltr'><strong><em>Κυθνίους</em></strong></span> <span class='ocrx_word' id='word_1_343' title='bbox 963 3791 999 3846; x_wconf 82' lang='grc' dir='ltr'><strong><em>εδ</em></strong></span> <span class='ocrx_word' id='word_1_344' title='bbox 1016 3789 1157 3860; x_wconf 78' lang='grc' dir='ltr'><strong><em>Βεγορωυ</em></strong></span> <span class='ocrx_word' id='word_1_345' title='bbox 1174 3798 1282 3862; x_wconf 74' lang='lat' dir='ltr'>gentem</span> <span class='ocrx_word' id='word_1_346' title='bbox 1299 3793 1383 3851; x_wconf 73' lang='lat' dir='ltr'><strong>refert</strong></span> 
     </span>
     <span class='ocr_line' id='line_1_34' title="bbox 123 3872 1382 3950; baseline 0.008 -22"><span class='ocrx_word' id='word_1_347' title='bbox 123 3873 254 3933; x_wconf 73' lang='grc' dir='ltr'><strong><em>Ηεεοδοί.</em></strong></span> <span class='ocrx_word' id='word_1_348' title='bbox 272 3875 338 3932; x_wconf 86' lang='lat' dir='ltr'>v111</span> <span class='ocrx_word' id='word_1_349' title='bbox 350 3881 384 3932; x_wconf 76' lang='lat'><strong><em>46</em></strong></span> <span class='ocrx_word' id='word_1_350' title='bbox 441 3872 460 3949; x_wconf 82' lang='grc' dir='ltr'><em>ἢ</em></span> <span class='ocrx_word' id='word_1_351' title='bbox 477 3879 614 3949; x_wconf 88' lang='grc' dir='ltr'><strong><em>σερίφους</em></strong></span> <span class='ocrx_word' id='word_1_352' title='bbox 633 3878 654 3932; x_wconf 88' lang='grc' dir='ltr'><strong><em>Β</em></strong></span> <span class='ocrx_word' id='word_1_353' title='bbox 672 3875 713 3943; x_wconf 85' lang='grc' dir='ltr'><strong><em>είς</em></strong></span> <span class='ocrx_word' id='word_1_354' title='bbox 729 3875 849 3950; x_wconf 87' lang='grc' dir='ltr'><strong><em>ίρίφους</em></strong></span> <span class='ocrx_word' id='word_1_355' title='bbox 865 3877 889 3934; x_wconf 85' lang='lat' dir='ltr'><strong>U</strong></span> <span class='ocrx_word' id='word_1_356' title='bbox 908 3877 1226 3934; x_wconf 79' lang='lat' dir='ltr'><strong>cf.H0rotlot.V11148</strong></span> <span class='ocrx_word' id='word_1_357' title='bbox 1288 3883 1319 3934; x_wconf 79' lang='lat'><strong><em>14</em></strong></span> <span class='ocrx_word' id='word_1_358' title='bbox 1335 3900 1382 3938; x_wconf 83' lang='grc' dir='ltr'><strong><em>κυ-</em></strong></span> 
     </span>
     <span class='ocr_line' id='line_1_35' title="bbox 123 3960 1332 4034; baseline 0.002 -18"><span class='ocrx_word' id='word_1_359' title='bbox 123 3961 244 4034; x_wconf 78' lang='grc' dir='ltr'><strong><em>θηρίους</em></strong></span> <span class='ocrx_word' id='word_1_360' title='bbox 260 3960 297 4018; x_wconf 79' lang='grc' dir='ltr'><strong><em>εί.</em></strong></span> <span class='ocrx_word' id='word_1_361' title='bbox 309 3962 442 4019; x_wconf 59' lang='lat' dir='ltr'><strong>Heroden</strong></span> <span class='ocrx_word' id='word_1_362' title='bbox 455 3962 468 4017; x_wconf 96' lang='lat'>1</span> <span class='ocrx_word' id='word_1_363' title='bbox 481 3966 513 4018; x_wconf 81' lang='lat'><strong><em>82</em></strong></span> <span class='ocrx_word' id='word_1_364' title='bbox 525 3962 577 4018; x_wconf 83' lang='lat' dir='ltr'><strong><em>vu</em></strong></span> <span class='ocrx_word' id='word_1_365' title='bbox 590 3966 641 4017; x_wconf 81' lang='grc'><strong><em>235</em></strong></span> <span class='ocrx_word' id='word_1_366' title='bbox 653 3962 740 4018; x_wconf 76' lang='lat' dir='ltr'><strong>Thac.</strong></span> <span class='ocrx_word' id='word_1_367' title='bbox 758 3963 798 4018; x_wconf 83' lang='lat' dir='ltr'><strong><em>lv</em></strong></span> <span class='ocrx_word' id='word_1_368' title='bbox 810 3966 843 4018; x_wconf 75' lang='lat'><strong><em>⁶³</em></strong></span> <span class='ocrx_word' id='word_1_369' title='bbox 903 3969 931 4019; x_wconf 80' lang='lat'><strong><em>15</em></strong></span> <span class='ocrx_word' id='word_1_370' title='bbox 949 3961 1029 4020; x_wconf 77' lang='grc' dir='ltr'><strong><em>ίθάν</em></strong></span> <span class='ocrx_word' id='word_1_371' title='bbox 1040 3961 1156 4029; x_wconf 65' lang='lat' dir='ltr'><strong>Solum,</strong></span> <span class='ocrx_word' id='word_1_372' title='bbox 1172 3966 1253 4020; x_wconf 78' lang='grc' dir='ltr'><strong><em>θεάν</em></strong></span> <span class='ocrx_word' id='word_1_373' title='bbox 1268 3964 1332 4020; x_wconf 85' lang='lat' dir='ltr'>libri</span> 
     </span>
     <span class='ocr_line' id='line_1_36' title="bbox 126 4036 1383 4124; baseline 0.008 -27"><span class='ocrx_word' id='word_1_374' title='bbox 126 4047 157 4098; x_wconf 76' lang='lat'><strong><em>16</em></strong></span> <span class='ocrx_word' id='word_1_375' title='bbox 175 4036 377 4118; x_wconf 68' lang='grc' dir='ltr'><strong><em>οἰκτίσαντες</em></strong></span> <span class='ocrx_word' id='word_1_376' title='bbox 395 4047 418 4101; x_wconf 89' lang='grc' dir='ltr'>Β</span> <span class='ocrx_word' id='word_1_377' title='bbox 437 4046 616 4114; x_wconf 72' lang='grc' dir='ltr'><strong><em>οἰκτίσαντες</em></strong></span> <span class='ocrx_word' id='word_1_378' title='bbox 633 4047 664 4104; x_wconf 79' lang='grc' dir='ltr'>Μ</span> <span class='ocrx_word' id='word_1_379' title='bbox 730 4049 858 4122; x_wconf 87' lang='grc' dir='ltr'><strong><em>χείρωνα</em></strong></span> <span class='ocrx_word' id='word_1_380' title='bbox 876 4048 906 4103; x_wconf 87' lang='grc' dir='ltr'><strong>Μ</strong></span> <span class='ocrx_word' id='word_1_381' title='bbox 977 4053 1007 4103; x_wconf 73' lang='lat'><strong><em>17</em></strong></span> <span class='ocrx_word' id='word_1_382' title='bbox 1025 4047 1104 4120; x_wconf 85' lang='grc' dir='ltr'><strong><em>είσην</em></strong></span> <span class='ocrx_word' id='word_1_383' title='bbox 1120 4047 1150 4101; x_wconf 84' lang='lat' dir='ltr'>M</span> <span class='ocrx_word' id='word_1_384' title='bbox 1225 4052 1256 4104; x_wconf 88' lang='grc'><strong><em>21</em></strong></span> <span class='ocrx_word' id='word_1_385' title='bbox 1276 4046 1383 4124; x_wconf 75' lang='grc' dir='ltr'><strong><em>ἄρχον·</em></strong></span> 
     </span>
     <span class='ocr_line' id='line_1_37' title="bbox 123 4127 1382 4209; baseline 0.007 -23"><span class='ocrx_word' id='word_1_386' title='bbox 123 4148 175 4194; x_wconf 88' lang='grc' dir='ltr'><strong><em>τας</em></strong></span> <span class='ocrx_word' id='word_1_387' title='bbox 192 4131 303 4188; x_wconf 80' lang='grc' dir='ltr'><strong><em>ιοοίατίί</em></strong></span> <span class='ocrx_word' id='word_1_388' title='bbox 320 4131 449 4199; x_wconf 67' lang='lat' dir='ltr'><strong><em>cebetas,</em></strong></span> <span class='ocrx_word' id='word_1_389' title='bbox 467 4128 485 4205; x_wconf 80' lang='grc' dir='ltr'><em>ἢ</em></span> <span class='ocrx_word' id='word_1_390' title='bbox 502 4129 648 4206; x_wconf 80' lang='grc' dir='ltr'><strong><em>ἄρχοντας</em></strong></span> <span class='ocrx_word' id='word_1_391' title='bbox 665 4133 794 4190; x_wconf 77' lang='grc' dir='ltr'><strong><em>Βείείιλστ</em></strong></span> <span class='ocrx_word' id='word_1_392' title='bbox 898 4129 952 4191; x_wconf 87' lang='grc' dir='ltr'><strong><em>τὸν</em></strong></span> <span class='ocrx_word' id='word_1_393' title='bbox 969 4149 1020 4203; x_wconf 86' lang='lat' dir='ltr'><strong><em>pro</em></strong></span> <span class='ocrx_word' id='word_1_394' title='bbox 1038 4127 1104 4191; x_wconf 91' lang='grc' dir='ltr'><strong><em>οίον</em></strong></span> <span class='ocrx_word' id='word_1_395' title='bbox 1121 4131 1151 4188; x_wconf 71' lang='grc' dir='ltr'>Π</span> <span class='ocrx_word' id='word_1_396' title='bbox 1249 4139 1282 4190; x_wconf 81' lang='grc'><strong><em>23</em></strong></span> <span class='ocrx_word' id='word_1_397' title='bbox 1299 4132 1382 4209; x_wconf 76' lang='grc' dir='ltr'><strong><em>ἐκγό-</em></strong></span> 
     </span>
     <span class='ocr_line' id='line_1_38' title="bbox 124 4214 1442 4291; baseline 0.005 -21"><span class='ocrx_word' id='word_1_398' title='bbox 124 4232 196 4282; x_wconf 86' lang='grc' dir='ltr'><strong><em>μυυς</em></strong></span> <span class='ocrx_word' id='word_1_399' title='bbox 213 4215 244 4271; x_wconf 81' lang='grc' dir='ltr'><strong>Μ</strong></span> <span class='ocrx_word' id='word_1_400' title='bbox 340 4217 375 4272; x_wconf 79' lang='grc' dir='ltr'><strong><em>σε</em></strong></span> <span class='ocrx_word' id='word_1_401' title='bbox 391 4214 530 4291; x_wconf 83' lang='grc' dir='ltr'><strong><em>ἐγγόνους</em></strong></span> <span class='ocrx_word' id='word_1_402' title='bbox 547 4245 581 4267; x_wconf 90' lang='grc'><strong>-</strong></span> <span class='ocrx_word' id='word_1_403' title='bbox 598 4223 713 4288; x_wconf 70' lang='lat' dir='ltr'>nepotes</span> <span class='ocrx_word' id='word_1_404' title='bbox 730 4219 831 4288; x_wconf 64' lang='lat' dir='ltr'><strong><em>cogitat</em></strong></span> <span class='ocrx_word' id='word_1_405' title='bbox 850 4219 929 4289; x_wconf 76' lang='lat' dir='ltr'><strong>Emp.</strong></span> <span class='ocrx_word' id='word_1_406' title='bbox 947 4221 986 4284; x_wconf 83' lang='lat' dir='ltr'><strong><em>(in</em></strong></span> <span class='ocrx_word' id='word_1_407' title='bbox 1004 4219 1130 4286; x_wconf 71' lang='lat' dir='ltr'><strong>schediu),</strong></span> <span class='ocrx_word' id='word_1_408' title='bbox 1149 4233 1237 4286; x_wconf 77' lang='lat' dir='ltr'>neque</span> <span class='ocrx_word' id='word_1_409' title='bbox 1254 4222 1382 4289; x_wconf 71' lang='lat' dir='ltr'><strong>poterant</strong></span> <span class='ocrx_word' id='word_1_410' title='bbox 1439 4281 1442 4288; x_wconf 69' lang='grc'><strong><em>,</em></strong></span> 
     </span>
     <span class='ocr_line' id='line_1_39' title="bbox 124 4292 1383 4376; baseline 0.008 -23"><span class='ocrx_word' id='word_1_411' title='bbox 124 4294 153 4353; x_wconf 90' lang='grc' dir='ltr'><strong><em>οί</em></strong></span> <span class='ocrx_word' id='word_1_412' title='bbox 170 4292 285 4370; x_wconf 74' lang='grc' dir='ltr'><strong><em>ἔκγονοι</em></strong></span> <span class='ocrx_word' id='word_1_413' title='bbox 302 4299 365 4356; x_wconf 76' lang='lat' dir='ltr'>fillis</span> <span class='ocrx_word' id='word_1_414' title='bbox 383 4304 485 4372; x_wconf 83' lang='lat' dir='ltr'><strong>opponi</strong></span> <span class='ocrx_word' id='word_1_415' title='bbox 553 4307 586 4358; x_wconf 82' lang='grc'><strong><em>24</em></strong></span> <span class='ocrx_word' id='word_1_416' title='bbox 604 4298 641 4360; x_wconf 81' lang='grc' dir='ltr'><strong><em>δι’</em></strong></span> <span class='ocrx_word' id='word_1_417' title='bbox 660 4298 756 4363; x_wconf 77' lang='grc' dir='ltr'><strong><em>αὐτῶν</em></strong></span> <span class='ocrx_word' id='word_1_418' title='bbox 773 4303 828 4360; x_wconf 75' lang='grc' dir='ltr'><strong><em>ΠΜ</em></strong></span> <span class='ocrx_word' id='word_1_419' title='bbox 897 4309 929 4358; x_wconf 87' lang='grc'><strong><em>25</em></strong></span> <span class='ocrx_word' id='word_1_420' title='bbox 948 4295 1050 4376; x_wconf 72' lang='grc' dir='ltr'><strong><em>η’όενΰ</em></strong></span> <span class='ocrx_word' id='word_1_421' title='bbox 1121 4307 1154 4360; x_wconf 80' lang='grc'><strong><em>26</em></strong></span> <span class='ocrx_word' id='word_1_422' title='bbox 1171 4306 1268 4370; x_wconf 79' lang='grc' dir='ltr'><strong><em>καλοῖς</em></strong></span> <span class='ocrx_word' id='word_1_423' title='bbox 1284 4323 1316 4363; x_wconf 87' lang='grc' dir='ltr'><strong><em>τε</em></strong></span> <span class='ocrx_word' id='word_1_424' title='bbox 1333 4309 1383 4363; x_wconf 86' lang='grc' dir='ltr'><strong><em>καί</em></strong></span> 
     </span>
     <span class='ocr_line' id='line_1_40' title="bbox 123 4381 1383 4462; baseline -0.002 -12"><span class='ocrx_word' id='word_1_425' title='bbox 123 4383 212 4450; x_wconf 61' lang='grc' dir='ltr'><strong><em>θείως</em></strong></span> <span class='ocrx_word' id='word_1_426' title='bbox 229 4384 256 4438; x_wconf 76' lang='grc' dir='ltr'>Μ</span> <span class='ocrx_word' id='word_1_427' title='bbox 325 4390 357 4440; x_wconf 79' lang='grc'><strong><em>27</em></strong></span> <span class='ocrx_word' id='word_1_428' title='bbox 376 4381 476 4458; x_wconf 77' lang='grc' dir='ltr'><strong><em>ὥσπερ</em></strong></span> <span class='ocrx_word' id='word_1_429' title='bbox 495 4386 523 4446; x_wconf 88' lang='grc' dir='ltr'><strong><em>σί</em></strong></span> <span class='ocrx_word' id='word_1_430' title='bbox 540 4383 624 4446; x_wconf 64' lang='lat' dir='ltr'><strong><em>uhu</em></strong></span> <span class='ocrx_word' id='word_1_431' title='bbox 711 4409 743 4446; x_wconf 86' lang='grc' dir='ltr'><strong><em>τε</em></strong></span> <span class='ocrx_word' id='word_1_432' title='bbox 760 4387 869 4457; x_wconf 71' lang='lat' dir='ltr'><strong><em>seclusi,</em></strong></span> <span class='ocrx_word' id='word_1_433' title='bbox 886 4408 920 4462; x_wconf 87' lang='grc' dir='ltr'><strong><em>γε</em></strong></span> <span class='ocrx_word' id='word_1_434' title='bbox 938 4389 1003 4444; x_wconf 86' lang='lat' dir='ltr'><strong>wil.</strong></span> <span class='ocrx_word' id='word_1_435' title='bbox 1086 4393 1120 4443; x_wconf 85' lang='grc'><strong><em>28</em></strong></span> <span class='ocrx_word' id='word_1_436' title='bbox 1137 4384 1286 4462; x_wconf 83' lang='grc' dir='ltr'><strong><em>άνόριῖνοὶς</em></strong></span> <span class='ocrx_word' id='word_1_437' title='bbox 1303 4409 1383 4459; x_wconf 87' lang='grc' dir='ltr'><strong><em>τινας</em></strong></span> 
     </span>
     <span class='ocr_line' id='line_1_41' title="bbox 122 4463 1381 4547; baseline 0.008 -24"><span class='ocrx_word' id='word_1_438' title='bbox 122 4466 250 4538; x_wconf 66' lang='lat' dir='ltr'>cohow,</span> <span class='ocrx_word' id='word_1_439' title='bbox 267 4464 383 4544; x_wconf 71' lang='grc' dir='ltr'><strong><em>ἄνδρων</em></strong></span> <span class='ocrx_word' id='word_1_440' title='bbox 401 4463 534 4540; x_wconf 79' lang='grc' dir='ltr'><strong><em>οδστινας</em></strong></span> <span class='ocrx_word' id='word_1_441' title='bbox 552 4474 631 4531; x_wconf 80' lang='lat' dir='ltr'><strong><em>UBM</em></strong></span> <span class='ocrx_word' id='word_1_442' title='bbox 649 4469 764 4547; x_wconf 82' lang='grc' dir='ltr'><strong><em>άνόροῖν</em></strong></span> <span class='ocrx_word' id='word_1_443' title='bbox 781 4471 879 4542; x_wconf 80' lang='grc' dir='ltr'><strong><em>οίκους</em></strong></span> <span class='ocrx_word' id='word_1_444' title='bbox 896 4495 977 4544; x_wconf 87' lang='grc' dir='ltr'><strong><em>τινας</em></strong></span> <span class='ocrx_word' id='word_1_445' title='bbox 993 4475 1016 4530; x_wconf 88' lang='grc' dir='ltr'>Τ</span> <span class='ocrx_word' id='word_1_446' title='bbox 1133 4471 1270 4543; x_wconf 79' lang='grc' dir='ltr'><strong><em>ίωροῖμεν</em></strong></span> <span class='ocrx_word' id='word_1_447' title='bbox 1288 4473 1312 4530; x_wconf 87' lang='lat' dir='ltr'>U</span> <span class='ocrx_word' id='word_1_448' title='bbox 1330 4471 1381 4533; x_wconf 75' lang='grc' dir='ltr'><strong><em>δυ’·</em></strong></span> 
     </span>
     <span class='ocr_line' id='line_1_42' title="bbox 124 4549 477 4628; baseline 0.011 -20"><span class='ocrx_word' id='word_1_449' title='bbox 124 4571 220 4625; x_wconf 86' lang='grc' dir='ltr'><strong><em>ρωμεν</em></strong></span> <span class='ocrx_word' id='word_1_450' title='bbox 237 4554 301 4622; x_wconf 82' lang='grc' dir='ltr'><strong><em>ΒΜ,</em></strong></span> <span class='ocrx_word' id='word_1_451' title='bbox 320 4549 436 4628; x_wconf 77' lang='grc' dir='ltr'><strong><em>δρῶμεν</em></strong></span> <span class='ocrx_word' id='word_1_452' title='bbox 453 4556 477 4612; x_wconf 84' lang='grc' dir='ltr'><strong>Τ</strong></span> 
     </span>
    </p>
   </div>
   <div class='ocr_carea' id='block_1_5' title="bbox 0 0 1742 5264">
    <p class='ocr_par' dir='ltr' id='par_1_5' title="bbox 0 0 1742 5264">
     <span class='ocr_line' id='line_1_43' title="bbox 0 0 1742 5264; baseline 0 0"><span class='ocrx_word' id='word_1_453' title='bbox 0 0 1742 5264; x_wconf 95' lang='lat' dir='ltr'><strong><em> </em></strong></span> 
     </span>
    </p>
   </div>
  </div>
 </body>
</html>
