3452 5264
345 331 386 391 18
883 329 1057 387 morum

305 510 323 570 5
348 507 386 569 οδ
408 507 472 589 γάρ
492 502 532 591 ήν
555 507 690 586 ὅμοιον·
718 508 739 568 ά
765 507 826 587 μὲν
847 501 1039 581 καταλύσας
1067 508 1127 593 τήν
1157 502 1385 592 δημοκρατίαν
1407 509 1604 593 ἐτυράννευε

343 616 410 672 τῶν
422 599 627 692 Ἀθηναίων,
649 605 862 692 Περίανδρος
878 605 914 670 δέ
937 608 1031 692 παρά
1055 612 1262 694 τοῦπατρὸς
1279 605 1520 691 διαδεξάμενος
1542 613 1604 698 τήν

343 708 530 793 βασιλείαν,
554 711 592 772 δν
608 711 643 772 ol
655 711 717 791 μὲν
731 702 887 797 Ἕλληνες
901 713 1062 794 τύραννον
1076 708 1227 788 ἐκάλουν,
1251 713 1284 774 οί
1300 709 1336 774 δέ
1351 712 1432 776 θεοί
1445 710 1601 794 βασιλέα.

342 817 362 900 ή
385 815 447 898 γάρ
472 813 531 894 οὐχ
553 815 660 889 οὕτως
683 815 701 875 ὁ
720 815 872 898 χρησμὸς
894 814 981 893 ἔχεις
1616 831 1666 881 (ιω
1677 829 1708 880 ιιι

498 913 613 998 δλβιος
636 913 736 990 οὗτος
757 915 840 1002 ἀνήρ
863 914 901 991 δς
923 916 1005 996 ἐμὸν
1028 911 1142 1003 δόμον
1155 916 1379 1003 εἰσαφικάνει,
1623 929 1711 984 buten

498 1014 660 1101 Κύψελος
677 1007 842 1103 Ἠετίδης,
865 1015 1026 1099 βασιλεὺς
1047 1014 1193 1080 κλειτοῖο
1216 1019 1404 1100 Κορίνθου,

499 1121 601 1195 αὐτὸς
620 1121 677 1183 καί
703 1117 835 1194 παῖδες.

305 1227 324 1288 6
348 1221 394 1285 ὥν
424 1222 474 1298 είς
502 1223 604 1297 αὐτὸς
632 1217 886 1305 δΠερίανδρος
915 1223 936 1283 ά
962 1220 1011 1304 τῷ
1039 1223 1146 1305 πατρί
1174 1219 1403 1303 ἐκδεξάμενος.
1449 1225 1536 1286 οὕτω
1560 1221 1601 1309 δή

343 1321 575 1409 Περίανδρος,
604 1325 672 1386 άπὸ
699 1325 761 1403 μὲν
787 1329 851 1385 τοῦ
877 1323 966 1385 θεοῦ
991 1320 1167 1404 βασιλεῖς,
1195 1325 1264 1387 ὑπὸ
1293 1321 1330 1387 δὲ
1353 1331 1420 1388 τῶν
1439 1316 1601 1410 Ἑλλήνων

345 1411 556 1512 ἀνηγορεύθη
588 1428 715 1511 σοφός·
749 1423 791 1488 οδ
816 1420 931 1506 μεῖζον
960 1427 1066 1506 δνομα
1096 1423 1206 1502 οδδείς
1234 1429 1377 1490 πώποτε
1399 1423 1559 1509 βασιλεὺς
1580 1429 1601 1512 ή
1626 1441 1656 1492 ιο

345 1532 507 1613 τύραννος
535 1529 716 1614 ἐκτήσατο·
745 1517 821 1589 ἀλλ’
847 1517 920 1590 οὐδ’
948 1519 1121 1608 Ἀντίοχος
1150 1528 1275 1604 ὁθεδς
1298 1526 1500 1615 ἐπικληθείς
1523 1526 1600 1592 οὐδὲ

345 1629 571 1716 Μιθριδάτης
597 1631 615 1692 δ
631 1631 808 1706 Διόνυσος.
853 1627 977 1716 ηδξατο
997 1620 1030 1694 δ’
1050 1632 1092 1693 ἀν
1108 1632 1166 1694 καί
1181 1632 1353 1708 Πιττακὸς
1368 1627 1426 1714 <δ>
1446 1629 1601 1717 Μυτιλη-

345 1737 440 1808 ναῖος
463 1735 532 1813 ἅμα
548 1733 653 1817 άμφω
668 1728 856 1818 κεκλῆσθαι
869 1734 927 1795 καί
941 1735 1102 1817 τύραννος
1115 1735 1173 1796 καί
1189 1735 1318 1820 σοφός·
1341 1735 1412 1798 νυνί
1434 1730 1471 1796 δὲ
1487 1751 1601 1817 περιε-

342 1838 485 1917 χόμενος
517 1842 577 1898 τοῦ
612 1832 768 1918 δευτέρου
807 1837 974 1916 ὀνόματος
1013 1837 1270 1899 ἀπεσκευάσατο
1309 1838 1370 1922 τήν
1409 1831 1599 1920 τυραννίδα.

346 1934 560 2023 Περίανδρος
584 1940 694 2024 σοφὸς
714 1939 776 2018 μὲν
798 1933 838 2023 ήν
859 1929 937 2018 μετ’
963 1934 1095 2021 ὀλίγων,
1117 1940 1279 2023 τύραννος
1294 1934 1331 2001 δέ
1346 1939 1431 2018 μετά
1449 1933 1602 2000 πολλῶν·
1626 1951 1656 2002 15

306 2042 324 2102 Ιί
348 2041 525 2127 ἀμφότερα
549 2037 585 2103 δέ
607 2041 664 2104 καί
685 2043 847 2125 τάραννος
860 2042 917 2103 καί
934 2042 1042 2126 σοφάς
1056 2043 1169 2122 μόνος.
1208 2041 1301 2125 παρά
1317 2048 1436 2102 τοῦτον
1452 2042 1471 2102 δ
1485 2037 1601 2102 Σόλων

346 2139 460 2205 ἐλθὼν
488 2143 545 2206 καί
575 2143 681 2222 τυχῶν
710 2149 778 2206 τῶν
804 2149 941 2206 κοινῶν·
969 2143 1066 2206 κοινά
1095 2142 1157 2227 γάρ
1179 2143 1221 2204 τά
1246 2139 1373 2229 φίλων·
1402 2133 1480 2204 ἀλλ’
1510 2145 1602 2222 ὅμως

347 2242 547 2330 ἀνδριάντος
570 2245 629 2306 οὐκ
656 2245 784 2325 ἔτυχεν,
814 2245 852 2307 οὐ
882 2241 993 2330 δήπου
1019 2251 1243 2331 καταφρονῶν
1272 2243 1487 2329 ἀνδριάντος,
1515 2239 1601 2307 ἀλλὰ

346 2347 403 2410 καί
423 2349 462 2410 τὸ
485 2348 521 2410 ἐν
542 2343 711 2427 Σαλαμῖνι
729 2343 872 2426 χαλκοῦς
900 2345 1040 2410 ἑστάναι
1066 2351 1152 2429 μέγα
1181 2349 1401 2428 ποιούμενος·
1431 2347 1544 2410 πόθεν
1565 2366 1602 2429 γε

348 2446 387 2536 δή
413 2450 484 2528 οδχί
513 2451 549 2512 ἐν
571 2449 753 2531 Κορίνθῳ,
782 2450 818 2512 ἐν
839 2439 887 2532 τῷ
910 2447 1090 2535 περιπάτῳ
1120 2457 1180 2535 τής
1198 2441 1372 2527 Ἑλλάδος,·
1400 2450 1459 2537 ήκε
1487 2447 1524 2512 δέ
1545 2451 1603 2512 καί
1625 2463 1656 2514 2)

341 2543 524 2635 Ἡρόδοτος
546 2553 564 2614 δ
588 2547 772 2633 λογοποιὸς
794 2552 841 2626 ὡς
862 2552 950 2632 ὑμᾶς
972 2547 1091 2633 λόγους
1114 2555 1227 2637 φέρων
1245 2544 1454 2639 Ἑλληνικοδς
1478 2548 1602 2626 ἄλλους

346 2673 382 2716 τε
411 2655 467 2716 καὶ
493 2653 706 2737 Κορινθίους
735 2649 869 2717 οὐδέπω
898 2651 1053 2735 ψευδεῖς,
1090 2645 1174 2716 ἀνθ’
1208 2653 1255 2719 ὧν
1288 2652 1384 2741 ήξίου
1418 2653 1513 2739 παρὰ
1542 2661 1602 2739 τής

348 2751 482 2831 πόλεως
508 2756 639 2836 μισθὸν
667 2755 848 2840 ἄρνυσθαι.
900 2753 1095 2841 διαμαρτὼν
1124 2751 1160 2819 δέ
1189 2749 1269 2842 [καί]
1297 2760 1434 2821 τούτου·
1471 2757 1510 2818 οδ
1538 2755 1601 2839 γάρ

348 2854 462 2944 ήξίοον
486 2860 520 2921 ol
539 2860 696 2942 ὑμέτεροι
718 2861 882 2943 πρόγονοι
897 2853 999 2936 δόξαν
1015 2853 1206 2942 ἀγοράζειν·
1228 2863 1469 2939 μετεσκεύασεν
1491 2858 1600 2919 ἐκεῖνα
1619 2919 1627 2932 ,

349 2963 370 3022 ά
393 2958 518 3036 πάντες
540 2959 771 3040 ἐπιστάμεθα,
793 2960 835 3023 τά
858 2962 938 3045 περὶ
959 2963 1018 3046 τήν
1033 2957 1208 3042 Σαλαμῖνα
1223 2962 1280 3024 καί
1294 2964 1352 3024 τὸν
1371 2953 1599 3041 Ἀδείμαντον.
1616 2942 1653 3025 ’ὅ
1667 2944 1715 3040 ‘¹31⁴

305 3064 325 3127 8
346 3067 433 3148 ήμάς
455 3060 491 3126 δέ
515 3059 567 3138 δίς
581 3060 859 3148 ἐπιδημήσαντας
875 3064 982 3138 οὕτως
1005 3063 1159 3143 ἀσμένως
1181 3061 1335 3127 ἐπείδετε
1351 3065 1438 3126 ῶοτε
1452 3057 1601 3143 μάλιστα

347 3167 409 3246 μέν
437 3165 629 3250 ἐπειρᾶσθε
656 3169 821 3245 κατέχειν,
851 3167 995 3249 δρῶντες
1025 3161 1061 3227 δέ
1090 3162 1256 3228 ἀδύνατον
1284 3167 1336 3244 δν,
1365 3160 1450 3228 ἀλλά
1477 3182 1515 3246 γε
1542 3165 1602 3250 τήν

349 3268 426 3330 εἰκὼ
455 3275 517 3329 τοῦ
545 3269 702 3348 σώματος
730 3268 948 3354 ἐποιήσασθε
981 3269 1038 3332 καί
1063 3269 1187 3354 ταύτην
1218 3274 1379 3354 φέροντες
1413 3266 1603 3352 ἀνεθήκατε

350 3371 399 3445 είς
427 3369 468 3432 τά
496 3366 630 3452 βιβλία,
660 3371 710 3446 εἰς
739 3366 940 3455 προεδρίαν,
970 3367 1012 3432 οδ
1037 3361 1179 3450 μάλιστ’
1204 3372 1245 3434 ἀν
1269 3362 1383 3454 ᾤεσθε
1405 3371 1486 3444 τοὺς
1506 3371 1603 3443 νέους

350 3468 635 3556 προκαλέσασθαι
657 3480 724 3535 τῶν
747 3473 857 3535 αὐτῶν
877 3475 957 3555 ήμῖν
979 3466 1257 3557 ἐπιτηδευμάτων
1279 3472 1431 3552 ἔχεσθαι.
1478 3471 1516 3534 οὐ
1538 3470 1600 3554 γάρ
1623 3484 1654 3536 ³⁰

350 3575 397 3650 ὡς
425 3577 482 3637 ἐνα
504 3581 572 3638 τῶν
595 3572 731 3638 πολλῶν
752 3576 809 3637 καί
828 3567 905 3637 κατ’
930 3576 1084 3638 ἐνιαυτὸν
1105 3577 1334 3659 καταιρόντων
1357 3577 1407 3649 είς
1432 3574 1602 3659 Κεγχρεάς

1670 3453 1716 3506 (Ιῶ

1696 3503 1716 3550 Ι]

435 3818 665 3897 1άμέν(γὰρ>
681 3821 801 3880 nobem
868 3821 1061 3897 ἐτυράνευεῦ
1127 3812 1529 3896 4ἧγάρ11οτί,αοπ.Εωρ.

350 3903 588 3982 δ’ἐοκαταβαίνει
604 3907 758 3966 Herodotus
775 3909 810 3975 V,
828 3913 861 3965 29
913 3909 1044 3980 ἀμετίάη
1060 3906 1090 3962 Μ
1141 3906 1305 3974 κλειτοῖςΒ
1366 3899 1486 3975 Βοῧτος
1502 3909 1551 3965 UB

349 3989 536 4062 ἐκλεξάμενος
552 3994 582 4047 Μ
629 3999 658 4048 11
674 3987 739 4052 οὐδὲ
751 3995 839 4063 Εωμ,
852 3989 920 4052 οὔτε
930 3993 993 4048 libri
1044 3991 1253 4058 ίῖάἐκαίίοαι
1265 3987 1348 4058 άν)ῐ]
1401 3991 1492 4050 διδῶ
1502 3992 1567 4050 wil.

348 4082 531 4150 μυτιληναῖος
547 4077 577 4131 Μ
594 4083 775 4151 μιτνληναῑος
792 4079 816 4135 Β
835 4076 1045 4148 μιτυλιναῖοςῦ
1115 4082 1147 4133 1ο
1158 4079 1208 4135 καί
1219 4078 1393 4153 περίανάρος
1405 4077 1535 4143 Πῦίοαιτ.
1548 4080 1604 4151 ln

349 4157 385 4230 (δ
404 4155 433 4219 δ’
452 4153 523 4233 οὖν)
539 4165 718 4236 Περίανδρος
735 4165 800 4220 Wil.
871 4157 1009 4235 άλίγονΒ
1084 4167 1114 4217 17
1128 4155 1302 4221 άνελθώνῐ]
1380 4156 1495 4222 Ιάάίλά
1507 4163 1606 4220 καίτοι

349 4246 438 4314 ΠΒΜ,
457 4262 527 4304 corr.
545 4248 610 4304 editi
679 4253 711 4303 2³
729 4253 778 4307 καί
796 4249 847 4307 ἀεί.
865 4248 993 4304 Βαίιίιίυι
1063 4251 1096 4302 24
1114 4241 1290 4320 ἦμένεροιίί
1355 4253 1388 4304 25
1406 4238 1535 4314 άπαντες
1550 4261 1605 4302 uno

349 4333 483 4389 vooehulo
501 4332 526 4389 U
596 4338 629 4390 2⁶
646 4331 773 4392 ἐπείδετε
791 4333 927 4401 Roiskius,
944 4329 1074 4406 ἐπειδὴγε
1090 4332 1154 4389 libri
1223 4328 1263 4400 ὣς
1280 4329 1318 4392 άν
1334 4329 1458 4404 μάλιστά
1475 4351 1513 4403 με
1530 4329 1604 4390 ἐντει-

351 4421 444 4492 ρᾶοάε
461 4416 525 4473 libri
541 4415 723 4492 (ἐπαρᾶσθαι
741 4418 789 4486 Μ),
808 4434 878 4476 corr.
896 4419 975 4488 Emp.
1063 4422 1094 4473 2³
1113 4437 1146 4492 γε
1164 4418 1280 4485 Samen„
1296 4422 1345 4476 καὶ
1362 4418 1426 4475 libri
1512 4419 1545 4472 29
1563 4415 1605 4483 είς

350 4505 507 4575 προεδρίαν
523 4503 611 4570 mm,
629 4503 670 4570 είς
687 4501 842 4581 πρόστιμον
859 4503 945 4559 Bothe
1014 4507 1044 4559 31
1064 4506 1216 4577 κερχρείας
1232 4504 1255 4558 Β
1272 4503 1413 4577 κεγχρίας
1428 4501 1483 4558 UM
