3476 5264
606 406 744 465 ORATIO
761 405 876 463 xxvn.
1309 407 1372 468 285

114 584 197 670 φίας
220 579 339 664 λόγους
354 586 439 666 ὅπερ
463 580 561 663 οἶμαι
584 583 672 667 πρός
693 582 735 645 τά
757 588 825 644 τῶν
848 582 973 664 ίατρῶν
997 585 1167 669 φάρμακα.
1209 582 1285 645 οδτε
1307 585 1370 668 γάρ

112 706 165 760 τις
187 685 329 762 ίκείνοις
352 685 457 760 εύδύς
479 688 660 771 πρόσεισιν
677 681 753 747 ούδδ
776 685 924 762 ὠνεῖται,
948 685 1028 768 πρὶν
1049 685 1287 771 ἢπεριπεσεῖν
1305 706 1371 771 φα-

112 787 197 871 νερῷ
220 789 387 873 νοσήματι
414 789 471 850 καὶ
501 783 647 873 ἀλγῆσαί
674 809 709 849 τι
731 793 793 848 τού
814 788 988 866 σώματος·
1019 786 1094 849 ούτε
1117 789 1371 849 τῶντοιούτων

11 881 12 898 ³
114 887 220 972 λόγων
236 891 369 954 ἀκούειν
385 887 567 953 ἐθέλουσιν
590 891 637 964 ὡς
658 891 697 951 τδ
715 886 813 966 πολύ,
836 891 901 970 ότῳ
926 890 967 951 ἂν
988 891 1033 975 μὴ
1059 885 1209 973 λυπηρόν
1224 909 1258 950 τι
1281 885 1372 965 ξυνε-

81 1001 96 1052 ε
117 993 223 1078 τεχθῇ
236 994 293 1056 καὶ
307 999 375 1056 τῶν
390 989 578 1056 δοκούντων
590 988 758 1070 χαλεπῶν.
798 991 915 1053 αὐτίκα
937 993 996 1054 τὸν
1011 991 1220 1070 εύτυχούντα,
1244 991 1370 1052 ὁποίαν
1393 990 1412 1054 8

113 1098 189 1158 τινά
212 1110 320 1181 φασιν
344 1095 378 1158 ol
397 1091 520 1157 πολλοὶ
541 1097 602 1180 την
625 1095 788 1173 εὐτυχίαν,
812 1093 885 1156 οίον
904 1094 1060 1178 χρήματα
1083 1094 1120 1154 ἑκ
1141 1089 1284 1155 δανείων
1307 1083 1372 1175 [τά]

114 1194 224 1260 πολλά
252 1199 273 1283 ἢ
300 1198 414 1280 χώραν
439 1197 554 1283 ἱκανήν
575 1199 775 1280 κεκτημένον
802 1196 859 1258 καὶ
881 1196 982 1258 αὐτόν
1005 1196 1200 1277 ὑγιαίνοντα
1218 1187 1297 1277 [καὶ]
1320 1197 1372 1256 τέ-

112 1319 198 1361 κνων
222 1294 420 1382 σῳζομένων
442 1299 499 1360 καὶ
520 1301 686 1381 γυναικός,
708 1299 766 1361 καί
787 1319 863 1361 τινα
887 1295 1028 1377 δύναμιν
1049 1299 1106 1360 καὶ
1128 1297 1232 1382 ἀρχὴν
1254 1296 1372 1376 ἔχοντα

111 1397 259 1485 μεγάλην
281 1402 359 1464 ἀνευ
384 1397 536 1483 πολέμου
557 1402 615 1464 καὶ
638 1402 790 1476 στάσεως
817 1401 876 1462 καί
896 1421 999 1464 τινων
1022 1397 1176 1484 φανερῶν
1198 1395 1372 1474 κινδύνων,

66 1515 95 1569 1ο
118 1504 175 1565 ούκ
196 1505 237 1566 ἂν
260 1505 354 1588 εύροι
376 1524 429 1579 τις
451 1499 579 1588 ῥᾳδίως
609 1505 798 1588 προσιόντα
823 1507 898 1578 τοῖς
919 1504 1091 1577 τοιούτοις
1113 1499 1190 1564 οόδὲ
1214 1497 1373 1578 ἀξιοῦντα

111 1610 284 1669 κοινωνεῖν
299 1603 367 1669 τῶν
382 1607 419 1668 έκ
435 1602 647 1692 φιλοσοφίας
664 1601 780 1687 λόγων.
826 1606 857 1668 εί
873 1602 911 1667 δέ
925 1625 971 1688 τῳ
989 1600 1133 1688 ξυμβαίη
1156 1624 1192 1665 τι
1213 1607 1370 1683 πταῖσμα
1393 1602 1412 1664 9

111 1708 196 1770 κατὰ
225 1709 283 1770 τόν
311 1709 388 1791 βίον
415 1703 507 1790 (aaz)
535 1709 612 1793 ἢτοι
642 1711 748 1792 πίνης
778 1709 814 1769 έκ
836 1703 1003 1770 πλουσίου
1025 1711 1157 1789 γίνοιτο
1179 1707 1199 1791 ἢ
1223 1705 1374 1792 ἀσθενὴς

11 1811 167 1883 {wamel
198 1808 365 1886 ἀδύνατος
392 1811 429 1873 έκ
457 1808 644 1892 δυναμένου
670 1811 692 1895 ἢ
714 1807 818 1895 ἀλλην
845 1810 922 1872 τινά
945 1811 1029 1890 έχων
1052 1807 1178 1895 λύπην,
1208 1809 1242 1870 οί
1264 1805 1300 1871 δὲ
1325 1811 1373 1870 ol·

111 1915 281 1997 κειότερόν
304 1933 380 1988 πως
404 1911 623 1977 διατίθενται
645 1916 734 1998 πρὸς
756 1916 794 1975 τό
818 1918 954 1997 πρᾶγμα
969 1913 1026 1974 καὶ
1042 1913 1171 1994 τρόπον
1193 1910 1270 1973 τινά
1292 1911 1375 1972 ύπο·

69 2029 96 2079 11
116 2019 257 2095 μένουσι
279 2018 359 2091 τούς
380 2014 448 2078 τῶν
471 2013 678 2101 φιλοσόφων
698 2012 816 2097 λόγους
829 2016 888 2077 καί
903 2017 979 2089 πῶς
1002 2031 1090 2099 φασι
1106 2009 1247 2076 δεῖσθαι
1263 2031 1373 2093 παρα-

113 2118 254 2196 μυθίας.
298 2119 360 2180 κάν
381 2113 473 2199 (τις>
494 2114 668 2192 ἀπολέσας
690 2120 770 2200 τύχῃ
793 2117 869 2178 τινά
893 2113 960 2178 τῶν
984 2116 1126 2190 οίκείων,
1148 2115 1168 2199 ἡ
1192 2117 1330 2195 γυναῖκα
1352 2113 1372 2197 ἢ

114 2215 224 2281 παῖδα
246 2220 266 2304 ἡ
290 2216 449 2305 ἀδελφόν,
474 2215 629 2296 ἀξιοῦσιν
647 2219 874 2304 ἀφικνεῖσθαι
896 2220 954 2279 τόν
978 2213 1171 2303 φιλόσοφον
1192 2215 1249 2277 καὶ
1265 2233 1373 2300 παρη-

11 2325 236 2404 ιοΒΗ)γορεῖν,
260 2321 308 2395 ὡς
328 2324 406 2383 τότε
422 2316 498 2383 δέον
522 2324 663 2383 σκοπεῖν
678 2322 774 2395 δπως
788 2320 934 2404 μετρίως
953 2323 1039 2404 φέρῃ
1055 2338 1108 2392 τις
1130 2317 1172 2378 τό
1195 2319 1373 2399 γιγνόμενα

113 2423 171 2485 καὶ
194 2420 396 2508 δυνήσονται
417 2423 567 2503 ἀντέχειν
589 2425 663 2498 τοῖς
686 2419 832 2500 λοιποῖς,
856 2424 1023 2506 πρότερον
1039 2417 1074 2483 δὲ
1098 2421 1152 2483 ού·
1177 2421 1293 2504 ὥσπερ
1315 2420 1372 2482 καί
1385 2418 1425 2480 10

66 2534 98 2587 10
120 2527 200 2608 περὶ
221 2526 260 2587 τό
285 2523 379 2605 σῶμα
402 2526 517 2604 έχουσι
540 2522 658 2605 σχεδόν
681 2525 716 2587 ol
737 2525 892 2610 ἀνόητοι·
915 2527 974 2586 τόν
988 2526 1049 2604 μὲν
1064 2519 1167 2586 ἀλλον
1178 2525 1300 2608 χρόνον
1319 2523 1373 2584 ού-

114 2626 179 2689 θὲν
209 2623 328 2703 αὐτοῖς’
354 2624 449 2709 μέλει
477 2630 573 2702 δπως
597 2622 762 2691 δύνωνται
790 2628 968 2709 ύγιαίνειν,
998 2622 1083 2687 ἀλλά
1114 2627 1238 2701 σιτίοις
1259 2645 1296 2688 τε
1318 2627 1375 2688 καὶ

116 2727 195 2812 οἴνῳ
219 2731 276 2792 καλ
297 2726 520 2815 ἀφροδισίοις
534 2730 591 2792 καί
605 2738 647 2816 τῇ
663 2726 745 2814 άλλη
764 2726 876 2814 διαίτῃ
895 2731 942 2804 ὡς
959 2728 1032 2791 οίόν
1046 2749 1084 2790 τε
1106 2724 1302 2804 ἀκολάστως
1317 2729 1375 2792 καὶ

115 2827 223 2906 ἀδεῶς
234 2829 394 2916 χρῶνται,
419 2833 478 2895 έδν
500 2821 573 2916 (δ’)
588 2833 654 2914 ἀρα
669 2853 722 2908 τις
736 2829 975 2916 καταλαμβάνῃ
998 2827 1108 2905 κόπος
1121 2831 1178 2893 καὶ
1194 2824 1374 2915 <πυρετδς>

115 2935 195 3018 περὶ
221 2935 283 3009 τάς
310 2942 371 2996 τοῦ
397 2936 497 3017 ἀέρος
518 2932 710 3016 μεταβολάς
737 2927 816 3018 [καὶ]
845 2934 1053 3017 θεραπεύειν
1082 2938 1172 3018 σφᾶς
1200 2928 1375 2995 κελεύουσι

65 3045 98 3096 15
118 3036 240 3116 μεστοὶ
267 3037 360 3111 όντες
386 3032 527 3113 ἀταξίας
550 3033 680 3120 πολλῆς
700 3039 757 3100 καὶ
779 3039 979 3121 νοσημάτων
1002 3033 1162 3120 ίσχυρῶν,
1193 3033 1266 3096 οἷον
1286 3037 1375 3111 είκδς

113 3138 193 3212 τούς
214 3139 390 3213 τοιούτους
412 3134 698 3219 καταλαμβάνειν,
727 3141 823 3214 όπως
848 3137 884 3202 δὲ
913 3135 1018 3224 μηδὲν
1041 3138 1161 3222 ίατρού
1182 3132 1370 3221 δεήσονται,

114 3246 215 3301 τοῦτο
237 3240 298 3323 την
320 3240 423 3325 ἀρχὴν
446 3240 484 3301 ού
511 3248 707 3303 σκοποῦσιν.

201 3475 277 3538 1τις
294 3486 346 3526 0111
363 3470 393 3524 Μ
462 3467 561 3529 ῶνιται
579 3472 608 3526 Μ
677 3471 751 3539 δεῖς
768 3487 818 3542 pro
835 3470 868 3530 ἐκ
885 3471 916 3526 Μ
976 3472 1013 3532 τά
1032 3475 1144 3544 Ιεῶσιῐς
1163 3474 1373 3545 είσόανείζοντα

114 3551 208 3615 πολλά
228 3555 338 3614 Gallus
355 3557 492 3626 elessmtet
560 3552 787 3632 ἵύγιένανταΰ
854 3562 904 3616 καί
921 3559 1022 3616 sechui
1111 3556 1264 3632 θμεγάίιν
1280 3561 1307 3617 U

115 3646 149 3698 11
165 3645 214 3700 καί
231 3642 292 3699 εδδ
309 3642 390 3700 Dind.
471 3645 617 3702 πλουσίων
634 3644 659 3701 U
747 3648 778 3700 13
797 3643 825 3703 αὶ
841 3645 872 3703 δὲ
888 3645 917 3700 in
934 3643 1047 3714 εμοδοά
1062 3642 1116 3701 Dio
1134 3645 1243 3715 saepiu
1259 3648 1376 3716 usurpat

113 3726 215 3799 OEmp.)
304 3732 334 3784 10
352 3748 395 3795 τις
412 3727 504 3785 addidi
606 3723 669 3788 τινὰ
687 3729 768 3800 Emp.
785 3729 931 3794 verissimo,
948 3725 1028 3797 τινάς
1044 3728 1108 3785 libri
1195 3732 1227 3784 1³
1245 3723 1286 3796 ῶς
1302 3725 1372 3788 τότε

114 3813 251 3880 Reium,
269 3809 309 3881 ῶς
326 3810 362 3870 τὸ
379 3817 410 3873 Μ
428 3803 505 3872 ῶστε
522 3815 557 3872 ιδ
577 3814 627 3871 UB
705 3813 849 3889 γενόμενα
866 3815 944 3870 malit
960 3815 1041 3885 Emp.
1128 3817 1159 3869 19
1176 3809 1289 3886 δύνηται
1308 3816 1373 3872 wil.

115 3888 215 3974 ῶσπερ
230 3899 322 3970 Εωμ,
341 3893 381 3968 ῶς
397 3895 454 3974 γάρ
471 3899 534 3957 libri
549 3890 654 3968 (ούτας
669 3895 727 3974 γὰρ
744 3901 824 3970 Emp.
841 3900 872 3956 in
889 3900 1007 3965 schedis)
1094 3903 1124 3954 11
1145 3895 1278 3958 δύνανται
1296 3901 1321 3958 U

115 3980 187 4046 ἀλλά
207 3989 315 4056 σιτίους
332 4018 365 4028 -
384 3990 416 4043 11
432 3991 562 4060 χρῶνται
578 3988 633 4044 huo
650 3989 819 4058 transposuit
835 3986 964 4056 casaub„
985 3998 1055 4055 quse
1071 3984 1151 4054 vulgo
1168 3985 1295 4054 leguntur
1311 3990 1375 4056 post

114 4068 280 4146 μεταβολὰς
291 4073 308 4129 1.
321 4076 371 4144 14η
393 4089 448 4130 non
466 4075 566 4144 probat
582 4073 662 4139 wil„
686 4074 734 4130 τού
757 4077 864 4130 servato
888 4069 1022 4129 librorum
1044 4070 1139 4127 ordine
1160 4074 1224 4141 pont
1245 4075 1374 4145 χρῶνται

115 4171 240 4226 magnam
257 4158 383 4214 lacunam
400 4159 497 4215 mtnit
582 4162 615 4214 11
634 4155 745 4216 αίανται
764 4159 794 4214 Μ
880 4155 956 4215 13ά’
975 4154 1174 4213 1111011111).
1249 4175 1374 4230 πυρετος

115 4240 178 4299 add.
191 4241 318 4299 Roinkius
335 4247 384 4299 aut
399 4247 447 4301 καί
459 4244 511 4301 del.
563 4248 597 4300 11
613 4247 662 4303 καί
680 4243 824 4314 del.Emp.
880 4246 913 4298 25
932 4236 1054 4311 άξίαςΜ
1108 4245 1141 4298 16
1158 4239 1314 4315 δεήσονται
1326 4240 1375 4297 UB
