3452 5264
572 375 824 433 commum
840 376 979 434 mvn.
1361 377 1399 435 21

143 543 280 615 Ἱππίου
307 553 364 614 καί
386 541 557 642 Ἰσαγόρου
585 554 642 615 καί
669 547 850 634 τυραννίδα
878 558 938 636 τῆς
960 540 1116 628 Ἑλλάδος
1150 553 1401 635 καθίστασθαι,

147 661 280 740 πρῶτοι
308 655 370 733 μὲν
399 652 620 732 αἰσθόμεναι,
649 650 798 733 μάλιστα
828 650 864 717 δὲ
894 651 1114 739 όίηησαντες,
1144 657 1302 737 ἡγεμόνες
1329 649 1403 738 (δὲ)

146 762 220 833 τοῖς
242 753 359 832 ἄλλοις
381 763 441 842 τῆς
463 752 661 842 ἐλευθερίας
682 759 919 833 καταστάντες,
941 758 998 819 καί
1019 758 1143 842 ταύτην
1164 759 1224 843 τήν
1247 753 1401 820 διάνοιαν

149 859 186 920 οδ
208 860 312 938 μόνον
340 860 400 921 ίπί
422 863 489 920 τῶν
508 849 719 943 Ἀθηναίων,
749 855 833 920 ἀλλά
862 860 919 921 καί
946 859 1007 922 έπί
1027 865 1095 920 τῶν
1116 856 1402 938 Λακεδαιμονίων

109 969 124 1020 5
148 955 434 1046 διαφυλάξαντες,·
455 961 512 1022 καί
525 953 622 1046 (γάρ)
635 957 928 1041 Λακεδαιμονίοις
941 961 1029 1044 ὑπὲρ
1043 965 1111 1023 τῶν
1125 967 1247 1023 κοινῶν
1263 957 1402 1022 δικαίων

146 1071 206 1150 τῆς
223 1053 380 1136 Ἑλλάδος
406 1062 491 1142 μετά
520 1069 580 1148 τῆς
604 1061 766 1147 Θηβαίων
787 1064 845 1126 καί
863 1054 1011 1124 Ἠλείων
1034 1058 1169 1137 πόλεως
1196 1062 1402 1146 όντέβησαν·

10 1157 174 1248 109311ιῷ
195 1166 251 1228 καί
274 1160 441 1241 διέδειξαν
458 1165 496 1226 ού
513 1161 743 1251 φιλολάκωνες
759 1167 863 1243 όντες,
887 1157 966 1226 ἀλλ’
991 1161 1111 1239 ἁπλῶς
1128 1159 1325 1250 φιλέλληνες
1345 1165 1402 1225 καί

148 1264 360 1353 φιλοδίκαιοι
380 1268 437 1329 καί
460 1263 701 1353 φιλελεύθεροι
727 1269 785 1330 καί
809 1269 1040 1352 μισοπόνηροι
1065 1267 1122 1330 καί
1149 1267 1399 1348 μισοτύραννοι.

145 1367 397 1454 μισοβάρβαροι
418 1371 480 1448 μὲν
501 1370 564 1454 γάρ
589 1371 697 1445 ούτως
716 1365 821 1454 ἦσαν,
852 1371 939 1432 ὥστε
961 1371 1011 1444 είς
1036 1365 1263 1455 Θερμοπύλας
1284 1363 1452 1450 mea-18

98 1483 126 1534 ¹⁰
146 1473 284 1547 κοσίους
308 1478 405 1558 σφῶν
428 1463 539 1535 αὐτῶν
561 1468 778 1550 ἀπέστειλαν,
801 1475 923 1554 δτεπερ
945 1473 1001 1534 καί
1022 1468 1296 1551 Λακεδαιμόνιοι
1309 1490 1402 1553 τρια-

143 1576 289 1649 κοσίους.
335 1575 370 1636 έν
392 1571 560 1653 Σαλαμῖνι
583 1570 619 1637 δὲ
648 1574 851 1659 ἠρίστευσαν
882 1575 938 1636 καί
966 1581 1026 1659 τῆς
1054 1576 1147 1660 νίκης
1176 1573 1284 1636 αἴτιοι
1308 1577 1402 1634 κατέ·

147 1694 283 1763 στησαν.
323 1667 492 1761 Ἡροδότῳ
516 1676 580 1759 γάρ
596 1667 635 1738 οὐ
653 1682 821 1761 προσέχω,
844 1673 930 1739 ἀλλά
953 1674 1000 1758 τῷ
1022 1679 1120 1762 τάφῳ
1143 1678 1201 1740 καί
1222 1673 1269 1757 τῷ
1292 1676 1402 1754 Σιμω-

146 1776 231 1864 νίδῃ,
255 1779 293 1854 δς
315 1781 510 1864 έπέγραψεν
532 1780 594 1842 έπί
615 1783 689 1854 τοῖς
711 1784 841 1863 νεκροῖς
864 1786 931 1842 τῶν
955 1779 1154 1863 Κορινθίων
1173 1778 1403 1858 τεθαμμένοις

146 1884 182 1944 έν
207 1876 389 1962 Σαλαμῖνι·

99 1993 129 2042 σε
303 1981 329 2044 ὦ
354 1975 458 2060 ξεῖν’,
481 1979 619 2067 εύυδρόν
642 1975 721 2045 ποτ’
747 1985 903 2064 ἐναίομεν
926 1985 1010 2045 άστυ
1034 1983 1226 2065 Κορίνθου,

342 2092 399 2147 νῦν
422 2076 456 2148 δ’
482 2076 570 2164 ἄμμ’
596 2083 751 2160 Αἴαντος
772 2091 875 2160 νᾶσος
896 2087 965 2163 ἔχει
986 2080 1147 2164 Σαλαμίς.

301 2188 376 2270 ῥεῖα
400 2182 437 2249 δὲ
462 2187 652 2262 Φοινίσσας
674 2194 757 2270 νῆας
778 2188 835 2249 καί
857 2187 996 2269 Πέρσας
1018 2182 1151 2261 όλόντες

342 2289 399 2351 καί
420 2285 563 2374 Μήδους
587 2289 679 2371 ίερδν
698 2276 829 2350 Ἑλλάδ’
856 2284 1080 2373 ἱδρυσάμεθα.

149 2390 223 2452 ἔστι
245 2385 281 2452 δὲ
303 2391 360 2452 καί
381 2393 495 2474 ἕτερον
517 2391 714 2473 ἐπίγραμμα
736 2388 908 2474 Σιμωνίδη
932 2391 982 2465 είς
1004 2382 1106 2452 αὐτόν
1135 2391 1194 2451 τδν
1216 2387 1401 2473 στρατηγόν
1416 2389 1454 2453 19

99 2502 130 2554 2⁰
151 2488 339 2576 ἐξαίρετον·

303 2592 401 2670 ούτυς
421 2585 643 2672 Ἀδειμάντου
665 2596 775 2657 κείνου
798 2591 919 2680 τάφος,
943 2592 986 2657 ού
1006 2591 1063 2658 διδ
1087 2591 1213 2675 βουλάς

33 2711 89 2764 (ceo
105 2709 139 2760 κ)
347 2687 461 2770 Ἑλλάς
484 2693 683 2778 έλεοθερίας
705 2696 886 2782 ἀμφέθετο
910 2701 1087 2782 στέφανον.

9 2796 388 2884 σιοειῐιηλευθέρωσαν
419 2796 455 2860 δὲ
482 2800 539 2861 καί
566 2801 626 2885 την
654 2795 809 2862 Σικελίαν
838 2799 909 2861 δπδ
938 2806 1005 2862 τῶν
1033 2799 1231 2884 βαρβάρων,
1259 2799 1316 2860 καί
1344 2797 1405 2871 τάς

147 2904 363 2984 Συρακούσας
393 2899 428 2963 δέ
458 2901 529 2963 ἀπό
558 2907 625 2964 τῶν
652 2903 832 2984 τυράννων.
897 2897 937 2986 ην
973 2892 1005 2963 δ’
1045 2899 1130 2964 ίδεῖν
1157 2901 1343 2964 Διονύσιον
1371 2899 1406 2960 έν

100 3015 128 3064 2⁶
151 3005 325 3089 Κορίνθῳ,
347 3004 465 3083 θέαμα
487 2999 677 3081 κάλλιστον,
702 3001 838 3081 ούδενδς
859 3007 990 3087 κύριον·
1014 2996 1090 3066 ἀλλ’
1116 3007 1207 3085 δμως
1231 3000 1308 3065 ούδέ
1330 3007 1405 3063 τού·

148 3127 206 3170 τον
230 3102 340 3180 ούδείς
361 3102 470 3190 ηδίκει
493 3102 569 3168 ούδὲ
591 3101 768 3187 ἐξέβαλλεν
793 3099 865 3170 ούδ’
892 3101 1051 3192 ἐξήλαυνε
1074 3099 1152 3190 [τῶν
1174 3109 1210 3170 έκ
1228 3095 1403 3186 Σικελίας].

228 3211 268 3272 τδ
284 3200 317 3272 δ’
336 3208 499 3292 ἀνάθημα
514 3215 573 3293 τῆς
589 3206 723 3284 πόλεως
736 3209 790 3284 τίς
805 3210 1008 3294 ἀνέτρεψας
1024 3210 1062 3270 οὐ
1076 3211 1138 3289 μὲν
1151 3209 1208 3272 οόν
1225 3203 1404 3291 στρόβιλος
1414 3206 1456 3270 20

236 3517 246 3566 ι
262 3507 420 3584 είοαγδροο
430 3509 476 3578 Μς
488 3509 660 3566 scribendum
672 3513 721 3566 καί
730 3504 922 3583 (τδ>Ἶπαίοο
933 3513 983 3566 καί
994 3503 1142 3584 Ἰσαγόρου
1151 3504 1365 3584 <άόικάτερον>

150 3598 214 3656 κίε
231 3596 331 3664 addidi,
347 3596 418 3652 idem
436 3593 521 3650 voluit
537 3593 702 3651 Ηεττιετόευ
771 3595 858 3668 3τὴν
874 3611 927 3652 om.
940 3594 971 3650 Μ
1023 3591 1114 3669 εγδρ
1131 3595 1224 3652 addidi
1293 3600 1407 3668 τφιλο-

148 3677 245 3749 κάλως
262 3675 379 3754 ἔχοντες
394 3679 466 3750 libri,
483 3674 678 3752 φιλολάκωνες
697 3675 780 3747 ὄντες
798 3680 904 3736 Βελδειι.
1009 3684 1025 3736 9
1042 3675 1100 3754 γὰρ
1117 3695 1170 3736 om.
1187 3680 1218 3736 Μ
1306 3686 1337 3736 10
1356 3670 1406 3739 δτε

150 3787 230 3842 παρα
247 3769 297 3823 καί
313 3766 344 3822 Μ
396 3765 582 3836 τριακοσίους
599 3764 719 3822 eobotuu
737 3763 977 3822 oxflerodot.V11
994 3768 1053 3830 202,
1070 3766 1278 3836 τετρακοσίους
1293 3763 1357 3820 libri

154 3857 184 3908 12
207 3851 277 3908 idem
299 3849 464 3921 epigramm
486 3849 566 3906 affert
582 3849 655 3906 Plut„
675 3850 709 3906 όε
725 3848 827 3907 Ηετοδ.
845 3849 952 3919 ιακίίςο.
970 3853 1003 3904 39
1028 3849 1165 3906 simonide
1187 3865 1244 3907 non
1267 3849 1407 3906 nomime

150 3937 186 3995 cf.
205 3937 303 4007 Bergk.
320 3935 368 3992 PL
385 3933 470 4006 111p.
489 3939 541 3992 ωε
558 3935 600 3992 ιο.
619 3941 644 3992 ε.
715 3941 746 3992 ιε
765 3926 790 3993 ά
807 3940 881 4004 estve
898 3935 928 3988 M
945 3925 970 3992 ά
987 3935 1050 4003 een
1068 3935 1125 4003 σε,
1145 3951 1215 3992 corr.
1234 3934 1356 3992 σταται.

150 4019 254 4098 εδόράν
270 4021 296 4079 U
385 4025 415 4077 16
433 4024 484 4080 νῦν
500 4021 531 4080 δὲ
547 4015 616 4092 μετ’
636 4019 755 4088 αίαντος
771 4022 843 4088 libri,
860 4036 932 4078 corr.
950 4021 1121 4078 Valckenaer
1138 4019 1279 4078 Plutarchi
1295 4019 1408 4091 vestigia

150 4113 262 4165 εεσυίαε
348 4101 396 4179 ἔχε
413 4106 443 4159 Μ
533 4111 564 4162 17
582 4102 687 4166 ἐνθάδε
704 4123 754 4177 pro
773 4105 837 4181 ῥεῖα
854 4105 885 4166 δὲ
901 4106 974 4162 Ρίαί.
1062 4109 1132 4179 νῆας
1149 4105 1171 4160 B
1190 4109 1259 4174 ναῦς
1275 4105 1331 4163 ΠΜ

154 4197 184 4250 18
198 4188 316 4268 Ἑλλάδα
334 4186 486 4266 ῥυσάμεθα
503 4191 649 4248 διοοδείσε
662 4187 781 4250 Ἐλλάδα
800 4187 932 4266 ῥυόμεθα
949 4191 1021 4248 Plut.
1096 4197 1126 4247 1⁹
1144 4189 1325 4267 ἐπίγραμμαε
1342 4191 1408 4246 item

151 4279 225 4348 apud
241 4276 314 4333 Plut.
332 4276 351 4332 l.
369 4275 388 4332 Ι.
404 4281 512 4348 prostat
598 4281 628 4332 21
651 4270 688 4334 δν
704 4273 750 4336 διὰ
769 4281 849 4335 πάσα
867 4276 940 4333 Plut.
1018 4281 1050 4332 24
1069 4275 1269 4347 ουρακούυοας
1286 4275 1340 4332 ΒΜ

152 4367 212 4421 τοῖν
229 4377 281 4420 om.
300 4362 331 4418 M
400 4359 433 4419 ἐν
450 4360 479 4417 Μ
495 4361 550 4433 μὲν
566 4359 599 4420 ἐν
616 4361 665 4419 UB
733 4367 766 4419 25
784 4359 938 4422 τούτωνΰ
1013 4366 1047 4418 26
1065 4355 1238 4433 οὐδ’,ρτίοτε
1255 4359 1357 4417 locoU

107 4513 111 4521 ¹
153 4443 219 4507 ούδδ
236 4449 323 4505 sltem
340 4447 443 4504 locon
523 4451 583 4506 ταῖν
600 4445 633 4506 έκ
651 4451 786 4516 Σικελίας
803 4449 854 4505 δεῖ.
873 4447 955 4504 Dind.
1024 4453 1056 4504 27
1075 4441 1110 4507 ού
1128 4446 1235 4518 scripsi,
1253 4445 1280 4504 εί
1294 4445 1363 4502 libri·

153 4528 310 4608 στρόφιλος
326 4530 357 4586 Κ
