3452 5264
614 403 752 460 omlo
770 403 922 460 xxxvm.
1356 406 1396 467 33

140 581 202 660 μὲν
229 576 368 665 ήδοναῖς
397 580 617 656 πεισθέντες,
653 581 688 641 οί
717 576 752 642 δέ
784 582 910 656 πόνους
939 582 1119 666 φεύγοντες
1147 583 1312 664 ὑγιεινούς
1339 585 1397 646 καί

142 679 276 758 διαίτας
311 684 500 768 σώφρονας.
556 683 588 744 εί
622 678 657 744 δέ
690 678 735 766 μή
766 689 866 744 τοῦτο
895 687 968 758 τοῖς
996 684 1170 765 μεγίστοις
1195 682 1261 746 τῶν
1288 682 1397 747 κακῶν

141 785 269 870 ύπήρχε
290 785 469 870 βοήθημα,
491 787 511 867 ή
535 784 727 867 παραυτίκα
749 781 868 870 ήδονή,
893 781 1033 865 δύναμιν
1056 786 1097 846 ἀν
1120 775 1193 847 οἷδ’
1219 783 1306 861 ύλως
1328 787 1395 867 εἶχε

26 902 81 950 ιιτε
94 901 125 952 ιιι
139 883 319 969 βλάπτειν·
341 893 398 950 νύν
422 884 457 948 δέ
481 876 599 961 αὐτοῖς
620 883 777 972 έδωκενή
795 889 908 972 φύσις,
932 887 1020 949 ὥστε
1034 881 1208 964 ἐξαπατᾶν
1224 884 1396 952 δύνασθαι

106 1001 121 1050 5
143 991 199 1052 καὶ
220 994 358 1072 τέρπειν
379 991 459 1064 τούς
479 986 729 1069 ἀδικουμένους.
770 990 827 1051 καί
848 989 910 1050 ἐπί
931 1008 967 1071 γε
990 979 1017 1070 ᾦ
1039 1009 1092 1064 τις
1114 990 1155 1051 ἀν
1176 991 1233 1052 καὶ
1247 987 1395 1069 μάλιστα
1411 995 1449 1057 13

143 1093 351 1177 φθονήσειεν
374 1081 506 1168 αὐτοῖς,
536 1093 643 1153 ἐκεῖνό
666 1093 758 1153 ἐστιν
781 1093 833 1152 ύτι
863 1086 989 1173 [πάντα
1011 1091 1052 1152 τά
1075 1085 1172 1173 κακά]
1198 1088 1303 1154 λυπεῖ
1320 1095 1399 1168 τούς

4 1207 122 1262 mnu)
139 1195 349 1278 ἀνθρώπους
371 1195 476 1256 ύποῖά
499 1195 593 1256 ἐστιν
615 1195 871 1273 ἐπισταμένους.
918 1196 948 1256 εί
969 1195 1031 1274 μὲν
1056 1193 1114 1256 σύν
1129 1214 1182 1269 τις
1197 1195 1398 1280 ἐρωτήσειεν

139 1299 197 1359 ἕνα
220 1293 325 1382 ἀνδρα
346 1298 367 1382 ή
392 1293 540 1372 πολλοὺς
563 1297 650 1376 ὁμοῦ
671 1297 751 1380 περί
765 1292 832 1358 τῶν
848 1298 1023 1376 ὀνομάτων
1040 1286 1159 1369 αι’τῶν,
1183 1297 1218 1359 ἐν
1242 1297 1331 1378 ποίῳ
1357 1294 1395 1382 δή

140 1403 237 1483 μέρει
258 1400 299 1460 τά
322 1406 463 1461 τοιαῦτα
485 1400 740 1474 κατατάττεται,
764 1395 911 1478 πόλεμοι
933 1399 990 1460 καί
1006 1401 1144 1473 στάσεις
1159 1400 1215 1462 καί
1229 1401 1327 1462 νόσοι
1342 1403 1399 1462 καί

93 1510 121 1564 10
142 1501 184 1563 τά
207 1503 342 1577 τούτοις
364 1502 552 1586 ὁμότροπα,
577 1497 672 1563 ούδίν
695 1501 736 1563 ἀν
757 1497 927 1586 μελλήσας
949 1501 1173 1584 ἀποκρίναιτο
1189 1493 1322 1584 [οὐδεὶς]
1346 1504 1400 1564 ύτι

142 1610 249 1665 ταῦτα
271 1605 307 1665 ἐν
329 1607 403 1678 τοῖς
425 1607 541 1678 κακοῖς
562 1605 722 1665 τάττεται
735 1604 792 1665 καί
807 1595 1010 1682 ούτως<ὡς>
1033 1603 1102 1681 ἐχει
1124 1603 1180 1665 καί
1202 1600 1399 1683 νενόμισται

140 1706 196 1767 καί
216 1702 370 1769 καλεῖται
391 1707 484 1766 κακά.
521 1705 563 1767 τύ
588 1695 621 1766 δ’
646 1705 781 1767 ἐναντία
796 1707 941 1782 τούτοις,
965 1706 1078 1789 είρήνη
1101 1706 1158 1767 καί
1174 1703 1316 1784 ύμύνοια
1339 1708 1395 1769 καί
1410 1711 1449 1772 14

141 1809 250 1889 ύγεία,
278 1809 335 1871 καί
357 1815 462 1870 ταῦτα
485 1804 595 1882 οὐδεὶς
618 1801 695 1889 (ἂν)
722 1808 881 1870 ἀντείποι
908 1803 954 1892 μή
984 1809 1057 1887 ούχί
1086 1808 1202 1890 ἀγαθά
1231 1809 1288 1870 καί
1310 1807 1399 1871 εἶναι

140 1910 197 1972 καί
220 1905 392 1991 λέγεσθαι.
431 1915 579 1993 φανεράς
603 1905 639 1970 δὲ
663 1909 771 1983 ούτως
794 1909 897 1993 οὔσης
918 1917 978 1994 τῆς
999 1911 1108 1994 μάχης
1122 1916 1189 1972 τῶν
1211 1917 1321 1972 κακῶν
1343 1913 1399 1973 καί

93 2023 123 2076 15
144 2008 210 2072 τῶν
232 2010 383 2092 ἀγαθῶν,
405 2013 497 2090 ὅμως
512 2011 581 2072 είσί
595 2031 694 2087 τινες,
715 2006 896 2091 μᾶλλονδὲ
913 2007 1047 2087 πολλοί,
1071 2013 1195 2086 οίτινες
1209 2009 1276 2073 τῶν
1290 2010 1399 2074 κακῶν

141 2117 215 2186 τοῖς
243 2109 526 2194 ὁμολογουμένοις
551 2111 722 2196 χαίρομεν.
772 2113 829 2174 καί
858 2113 937 2192 περὶ
964 2108 1000 2173 δέ
1023 2120 1082 2197 τῆς
1103 2113 1187 2186 νεὼς
1217 2115 1341 2188 πάντες
1365 2117 1399 2176 οἱ

143 2211 303 2289 πλέοντες
325 2215 549 2294 ἐπιστάμενοι
566 2211 658 2276 διότι
672 2215 734 2295 μία
751 2214 834 2298 αὕτη
850 2214 924 2276 ἐστί
941 2215 1101 2298 σωτηρία,
1123 2215 1163 2276 τδ
1179 2215 1259 2289 τούς
1274 2217 1397 2290 ναύτας

143 2317 297 2396 ὁμονοεῖν
318 2316 376 2378 καί
396 2314 445 2397 τῷ
466 2316 647 2401 κυβερνήτῃ
675 2315 886 2392 πείθεσθαι,
915 2319 1094 2400 γενομένης
1123 2312 1158 2378 δὲ
1190 2318 1341 2392 στάσεως
1363 2319 1398 2380 έν

143 2419 227 2502 αὐτῇ
248 2418 304 2480 καί
326 2417 513 2492 ἀπειθείας
536 2410 627 2480 διότι
648 2419 705 2480 καί
726 2418 767 2479 τά
792 2413 885 2495 δεξιά
909 2413 1072 2493 πολλάκις
1102 2415 1169 2481 τῶν
1196 2421 1397 2499 πνευμάτων

93 2531 125 2586 1ο
147 2521 197 2595 είς
219 2520 371 2582 ἐναντίον
391 2527 433 2605 τῇ
456 2521 509 2605 νηί
532 2521 751 2603 περιίσταται
772 2521 828 2582 καί
850 2517 916 2582 τῶν
940 2517 1083 2598 λιμένων
1106 2521 1397 2603 ἀποτυγχάνουσιν

141 2623 236 2705 ἐγγύς
248 2624 365 2698 άντων,
384 2625 476 2702 δμως
489 2617 730 2699 στασιάζουσιν
741 2623 834 2685 ἐστιν
846 2625 901 2685 ύτε
912 2622 981 2684 ύπδ
994 2623 1189 2709 ἀφροσύνης
1202 2616 1247 2708 [ol
1257 2617 1398 2708 ναῦται],

139 2728 196 2788 καί
216 2731 316 2787 τοῦτο
340 2721 529 2787 ἀπόλλυσιν
545 2725 667 2800 αύτούς
682 2725 929 2804 ἐπισταμένους
944 2731 1007 2786 τοῦ
1020 2721 1167 2809 ὀλέθρου
1188 2721 1248 2810 τήν
1271 2727 1394 2788 αἰτίαν.
1410 2731 1449 2791 15

140 2829 195 2890 καί
205 2825 271 2889 τῶν
288 2825 389 2890 οἴκων
405 2822 440 2889 δὲ
456 2835 516 2911 τῆς
533 2828 702 2912 σωτηρίας
715 2827 818 2912 ούσης
829 2828 865 2890 ἐν
876 2847 913 2890 τε
924 2835 966 2912 τῇ
977 2825 1045 2890 τῶν
1058 2823 1233 2890 δεσποτῶν
1245 2829 1396 2914 ὁμοφρο-

142 2932 221 3014 σύνῃ
243 2931 300 2992 καί
321 2931 357 2992 έν
380 2937 421 3014 τῇ
443 2927 510 2991 τῶν
526 2928 662 2992 οἰκετῶν
678 2929 878 3013 πειθαρχίᾳ,
902 2926 1052 3005 πολλοὺς
1066 2933 1158 3010 ὅμως
1174 2928 1286 3005 οἴκους
1301 2930 1381 2992 ἀπιύ

93 3041 123 3092 2⁵
146 3028 240 3095 λεσεν
254 3034 274 3118 ή
290 3052 326 3094 τε
342 3027 525 3116 δεσποτική
543 3033 663 3107 στάσις
676 3033 766 3118 καλή
790 3028 1001 3095 κακοδουλία.
1040 3031 1089 3115 τῶ
1103 3035 1164 3113 μὲν
1186 3034 1249 3116 γάρ
1272 3033 1398 3113 ἅρματι

143 3135 228 3196 ποία
243 3130 487 3196 καταλείπεται
503 3135 653 3218 σωτηρία
668 3132 734 3196 τῶν
751 3134 870 3197 ίππων
886 3135 1026 3197 συνθεῖν
1040 3131 1085 3218 μή
1099 3131 1272 3198 θελόντων
1278 3156 1290 3210 ,·
1304 3137 1397 3196 ἐπει-

144 3233 205 3298 δύν
221 3237 284 3319 γάρ
309 3231 479 3320 ἀρξαινται
496 3231 694 3312 διαστάντες
709 3234 868 3322 ἀφέλκειν
883 3232 986 3312 ἀλλος
1000 3233 1137 3321 ἀλλαχῇ,
1162 3243 1255 3299 πάσα
1271 3237 1395 3322 ἀνάγκη

143 3336 346 3401 κινδυνεύειν
376 3339 435 3399 τὸν
462 3338 607 3423 ήνίοχον.
663 3339 683 3399 ύ
713 3335 748 3401 δὲ
776 3343 883 3420 γάμος
906 3341 925 3401 δ
945 3339 1080 3422 ἀγαθὸς
1100 3340 1136 3401 τί
1157 3335 1240 3400 ἀλλο
1263 3339 1395 3424 ἐστίνή

6 3453 128 3506 mn)
143 3442 284 3521 ὁμόνοια
307 3436 430 3520 ἀνδρὸς
453 3441 540 3520 πρὸς
561 3443 720 3521 γυναῖκα,·
748 3441 805 3502 καί
833 3443 852 3503 ἀ
871 3444 972 3516 κακὸς
998 3443 1106 3522 γάμος
1133 3441 1169 3502 τί
1196 3437 1279 3503 ἀλλο
1301 3442 1393 3504 ἐστίν

91 3544 163 3628 εύή
186 3547 206 3626 ή
229 3545 358 3605 τούτων
381 3538 551 3620 διχόνοια,“
578 3542 636 3604 καί
656 3545 780 3604 τέκνων
802 3538 838 3604 δέ
861 3543 914 3616 τίς
942 3539 1091 3627 ὠφέλεια
1119 3551 1286 3625 γονεῦσιν,
1316 3545 1396 3604 ύταν

228 3719 306 3782 ιδιά
325 3719 377 3792 τὰς
395 3723 424 3778 Μ
494 3721 645 3792 ἐδύναμιν
663 3739 713 3780 om.
733 3722 762 3777 Μ
835 3715 902 3780 ούδέ
918 3723 950 3779 Μ
1019 3729 1095 3789 5τις
1112 3719 1150 3781 ἀν
1166 3727 1215 3782 καί
1231 3721 1396 3794 μάλισταΒ

142 3831 185 3877 τις
201 3805 239 3869 άν
254 3807 378 3881 μάλιστα
395 3808 426 3862 Μ
447 3811 496 3867 καί
518 3805 643 3880 μάλιστα
666 3810 709 3876 τίς
731 3803 769 3868 άν
785 3807 835 3863 UT
939 3813 954 3864 6
971 3803 1067 3866 πάντα
1085 3838 1119 3848 -
1135 3805 1211 3869 κακὰ
1229 3809 1343 3876 seclusi,
1365 3809 1399 3866 δε

141 3896 267 3952 omnibus
286 3895 362 3952 mulin
380 3895 433 3950 hoc
450 3893 505 3950 dici
522 3895 615 3966 nequit
675 3889 712 3954 τὰ
728 3888 802 3953 καλά
815 3893 891 3950 UBT
960 3890 1146 3969 ’ίέρωτήσειε
1163 3894 1216 3949 ΒΜ
1284 3895 1397 3969 ἐμέρει

140 3978 173 4053 δή
192 3981 255 4044 (hoc
273 3979 343 4046 ord.)
362 3979 411 4035 UT
427 3979 506 4053 μέρει
525 3983 568 4038 δεῖ
581 3979 613 4035 Μ
700 3983 731 4035 10
747 3969 950 4050 μελιτήσαςῦ
967 3975 1128 4050 μελήσαςΤ
1219 3969 1396 4051 ἀπεκρίνατο

140 4066 212 4132 libri,
232 4066 424 4124 comoedias
529 4059 620 4131 οὐδεὶς
636 4064 708 4120 delet
726 4065 836 4121 Geelins
932 4069 961 4120 11
981 4063 1115 4122 τέτακται
1132 4063 1206 4130 (αἱαὶ)
1224 4065 1272 4122 UT
1359 4057 1399 4131 δς

140 4151 324 4208 οδδ.11ο1ιΙιυ
412 4155 444 4208 1³
461 4147 500 4209 δν
516 4150 578 4208 ιύδ.
597 4150 700 4207 ΒοὶΙΙισ
767 4154 817 4208 καλ
835 4167 888 4206 om.
905 4151 937 4205 Μ
1007 4154 1039 4206 16
1054 4151 1199 4225 χαίρομεν
1214 4149 1286 4214 libri,
1304 4153 1396 4206 tuetur

141 4237 206 4293 Wil.
225 4237 286 4294 coll.
305 4238 390 4294 Ιεοεε.
410 4243 435 4302 τ,
448 4243 471 4293 9.
492 4240 532 4303 12,
543 4240 576 4291 92
679 4239 730 4309 τῆς
746 4233 819 4303 νεάς
836 4237 1052 4306 coniungendam
1075 4241 1118 4292 εει
1135 4251 1196 4292 cum
1213 4236 1342 4309 σωτηρία
1360 4235 1397 4292 οῖ.

139 4323 158 4378 l.
176 4326 209 4377 23
227 4327 286 4380 ταῖν
304 4319 393 4381 οίκων
409 4323 440 4379 δὲ
457 4324 507 4393 τῆς
524 4323 681 4396 σατηρίας;
698 4323 791 4391 itaque
801 4338 852 4392 pro
870 4325 918 4380 καί
936 4325 1002 4397 περί
1019 4321 1050 4381 δὲ
1066 4321 1158 4378 scribo
1174 4323 1280 4392 καίπερ
1296 4317 1328 4392 δή

143 4413 172 4462 11
192 4401 262 4480 αύτή
281 4407 304 4462 Τ
386 4411 417 4463 18
435 4408 585 4465 πείσεσθαι
604 4407 632 4462 Μ
704 4410 735 4462 19
753 4400 889 4474 ἀπειθίας
906 4405 937 4460 Μ
1013 4410 1044 4462 21
1065 4405 1093 4464 οί
1112 4408 1213 4464 ναῦται
1230 4405 1329 4462 ιοεΙυε1

141 4497 173 4548 11
192 4491 329 4568 ἄρξονται
347 4492 370 4549 U
480 4487 608 4564 άλλαχοῦ
624 4491 695 4560 libri,
713 4486 825 4564 ἀλλαχῆ
842 4493 922 4563 Emp.
1031 4496 1064 4549 28
1082 4487 1175 4566 γάμος
1194 4485 1210 4548 δ
1229 4505 1280 4546 om.
1300 4490 1329 4547 Μ

141 4583 174 4634 ³0
194 4573 304 4650 αίφελία
323 4578 352 4633 Μ
370 4573 479 4650 ῶφελια
499 4577 523 4634 U

194 4671 251 4718 mo.
267 4671 297 4716 11.
1178 4667 1193 4718 ³
