3476 5264
681 369 921 428 omxoxm
1374 381 1436 442 τις

178 543 265 623 δέον,
287 546 332 630 μὴ
356 547 474 624 μέντοι
496 545 703 628 πράττωσιν.
742 547 780 608 οδ
795 549 858 630 γάρ
880 549 957 610 ἐστι
977 546 1074 626 τέλος
1091 551 1168 616 οδτε
1181 559 1255 630 τοῖς
1269 557 1434 636 κάμνουσι
1457 559 1476 622 3

177 649 216 710 τδ
239 653 364 730 γνῶναι
385 648 425 709 τδ
449 649 621 731 συμφέρον
645 646 778 724 αὐτοῖς,
807 640 883 710 ἀλλ’
910 648 1007 730 οἶμαι
1029 653 1068 714 τδ
1087 655 1305 739 χρήσασθαι·
1335 665 1435 720 τοῦτο

177 749 240 832 γάρ
264 748 379 824 αὐτοῖς
401 745 544 833 παρέξει
566 751 625 834 την
647 749 793 831 ὑγίειαν·
817 751 893 814 οὔτε
915 757 989 827 τοῖς
1004 749 1123 830 άλλυις
1137 758 1176 818 τδ
1191 759 1321 836 μαθεῖν
1341 779 1378 843 γι
1394 761 1436 824 τά

181 847 378 938 ὠφελοῦντα
400 853 456 914 καί
477 849 674 933 βλάπτοντα
691 853 778 934 πρδς
794 853 852 915 τδν
866 853 953 936 βίον,
976 850 1062 918 ἀλλά
1077 859 1116 919 τδ
1131 861 1176 945 μη
1194 856 1436 945 διαμαρτάνειν

142 967 158 1018 δ
179 948 251 1035 (ἐν)
261 951 304 1038 τῇ
314 955 443 1016 τούτων
456 955 594 1036 αἱρέσει.
620 955 781 1040 καθάπερ
793 955 856 1039 γάρ
868 957 961 1018 ἔστιν
974 954 1060 1021 ίδεῖν
1070 961 1150 1035 τοὺς
1166 960 1437 1046 ὀφθαλμιῶντας

180 1058 429 1137 ἐπισταμένους
459 1058 521 1138 μέν
549 1058 603 1119 δτι
633 1054 739 1120 λυπεῖ
760 1059 800 1121 τδ
829 1061 1016 1144 προσάγειν
1043 1067 1118 1137 τοῖς
1146 1061 1347 1149 ὀφθαλμοῖς
1375 1065 1436 1140 τάς

175 1165 302 1244 χεῖρας,
325 1163 417 1240 δμως
441 1155 476 1220 δέ
501 1160 559 1221 οδκ
580 1157 767 1236 ἐθέλοντας
790 1161 995 1241 ἀπέχεσθαι,
1018 1161 1272 1250 παραπλησίως
1286 1167 1343 1228 καί
1357 1167 1436 1250 περί

177 1262 219 1324 τά
242 1258 327 1324 ἄλλα
350 1265 532 1346 πράγματα
556 1263 591 1324 ol
613 1259 737 1326 πολλοὶ
757 1265 815 1326 καί
837 1260 912 1326 λίαν
936 1259 1065 1340 είδδτες
1087 1268 1134 1341 ὡς
1158 1268 1196 1328 οδ
1213 1265 1385 1330 λυσιτελεῖ
1402 1289 1437 1330 τι

177 1369 301 1443 ποιεῖν,
325 1361 422 1428 οὐδὲν
443 1365 544 1450 ἦττον
566 1366 799 1444 ἐμπίπτουσιν
821 1367 872 1440 είς
894 1367 985 1429 αάτδ.
1022 1369 1075 1442 τίς
1096 1376 1176 1450 γοῦν
1200 1370 1258 1432 οὐκ
1280 1368 1352 1432 οἶδε
1374 1372 1434 1456 τὴν
1457 1379 1477 1440 4

28 1476 157 1534 (mamm
178 1468 342 1551 ἀκρασίαν
365 1469 412 1542 ὡς
432 1472 518 1549 μέγα
540 1469 614 1530 έστί
635 1470 736 1531 κακὸν
758 1474 832 1543 τοῖς
847 1469 981 1547 ἔχουσιν
988 1491 1000 1545 ;
1022 1462 1099 1533 ἀλλ’
1124 1474 1217 1550 δμως
1231 1473 1372 1556 μυρίους
1394 1473 1436 1534 άν

176 1589 230 1644 τις
252 1570 409 1653 ἀκρατεῖς
431 1570 533 1653 εὕροι.
578 1572 634 1633 καί
656 1572 694 1656 νὴ
717 1571 787 1632 Δία
809 1589 846 1652 γε
868 1573 927 1656 τὴν
950 1571 1070 1655 άργίαν
1094 1574 1243 1648 ἅπαντες
1258 1572 1374 1636 ἴσασιν
1390 1575 1437 1649 ὡς

176 1671 215 1732 οδ
236 1673 341 1751 μόνον
364 1671 423 1750 οὐχ
445 1672 501 1733 οῖα
524 1692 560 1735 τε
583 1667 737 1756 πορίζειν
759 1673 800 1734 τά
825 1669 944 1735 δέοντα
962 1675 1050 1758 πρὸς
1066 1676 1104 1736 τδ
1121 1669 1189 1760 ζῆν,
1213 1665 1288 1736 ἀλλ’
1314 1675 1366 1737 έτι
1381 1678 1438 1738 καί

173 1773 216 1834 τά
239 1775 318 1836 άντα
341 1770 527 1836 ἀπόλλυσι·
556 1775 670 1838 καίτοι
691 1769 848 1858 <σχεδ>δν
877 1797 913 1838 τι
941 1772 1081 1850 πλείους
1110 1777 1204 1840 έστιν
1227 1779 1336 1861 εὑρεῖν
1357 1780 1437 1853 τούς

42 1875 301 1959 (ιειεῐοδργοδς
322 1883 389 1938 τῶν
417 1872 610 1940 ἐθελόντων
639 1898 673 1939 τι
702 1879 873 1962 πράττειν.
925 1879 1009 1941 ὅθεν
1038 1877 1136 1959 οίμαι
1163 1881 1329 1964 προσήκει
1356 1882 1436 1954 τούς
1458 1889 1477 1950 5

128 1986 157 2040 ιδ
178 1978 317 2059 ἄμεινον
341 1987 550 2064 φρονοῦντας
572 1981 626 2043 ἀεὶ
646 1981 703 2042 καί
726 1987 870 2059 συνεχῶς
892 1981 978 2064 ὑπὲρ
994 1982 1122 2043 τούτων
1139 1978 1256 2063 λέγειν,
1279 1984 1338 2045 ἐάν
1361 2001 1437 2058 πως

175 2085 313 2166 γίνηται
344 2078 485 2144 δυνατὸν
514 2085 726 2164 ἐπιστρέψαι
755 2083 811 2144 καί
844 2082 1042 2163 βιάσασθαι
1078 2083 1166 2168 πρὸς
1201 2087 1240 2146 τδ
1274 2090 1435 2169 κρεῖττον.

177 2183 293 2266 ὥσπερ
315 2183 379 2266 γάρ
402 2186 438 2245 ἐν
460 2189 533 2259 τοῖς
554 2184 755 2269 μυστηρίοις
773 2184 792 2244 δ
809 2185 1013 2268 ἱεροφάντης
1029 2185 1087 2263 οδχ
1103 2181 1198 2261 άπαξ
1213 2188 1437 2270 προαγορεύει

176 2289 250 2359 τοῖς
271 2289 474 2365 μυουμένοις
496 2287 636 2348 ἕκαστον
660 2283 706 2347 ῶν
725 2287 797 2371 χρη,
820 2287 879 2348 τδν
894 2285 995 2347 αάτδν
1018 2278 1150 2369 τρόπον
1171 2289 1230 2350 καί
1249 2288 1329 2362 τοδς
1350 2289 1437 2371 ὑπὲρ

177 2384 244 2450 τῶν
268 2385 510 2472 συμφερόντων
533 2385 651 2471 λόγους
681 2389 796 2472 ὥσπερ
825 2388 902 2450 τινά
925 2383 1114 2474 πρόρρησιν
1147 2390 1240 2474 ἱεράν
1270 2386 1441 2452 λυσιτελεῖ

127 2502 158 2556 υ)
179 2486 354 2567 πολλάκις,
376 2487 502 2571 μᾶλλον
526 2487 561 2554 δὲ
584 2492 638 2554 ἀεὶ
653 2488 825 2572 λέγεσθαι.
863 2490 905 2552 τά
920 2497 999 2572 γοῦν
1016 2489 1264 2578 φλεγμαίνοντα
1279 2489 1348 2554 τῶν
1371 2509 1435 2554 σω·
1460 2501 1479 2564 6

175 2594 292 2674 μάτων
316 2593 374 2654 οδκ
397 2586 502 2669 εὐθὺς
524 2590 663 2656 ἐνέδωκε
686 2595 774 2678 πρὸς
795 2594 855 2678 την
878 2585 1017 2678 πρώτην
1038 2587 1270 2680 καταιόνησιν,
1294 2585 1371 2656 ἄλλ’
1396 2582 1437 2656 ὃν

179 2693 324 2776 συνεχῶς
345 2704 446 2759 τοῦτο
469 2704 555 2782 ποιῇ
577 2717 639 2775 τις,
662 2693 840 2781 ἐμαλάχθη
855 2693 1012 2780 ναίρᾷον
1035 2696 1146 2776 ἔσχεν·
1170 2688 1288 2759 οὐκοῦν
1311 2697 1438 2776 δμοίως

175 2799 232 2861 καί
254 2801 314 2884 την
336 2802 371 2861 ἐν
393 2806 435 2884 τῇ
457 2807 550 2885 ψυχῇ
572 2797 639 2861 τῶν
662 2795 799 2861 πολλῶν
831 2795 1020 2884 φλεγμονὴν
1051 2799 1226 2884 ἀγαπητὸν
1249 2797 1285 2862 εἴ
1306 2819 1359 2874 τις
1384 2795 1438 2860 δί-

177 2919 274 2963 ναιτο
297 2899 449 2983 πραίναι
471 2897 632 2985 διηνεκῶς
654 2899 702 2984 τῶ
725 2897 812 2984 λόγῳ
833 2902 1015 2986 χρώμενος.

129 3029 158 3082 εδ
267 3021 361 3102 Φημί
389 3017 428 3106 δη
457 3023 515 3083 καί
543 3022 710 3107 περὶτῆς
739 3017 938 3098 πλεονεξίας
967 3017 1096 3084 είδέναι
1123 3023 1185 3102 μέν
1214 3023 1370 3096 ἅπαντας
1392 3021 1438 3096 ὡς

179 3121 255 3184 οὔτε
279 3125 452 3207 συμφέρον
476 3123 552 3184 οδτε
572 3119 675 3185 καλόν
697 3124 802 3200 ἐστιν,
825 3120 910 3185 ἀλλά
925 3121 993 3185 τῶν
1006 3125 1176 3206 μεγίστων
1190 3120 1301 3187 κακῶν
1317 3119 1438 3198 αἴτιον,

176 3225 222 3310 με)
252 3227 371 3305 μέντοι
399 3241 435 3306 γε
464 3225 661 3304 ἀπέχεσθαι
687 3222 773 3310 μηδὲ
802 3222 937 3288 ἐθέλειν
972 3222 1100 3310 μηδένα
1136 3227 1333 3311 ἀνθρώπων
1363 3223 1439 3288 ἴσον

178 3325 267 3406 ἔχειν
288 3322 336 3408 τῷ
360 3323 476 3402 πέλας.
513 3327 627 3388 καίτοι
648 3329 707 3413 την
729 3329 791 3407 μέν
812 3329 932 3411 άργίαν
954 3329 1011 3391 καί
1032 3330 1092 3414 την
1115 3329 1280 3413 ἀκρασίαν
1300 3329 1358 3392 καί
1378 3347 1436 3390 κα·
1460 3337 1479 3399 7

179 3424 290 3490 θόλου
313 3429 429 3503 πάσας
451 3425 571 3503 ἁπλῶς
592 3429 654 3503 τάς
676 3426 782 3504 ἄλλας
809 3429 927 3504 κακίας
956 3430 1052 3514 εδροι
1080 3451 1133 3506 τις
1163 3419 1204 3493 ἂν
1227 3422 1344 3506 αὐτοῖς
1366 3435 1440 3506 τοῖς

130 3542 160 3595 ³⁰
182 3531 298 3611 έχουσι
319 3527 502 3614 βλαβεράς,
530 3533 588 3594 καί
608 3533 793 3606 νουθεσίας
815 3533 876 3612 μὲν
899 3529 997 3610 οἶμαι
1018 3534 1075 3595 καί
1095 3535 1338 3614 καταγνώσεως
1360 3534 1440 3607 τους

177 3634 213 3696 ἐν
235 3653 303 3695 τινι
325 3635 453 3696 τούτων
475 3634 689 3721 ὑπάρχοντας
720 3632 859 3709 δικαίως
886 3635 1125 3716 τυγχάνοντας,
1156 3624 1194 3696 οὗ
1227 3636 1293 3721 μην
1320 3649 1439 3714 μισου-

180 3737 302 3810 μένους
329 3753 367 3817 γε
394 3733 470 3798 οδδέ
498 3738 632 3814 νοινοδς
655 3739 767 3800 ἅπασι
789 3731 969 3814 δοκοῦντας
997 3737 1151 3822 ἐχθρούς.
1210 3741 1230 3820 η
1260 3733 1440 3813 πλεονεξία

263 4025 279 4077 3
302 4015 401 4096 ὕγείαν
417 4021 490 4089 nbrl,
508 4038 579 4080 corr.
597 4024 679 4080 Dina.
731 4045 765 4098 γε
783 4019 819 4084 τδ
837 4024 945 4095 τεείμιί,
963 4020 999 4084 ια’
1017 4044 1051 4098 γε
1068 4023 1144 4092 δδτίς
1161 4022 1198 4083 ια’
1218 4042 1250 4082 τε
1266 4021 1396 4080 Rehkiuu

177 4114 193 4165 δ
210 4105 243 4165 ἐν
259 4107 322 4164 εδδ.
340 4105 404 4166 Wil.
459 4113 509 4182 τῆς
525 4125 576 4180 pro
594 4114 630 4184 τῇ
640 4109 680 4180 H,
697 4110 770 4167 unde
786 4115 878 4183 τῆς-
891 4109 1030 4186 αἱρέσεως
1047 4111 1118 4167 conis
1130 4109 1210 4180 Emp.
1223 4109 1260 4176 (ln
1272 4107 1389 4177 schediu)

177 4185 365 4266 ’ίδμυιωςΜ
418 4196 533 4254 δλείαν
550 4194 581 4250 Μ
635 4191 732 4254 1201oe
749 4197 821 4255 τεΒ
841 4191 888 4256 οἶά
906 4197 982 4256 τεῦ
1050 4192 1091 4255 ἔτι
1108 4195 1247 4262 Belum,
1266 4185 1311 4253 δτι
1328 4191 1391 4248 libri

179 4285 211 4336 13
228 4281 325 4338 καίτοι
339 4276 443 4352 σχεδόν
460 4301 488 4338 τι
509 4281 607 4352 scripsi
622 4287 671 4340 καί
688 4287 731 4358 τῷ
750 4279 812 4342 ὄντι
829 4283 900 4352 ίῖυιδ,
917 4285 1014 4341 καίτοι
1031 4286 1074 4358 τῷ
1090 4286 1176 4340 παντί
1187 4282 1268 4353 Emp.
1286 4280 1360 4350 quod
1376 4277 1442 4336 mihi

178 4364 289 4421 nimium
300 4365 444 4422 videbatur
500 4369 531 4422 16
543 4365 647 4425 malim:
659 4365 831 4442 ἐπιστρέψαι
842 4364 956 4441 (τινάς)
1010 4372 1041 4424 19
1053 4365 1263 4442 τιναιιόρρησιν
1273 4365 1298 4423 U
1307 4381 1343 4422 m.
1352 4381 1394 4436 pr.

179 4454 212 4506 22
230 4456 318 4510 τοῦτο
336 4452 432 4509 οσαῐί
539 4457 572 4509 28
591 4448 645 4511 τὸν
668 4455 758 4521 πέλας
779 4454 828 4511 UB
932 4453 1054 4530 άργείαν
1076 4454 1132 4511 ΜΠ
1154 4471 1190 4511 m.
1207 4470 1251 4525 pr.
1354 4446 1442 4523 α’κςά-

181 4556 261 4594 τειαν
279 4535 308 4590 Μ
