3452 5264
336 343 377 406 ³2
448 293 450 298 '
709 341 833 398 moms
850 341 901 399 ΔΙ)
919 339 1231 398 NIOOMMDIENSES.

310 516 486 595 9πολλοῖς
507 514 672 599 ἐνοχλοῦν.
718 517 856 598 εὔχομαι
880 513 915 579 δέ
937 521 1011 592 τοῖς
1032 516 1133 592 θεοῖς
1154 523 1241 579 πᾶσι
1261 518 1318 579 καί
1332 522 1406 594 τοῖς
1419 520 1597 602 ὑμετέροις

336 623 393 684 καί
418 626 492 696 τοῖς
520 621 671 697 ἐκείνων,
698 621 731 683 εί
759 627 864 681 ταῦτα
887 619 1001 702 εὐνοίᾳ
1023 625 1064 703 τῇ
1087 621 1175 702 πρδς
1196 615 1322 698 μόνους
1343 621 1429 700 δμᾶς
1450 622 1514 704 ἐγώ
1537 629 1596 684 νῖν

338 720 422 805 λέγω
444 723 501 786 καί
521 719 689 807 μηδεμίαν
712 723 839 784 οἰκείαν
860 722 1062 806 θηρώμενος
1078 717 1179 798 δόξαν
1200 722 1220 806 ἢ
1246 716 1455 785 λυσιτέλειαν
1477 725 1513 786 ἐκ
1535 732 1596 810 τῆς

334 820 545 910 καταλλαγῆς
566 833 626 910 τῆς
648 827 820 908 ὑμετέρας,
842 824 899 886 καί
921 826 989 906 πρδ
1012 825 1150 885 πάντων
1172 824 1204 884 εί
1224 819 1341 903 μέλλει
1364 820 1594 910 λυσιτελήσειν

335 935 377 1013 τῇ
393 923 503 1004 πόλει,
520 923 638 990 δοῦναι
651 929 713 1007 μὲν
727 928 805 1007 ἐμοί
818 928 897 1001 τοδς
912 922 1028 1003 ἀξίους
1045 932 1108 988 τοῦ
1121 928 1319 1009 πράγματος
1334 928 1446 990 εἰπεῖν
1462 923 1590 1010 λόγους,
1612 939 1628 988 σ

336 1035 524 1116 παρασχεῖν
546 1026 583 1093 δέ
605 1032 691 1110 ὑμεῖς
712 1030 789 1110 ἐμοί
811 1028 1002 1114 πεισθῆναι
1024 1028 1066 1089 τά
1090 1031 1305 1113 συμφέροντα
1327 1025 1561 1110 βουλομένους.

287 1137 326 1198 10
438 1134 598 1212 όμόνοιαν
637 1131 750 1195 τοίνυν
789 1133 915 1206 πάντες
953 1132 1016 1210 μὲν
1053 1127 1223 1214 ἐπῄνεσαν
1259 1131 1313 1193 ἀεί
1346 1131 1402 1193 καί
1442 1127 1594 1213 λέγοντες
1607 1125 1716 1229 fflsst

335 1237 392 1298 καί
426 1236 632 1320 γράφοντες,
667 1234 725 1296 καί
760 1233 868 1313 μεστά
905 1239 972 1294 τῶν
1009 1232 1182 1314 ἐγκωμίων
1219 1232 1323 1319 αὐτῆς
1355 1235 1430 1296 έστι
1460 1235 1517 1297 καί
1550 1235 1593 1297 τά

336 1340 512 1423 ποιήματα
544 1337 601 1399 καί
633 1337 674 1397 τά
707 1342 775 1398 τῶν
809 1332 1012 1421 φιλοσόφων
1048 1337 1306 1419 συγγράμματα,
1338 1336 1396 1398 καί
1424 1338 1502 1399 όσοι
1530 1338 1593 1412 τδς

337 1439 491 1522 ἱστορίας
510 1435 671 1515 ἐξέδοσαν
693 1438 753 1501 ἐπί
775 1434 1026 1520 παραδείγματι
1049 1437 1158 1500 αὐτῶν
1180 1444 1247 1499 τῶν
1269 1439 1375 1520 έργων
1402 1435 1587 1517 ἀπέδειξαν
1613 1449 1641 1500 ιο

337 1541 439 1625 αὐτὴν
460 1544 619 1621 μέγιστον
642 1539 746 1601 οδσαν
768 1545 835 1601 τῶν
857 1538 1087 1621 ἀνθρωπείων
1109 1539 1262 1622 ἀγαθῶν,
1283 1541 1341 1602 καί
1370 1536 1494 1602 πολλοί
1515 1537 1592 1603 ταλ-

335 1645 503 1728 μήσαντες
524 1638 587 1728 ἤδη
610 1648 678 1704 τῶν
701 1647 877 1726 σοφιστῶν
899 1637 1116 1724 παραδόξους
1138 1641 1249 1705 είπεῖν
1266 1637 1383 1724 λόγους
1397 1645 1501 1722 μόνον
1516 1649 1590 1704 τοῦ·

336 1764 395 1807 τον
418 1745 476 1807 οόκ
497 1745 737 1830 ἐπενοήθησαν
759 1739 948 1825 ἐξενεγκεῖν,
972 1744 1019 1819 ὡς
1042 1744 1080 1804 οό
1095 1739 1197 1806 καλόν
1218 1747 1238 1829 ἡ
1256 1744 1398 1824 δμόνοια
1412 1745 1470 1806 καί
1486 1745 1593 1829 σωτή-

335 1850 411 1931 ριόν
433 1849 542 1909 ἐστιν·
564 1851 638 1922 τοῖς
659 1867 696 1908 τε
712 1853 769 1908 νῦν
783 1843 1003 1928 βουλομένοις
1019 1845 1121 1932 αὐτὴν
1136 1841 1355 1928 ἐγκωμιάζειν
1370 1839 1437 1930 [καί
1450 1849 1524 1922 τοῖς
1539 1848 1594 1909 ἀεί

335 1958 436 2013 τοῦτο
458 1942 583 2033 ποιεῖν]
604 1949 764 2035 ἄφθονος
785 1952 804 2034 ἡ
827 1954 895 2010 τῶν
918 1944 1025 2030 λόγων
1054 1945 1131 2032 δλη,
1159 1951 1216 2011 καί
1238 1949 1292 2011 ἀεὶ
1319 1950 1376 2011 καί
1403 1945 1512 2012 πλείω
1534 1951 1593 2012 καί
1615 1960 1646 2011 1³

288 2059 324 2119 11
338 2054 478 2137 κρείττω
495 2054 574 2135 περὶ
590 2053 692 2136 αὐτῆς
713 2048 849 2129 ἐξέσται
872 2047 987 2132 λέγειν.
1031 2048 1099 2112 εἴτε
1121 2051 1183 2134 γάρ
1205 2051 1292 2136 ὑπὲρ
1314 2055 1477 2132 γενέσεως
1492 2051 1596 2136 αὐτῆς

338 2152 634 2240 πολυπραγμονεῖν
656 2152 776 2217 ἐθέλοι
795 2175 859 2231 τις,
875 2156 999 2240 ἀνάγκη
1016 2154 1076 2240 τὴν
1091 2154 1194 2240 ἀρχὴν
1210 2145 1314 2240 αι’τῆς
1337 2156 1520 2237 ἐπανάγειν
1535 2156 1596 2217 ἐπὶ

336 2259 378 2320 τά
401 2263 544 2341 μέγιστα
566 2263 633 2319 τῶν
656 2257 764 2320 θείων
788 2259 1004 2340 πραγμάτων.
1055 2260 1075 2342 v)
1104 2256 1168 2340 γάρ
1197 2256 1278 2341 αὐτῇ
1308 2257 1365 2318 καί
1395 2252 1495 2343 φιλία
1521 2257 1596 2319 ἐστὶ

337 2362 393 2423 καί
414 2356 603 2445 καταλλαγὴ
628 2361 685 2421 καί
708 2365 897 2441 συγγένεια,
924 2360 981 2421 καί
1001 2365 1107 2420 ταῦτα
1129 2360 1242 2420 πάντα
1266 2354 1495 2445 περιείληφεν.
1539 2360 1598 2421 καί

337 2463 379 2525 τά
404 2467 554 2541 στοιχεῖα
577 2458 613 2524 δέ
635 2461 671 2523 τί
691 2457 774 2522 ἀλλο
796 2462 815 2545 ἢ
840 2462 982 2540 δμόνοια
1005 2465 1090 2534 grou
1110 2462 1168 2523 καί
1189 2452 1238 2524 δι’
1264 2458 1306 2522 οδ
1320 2454 1464 2544 σχίζεται
1479 2461 1592 2522 πάντα
1615 2471 1647 2522 2⁰

339 2565 381 2626 τά
403 2569 557 2646 μέγιστα,
580 2565 680 2625 τοῦτό
702 2564 786 2639 ἐστι,
808 2564 866 2625 καί
888 2554 937 2625 δι’
964 2560 1005 2624 οδ
1025 2565 1138 2625 πάντα
1161 2559 1362 2639 ἀπόλλυται,
1388 2563 1594 2624 τούναντίον.

339 2668 371 2730 εί
391 2668 453 2746 μὲν
476 2665 534 2728 οδν
555 2660 600 2750 μὴ
623 2665 752 2750 θνητόν
773 2660 856 2750 ἦμεν
879 2666 914 2726 οί
936 2665 1122 2748 ἄνθρωποι
1149 2669 1245 2747 γένος
1272 2655 1355 2751 μηδ’
1381 2662 1452 2728 έδει
1481 2661 1593 2726 πολλά
1608 2677 1689 2728 (ωδε
1704 2675 1716 2718 1]

341 2767 492 2832 εἶναιτὰ
517 2768 707 2853 φθείροντα
729 2771 828 2852 ἡμᾶς,
852 2767 910 2829 οὐκ
932 2768 973 2829 ἀν
995 2763 1034 2852 ἦν
1057 2764 1134 2830 οάδέ
1157 2769 1193 2830 ἐν
1219 2773 1293 2843 τοῖς
1315 2767 1593 2851 ἀνθρωπίνοιςή

342 2871 472 2948 στάσις,
496 2870 611 2953 ὥσπερ
635 2865 712 2933 οὐδὲ
735 2870 770 2930 ἐν
792 2873 866 2944 τοῖς
880 2869 995 2944 θείοις
1009 2869 1148 2931 ἔνεστιν.
1186 2859 1214 2951 ᾦ
1236 2865 1273 2932 δέ
1295 2872 1387 2950 μόνῳ
1410 2876 1469 2953 τῆς
1483 2864 1595 2930 εὐδαι-

340 2972 462 3062 μονίας
484 2967 752 3052 ἀπολειπόμεθα
774 2979 833 3058 τῆς
855 2972 958 3047 θείας
979 2973 1034 3034 καί
1048 2980 1109 3057 τῆς
1123 2972 1308 3058 ἀφθάρτου
1324 2968 1487 3057 διαμονῆς
1509 2971 1592 3033 ἐκεί·
1616 2981 1646 3032 M

341 3095 419 3150 νων,
441 3076 541 3136 τοῦτό
556 3075 660 3151 ἐστιν,
682 3076 734 3136 ότι
751 3070 796 3158 μὴ
814 3076 940 3149 πάντες
957 3075 1118 3153 όμονοίας
1134 3075 1390 3155 αἰσθανόμεθα,
1412 3062 1488 3135 ἀλλ’
1509 3074 1597 3135 είσίν

344 3179 378 3239 οὶ
404 3177 461 3239 καί
488 3172 548 3260 τὴν
578 3176 732 3239 ἐναντίαν
761 3178 845 3261 αὐτῇ
876 3172 1071 3261 φιλοῦντες,
1101 3171 1161 3262 τὴν
1191 3180 1327 3255 στάσιν,
1360 3177 1399 3263 ἧς
1426 3181 1510 3260 μέρη
1540 3178 1598 3238 καί

342 3260 757 3363 όπουργόματαξπόλεμσι
777 3280 834 3341 καί
855 3281 977 3360 μάχαι,
1006 3281 1063 3342 καί
1089 3287 1195 3342 ταῦτα
1218 3282 1349 3355 ἐντοῖς
1373 3277 1494 3363 δήμοις
1516 3278 1596 3339 ἀνα-

294 3384 332 3446 12
346 3385 529 3467 στρέφεται
546 3383 601 3444 καί
615 3385 689 3456 τοῖς
704 3381 852 3460 ἔθνεσιν,
877 3383 993 3466 ὥσπερ
1015 3385 1051 3445 ἐν
1073 3389 1147 3459 τοῖς
1171 3385 1325 3464 σώμασιν
1346 3384 1382 3444 αί
1399 3384 1505 3443 νόσοι.
1540 3381 1597 3442 καὶ

341 3485 403 3568 γάρ
426 3479 486 3568 τὴν
508 3483 621 3565 ὑγείαν
642 3485 866 3564 ἐπιστάμενοι
877 3489 1037 3568 μέγιστον
1054 3485 1158 3548 οδσαν
1179 3491 1246 3547 τῶν
1269 3484 1499 3566 ἀνθρωπίνων
1515 3482 1596 3564 ἀγα·
1619 3492 1649 3544 σο

341 3589 418 3651 θῶν
447 3588 538 3666 όμως
566 3587 651 3671 αὐτῇ
677 3583 841 3662 πολλάκις
870 3589 966 3650 αότοί
993 3579 1078 3650 καθ’
1111 3585 1219 3650 αότιῖν
1247 3582 1529 3664 ἐπιβουλεύομεν,
1563 3585 1599 3645 οἱ

343 3749 484 3758 —nu———·-
765 3749 819 3754 ——

428 3839 444 3890 3
464 3834 560 3892 οἰκίαν
576 3834 606 3888 M
659 3838 675 3889 3
691 3829 823 3904 μελλήσει
840 3837 996 3892 λυσιτελεῖν
1012 3832 1083 3902 libri,
1101 3847 1171 3888 corr.
1188 3831 1267 3902 Emp.
1319 3834 1336 3885 6
1354 3831 1552 3890 πεισθεῖναιῦ

344 3920 430 3989 ’ἐμίν
447 3936 500 3976 om.
518 3919 547 3974 M
564 3935 599 3975 m.
617 3935 659 3989 pr.
727 3922 809 3977 Βκαί
825 3918 898 3989 μετά
916 3919 991 3976 um*
1042 3915 1228 3990 έγκομίωνδί
1282 3921 1314 3971 10
1325 3917 1429 3974 malim:
1447 3915 1494 3975 ἐπί
1506 3935 1600 3987 παρα-

343 4007 489 4078 ἐείγμασιν
560 4010 589 4060 11
609 3997 788 4079 άνθρυπίων
805 4005 860 4062 UM
932 4007 962 4060 12
980 4007 1069 4062 τοῦτο
1089 4003 1138 4058 UT
1197 4008 1227 4058 1³
1245 3998 1446 4075 ἐπενοήθησαν
1463 4017 1520 4058 τεο.
1538 4001 1593 4058 l.v

344 4084 551 4165 ἐπενοήθησαν
562 4089 625 4145 libri
683 4087 735 4148 οὐκ
753 4087 886 4148 ἄλλονΜ
942 4095 973 4145 14
990 4084 1213 4161 ἐγκομιάζεινδί
1263 4091 1313 4145 καί
1326 4119 1358 4128 -
1372 4092 1404 4144 15
1422 4096 1517 4145 ποιεῖν
1533 4087 1598 4142 secl.

343 4175 409 4230 wss.
514 4179 544 4229 17
564 4168 650 4246 αὐτῆς
670 4175 781 4245 scripsi,
807 4168 895 4248 αὐτὴν
918 4174 980 4230 libri
1077 4178 1107 4229 18
1128 4163 1198 4246 αδτη
1215 4173 1245 4227 Μ
1345 4178 1375 4228 19
1393 4169 1489 4232 πάντα
1506 4175 1599 4230 ταῦτα

343 4261 408 4324 (hoc
425 4260 492 4326 ord.)
511 4259 541 4314 M
628 4263 791 4334 περιείληφε
809 4259 858 4318 UT
943 4264 975 4316 20
993 4255 1011 4332 ἢ
1029 4257 1172 4329 ὁμόνοιαν
1189 4255 1327 4318 εἶναικαὶ
1344 4259 1419 4325 libri,
1436 4254 1455 4330 ἢ
1473 4252 1599 4328 ὁμόνοια

344 4342 421 4416 ἑνοῖ,
436 4347 484 4402 καί
496 4344 586 4415 Eum..
598 4341 616 4419 ἢ
629 4340 753 4416 ὁμόνοια
766 4350 872 4416 συνόεῑς
890 4349 940 4404 καί
950 4345 1020 4401 idem
1081 4348 1114 4400 2²
1126 4347 1195 4419 μρόέ
1206 4351 1250 4404 δεῖ
1263 4345 1293 4400 M
1352 4347 1385 4399 2³
1399 4337 1463 4402 οὐδ’
1479 4341 1546 4401 &vn

343 4426 513 4505 ἀνθρώποις
531 4430 554 4485 Τ
573 4437 683 4501 (comp.)
769 4437 802 4487 24
819 4437 901 4498 θεοῖς
918 4431 988 4498 libri,
1006 4445 1076 4488 corr.
1095 4431 1174 4503 Emp.
1254 4436 1286 4487 2⁵
1305 4425 1532 4500 ἀπολειπόμεθα
1550 4427 1600 4484 BU

344 4532 380 4573 n.
398 4530 439 4586 pr.
457 4510 669 4586 ἀπολειπόμεθα
687 4516 717 4571 Μ
803 4517 895 4586 Ὶδεῖς
911 4533 960 4588 pro
979 4506 1011 4590 ἧς
1045 4515 1076 4572 M
1161 4521 1193 4573 29
1211 4512 1320 4576 ἔνεστιν
1336 4531 1387 4587 pro
1405 4511 1519 4574 ἔθνεσιν
1535 4513 1566 4568 M
