3466 5268
647 389 782 447 ORATIO
800 389 850 446 XL
1332 397 1372 456 47

118 564 196 630 ούδέ
218 569 276 630 τόν
298 567 373 630 υίδν
401 561 544 652 ἤλπιζον
570 561 729 646 χαλεπῶς
755 567 796 628 ἀν
825 567 1010 648 ὑπομεῖναι
1039 572 1175 652 πενίαν,
1207 575 1265 637 σύκ
1295 576 1373 637 ύντα

7 677 103 730 0311)
118 673 204 750 ἐμοῦ
220 671 322 754 χείρω
345 672 405 757 την
429 671 542 756 ῳύσιν.
593 671 670 734 ἐπεί
699 667 734 733 δέ
759 670 778 731 ό
801 667 898 753 λόγος
921 675 999 756 ημῖν
1021 675 1114 738 ἐστιν
1135 678 1222 761 ύπέρ
1244 684 1306 739 τοῦ
1326 680 1370 764 μη
1395 673 1414 735 3

119 774 323 856 ψεύσασθαι
348 775 407 859 τήν
431 769 581 857 πατρίδα
605 770 690 858 μηδὲ
717 773 953 860 ἀποστερῆσαι
981 778 1040 860 τήν
1070 779 1255 859 ὑπόσχεσιν
1277 780 1374 860 ὑμᾶς,

119 876 159 960 ἣν
174 871 397 956 ὑπεσχόμεθα
412 873 556 960 μηδενός
572 872 825 958 ἀναγκάζοντος,
849 875 1006 957 οὐδαμῶς
1021 878 1143 963 ῥᾳδίαν
1160 879 1237 944 σύδέ
1253 876 1374 964 ὀλίγων

83 985 100 1034 e
120 981 318 1064 χρημάτων,
347 986 447 1042 ταῦτα
471 977 568 1060 αίμαι
586 975 737 1058 χαλεπόν
758 982 814 1043 καί
837 977 966 1066 πολλῆς
989 979 1171 1067 φροντίδος
1193 979 1304 1060 ἀξιον·
1337 980 1377 1046 σύ

10 1089 57 1136 487
69 1090 104 1142 M>
119 1102 155 1165 γε
171 1078 267 1145 οὐδέν
282 1083 357 1144 ἐστι
371 1081 555 1166 βαρύτερον
573 1077 648 1144 ούδέ
665 1079 888 1167 ὀφειλόμενον
903 1085 964 1148 ἐπὶ
979 1082 1113 1148 πλείονι
1129 1082 1214 1170 τόκῳ
1225 1089 1374 1169 χάριτος.

118 1185 175 1247 καί
196 1181 295 1246 τοῦτό
326 1186 401 1248 ἐστι
428 1187 467 1246 τά
489 1185 722 1264 ,ἀναίσχυντον
745 1181 879 1248 δάναισν
901 1189 958 1251 καί
981 1185 1136 1274 πικρόνί,
1166 1191 1248 1252 όταν
1278 1188 1375 1270 οἶμαι

119 1287 168 1370 τῷ
189 1286 368 1375 βραδύνειν
390 1292 409 1370 η
429 1289 529 1372 χάρις
551 1290 601 1364 είς
613 1293 712 1371 χρέος
726 1297 893 1374 μεταστῇ·
917 1288 998 1372 δτῴ
1016 1293 1119 1354 παντί
1137 1288 1376 1375 χαλεπώτερον

120 1391 326 1454 ἀπαιτοῦσιν
350 1393 383 1453 οί
407 1397 604 1465 σιωπῶντες
626 1397 692 1452 τῶν
714 1391 883 1472 βοώντων.
922 1389 1018 1454 σύδέν
1040 1393 1103 1477 γάρ
1128 1395 1215 1456 οὕτω
1232 1390 1373 1456 δύναται
1395 1393 1416 1454 4

71 1499 102 1551 10
123 1495 202 1570 τούς
225 1490 426 1579 ὀφείλοντας
448 1493 526 1572 ύμῖν
548 1493 747 1556 τὰτοιαῦτα
770 1495 1049 1579 ὑπομιμνήσκειν,
1073 1495 1120 1571 ὡς
1134 1499 1173 1560 τό
1188 1497 1273 1577 ύμάς
1288 1492 1376 1558 ἐκλε-

122 1593 261 1683 λῆσθαι.
300 1592 357 1658 διὰ
372 1597 434 1676 μὲν
457 1593 496 1682 δη
520 1603 625 1658 ταῦτα
641 1597 822 1680 ἀναγκαῖον
837 1591 993 1678 ἐνόμιζον
1015 1599 1178 1679 γενέσθαι
1201 1601 1288 1682 πρὸς
1303 1603 1378 1673 τοῖς

120 1701 268 1780 ἐμαυτοῦ
284 1700 341 1762 καί
362 1695 481 1783 μηδενί
502 1705 569 1760 τῶν
591 1705 712 1762 καινῶν
735 1705 916 1785 προσιέναι
937 1697 1023 1785 μηδέ
1045 1705 1143 1786 μέχρι
1159 1698 1259 1784 λόγου
1282 1706 1377 1779 τέως,

121 1803 186 1876 ἕως
208 1801 250 1864 ἀν
273 1799 454 1881 αἴσθωμαι
475 1808 575 1862 τοῦτο
599 1797 637 1888 δη
661 1804 699 1864 τό
724 1802 817 1887 παρὰ
840 1800 888 1884 τῷ
912 1811 1039 1888 ποιητῇ
1062 1799 1257 1887 λεγόμενον·

207 1905 291 1979 ό,ττι
311 1922 373 1983 μοι
394 1905 430 1965 ἐν
450 1906 630 1989 μεγάροισι
651 1900 753 1968 κακόν
775 1896 808 1967 τ’
833 1902 967 1987 ἀγαθόν
989 1925 1025 1968 τε
1047 1911 1210 1970 τέτυκται.
1399 1908 1419 1968 5

75 2013 105 2065 le
128 1997 294 2090 πρότερον
316 2005 379 2090 γάρ
402 1996 475 2068 οὐδ’
501 1997 562 2068 ἐπ’
581 1991 700 2088 Ιὀλίγον
725 2002 845 2093 σχολην
867 2009 990 2092 ἤγαγον
1014 2006 1097 2083 ἴσως
1115 2005 1173 2071 διά
1195 2011 1255 2093 την
1277 2010 1377 2087 ἐμαυ-

125 2114 188 2170 τοῦ
219 2104 565 2192 πολυπραγμοσύνην,
607 2108 645 2183 δς
679 2105 755 2171 δέον
788 2111 934 2189 ἐντυχεῖν
969 2111 1044 2189 ὑμῖν
1077 2110 1133 2172 καί
1170 2107 1378 2196 φιλοφρονη-

128 2209 260 2284 σασθαι
274 2217 417 2273 τοσοῦτο
432 2213 537 2292 μόνον
550 2211 608 2274 καί
628 2211 739 2272 θῦσαι
759 2215 833 2286 τοῖς
855 2212 955 2286 θεοῖς
976 2212 1033 2274 καί
1049 2214 1087 2297 νη
1104 2212 1174 2273 Δία
1190 2212 1380 2293 ἀναγνῶναι

126 2312 168 2373 τά
196 2315 373 2397 γράμματα
402 2313 444 2376 τά
476 2321 538 2376 τοῦ
571 2313 833 2398 αὐτοκράτορος,
868 2317 922 2377 ότι
957 2315 1137 2396 ἀναγκαῖον
1166 2309 1224 2398 ἦν,
1259 2313 1379 2374 ἔπειτα

7 2425 103 2470 ῦιΒΙΙ
127 2415 231 2492 εύθύς
260 2417 476 2502 ἀναχωρῆσαι
505 2417 562 2479 καί
589 2417 783 2501 τρέπεσθαι
803 2407 889 2478 καθ’
915 2418 1032 2495 αὐτόν,
1062 2414 1160 2500 λόγον
1181 2416 1258 2478 τινά
1281 2414 1380 2478 εἷπον

77 2525 109 2578 2⁰
129 2519 215 2603 ύπέρ
244 2519 341 2605 έργσυ
369 2521 477 2596 τινός,
508 2519 566 2581 ούκ
594 2519 695 2594 αύτύς
721 2522 841 2600 μόνον,
878 2517 962 2582 ἀλλά
990 2515 1081 2602 <καί>
1116 2527 1182 2584 τῶν
1211 2521 1381 2603 ἡγεμόνων

125 2617 402 2698 ἐσπουδακότων,
432 2621 516 2698 ἴσως
542 2623 603 2702 μὲν
626 2622 720 2702 ύμῖν,
749 2621 833 2698 ἴσως
855 2620 891 2686 δέ
913 2623 1016 2704 κάμοί
1034 2618 1241 2708 χαρίζεσθαι
1262 2617 1379 2703 βουλο-

125 2727 235 2802 μένων
256 2716 334 2807 [καί]
355 2726 415 2811 την
431 2721 534 2787 πόλιν
550 2725 689 2804 ἄμεινον
703 2721 961 2802 κατασκευάζειν
975 2728 1031 2789 καί
1048 2730 1250 2810 σεμνοτέραν
1267 2727 1381 2786 ποιεῖν

127 2827 275 2888 ἀπασαν.
313 2828 479 2909 πρότερον
501 2827 563 2911 γάρ
581 2825 653 2890 ἴστε
677 2823 853 2912 δήπουθεν
875 2831 928 2890 ότι
951 2833 1025 2904 τοῖς
1047 2827 1291 2903 τοιούτοιςκαὶ
1312 2831 1380 2887 τῶν

126 2929 371 3010 ἀστυγειτόνων
393 2925 614 3009 ἐλειπόμεθα.
659 2937 779 2993 τοῦτον
801 2933 885 3010 ἐμοῦ
911 2933 987 2994 τότε
1010 2933 1168 3006 εἰπόντος
1190 2931 1248 2991 τόν
1272 2924 1379 3008 λόγον,
1403 2933 1424 2996 6

77 3037 108 3090 25
129 3031 267 3116 ἐπήρθη
294 3051 331 3093 τε
353 3034 441 3116 πρὸς
464 3032 564 3094 αὐτόν
587 3033 605 3093 ό
628 3029 749 3118 δῆμος·
773 3033 811 3095 ού
832 3035 895 3118 γάρ
918 3035 994 3096 ἐστε
1017 3035 1165 3116 ἀγεννεῖς
1187 3027 1263 3093 σύδέ
1287 3029 1382 3090 άναί-

129 3134 257 3219 οθητσι
279 3135 340 3210 τάς
364 3137 500 3220 ῳύσεις·
521 3137 578 3198 καί
601 3132 725 3198 πολλοί
740 3137 1006 3222 προετράπησαν
1023 3131 1297 3222 φιλοτιμηθῆναι
1315 3137 1382 3194 τῶν

128 3233 289 3300 πσλιτῶν.
327 3234 432 3300 πάλιν
448 3234 484 3299 δέ
507 3238 646 3322 ὕστερον
661 3240 745 3319 ἐμοῦ
765 3240 804 3300 τό
828 3246 967 3322 πρᾶγμα
989 3230 1049 3325 ἐφ’
1074 3240 1153 3317 ύμῖν
1176 3239 1382 3314 ποιουμένου

128 3335 293 3415 πολλάκις
315 3341 376 3420 μέν
398 3342 433 3403 ἐν
455 3338 503 3423 τῳ
525 3337 762 3426 βουλευτηρίῳ,
785 3337 950 3416 πολλάκις
973 3333 1005 3404 δ’
1031 3345 1067 3404 ἐν
1082 3339 1128 3424 τῳ
1145 3340 1292 3423 θεάτρῳ,
1317 3338 1382 3413 ίνα,

129 3442 161 3504 εί
182 3443 227 3526 μη
252 3437 464 3522 δοκιμάζοιτε
486 3440 571 3528 μηδὲ
593 3439 791 3524 βούλοισθε,
814 3439 941 3527 μηδένα
957 3440 1098 3522 ἐνοχλῶ·
1121 3444 1181 3528 την
1195 3442 1257 3524 γάρ
1281 3440 1381 3518 ἀσχο·

80 3552 110 3603 ω
134 3540 209 3607 λίαν
231 3545 290 3630 την
312 3545 475 3631 ἐσομένην
497 3547 701 3608 ὑπώπτευόν
722 3564 783 3625 μοι
806 3547 885 3628 περί
907 3551 1027 3606 ταῦτα·
1050 3540 1214 3619 πολλάκις
1236 3544 1297 3623 μὲν
1317 3528 1380 3626 ὑφ’

132 3647 224 3726 ὑμῶν
252 3648 425 3732 ἐκυρώθη,
457 3643 621 3722 πολλάκις
651 3643 686 3709 δέ
715 3648 783 3709 ὑπὸ
806 3653 873 3709 τῶν
895 3648 1083 3731 ἡγεμόνων,
1114 3641 1250 3718 οὐδενός
1275 3644 1383 3705 ἀντει-

219 3894 383 3966 ῖέμσίΠΤ
470 3888 661 3970 ῖαόγάρΜ
751 3894 929 3953 δαλίονιΜ
1032 3888 1257 3966 τάναίσχυντσν
1274 3907 1298 3947 e.
1317 3907 1344 3960 q.
1362 3908 1385 3950 e.

132 3982 288 4038 comoedia
304 3997 413 4039 venum
429 3982 542 4039 laudm
557 3983 664 4039 videtur
749 3985 765 4038 8
782 3980 817 4039 τό
835 3975 988 4055 βραδύνειν
1004 3981 1030 4039 U
1048 3996 1083 4036 m.
1101 3993 1143 4050 pr.
1212 3984 1228 4035 9
1247 3975 1381 4038 δύνανται

131 4063 373 4125 Βδόναεεταιῦ
479 4073 509 4124 10
529 4061 687 4139 όφίλσιτας
704 4066 733 4120 Μ
817 4062 893 4138 ἡμᾶς
910 4065 958 4122 UT
1039 4069 1068 4120 12
1085 4063 1172 4137 μηδὲν
1188 4063 1271 4137 μέχρι
1289 4063 1319 4119 Μ

139 4158 169 4208 13
187 4151 242 4222 ἕως
260 4170 312 4210 om.
331 4153 361 4209 M
453 4149 599 4225 αἴσθωμαι
616 4153 707 4224 Emp„
725 4147 908 4225 αἰσθήσομαι
927 4152 975 4209 UB
992 4147 1168 4223 αἰσθήσομαι
1186 4149 1216 4205 Μ
1305 4153 1335 4204 16
1354 4141 1388 4214 δς
1491 4161 1495 4172 ’

134 4237 202 4296 άέσν
218 4238 338 4308 selden..
355 4233 395 4306 ὦς
411 4239 478 4298 δέον
489 4238 550 4294 libri
604 4242 634 4294 le
652 4242 716 4309 poet
733 4227 778 4296 ότι
795 4238 858 4294 edd.
877 4227 922 4303 ἀν,
939 4237 995 4294 eed.
1009 4234 1163 4306 στρατω]
1220 4239 1250 4290 le
1269 4225 1386 4305 ἀποχω-

135 4329 220 4398 ρῆσαι
237 4324 268 4381 Μ
354 4317 426 4384 καθ’
446 4315 480 4384 οὗ
497 4320 551 4383 τὸν
566 4324 598 4381 Μ
702 4328 734 4378 20
752 4326 802 4381 καί
813 4324 876 4380 edd.
893 4323 1007 4393 Βαίελιος
1024 4326 1116 4394 ραίεεί
1132 4320 1214 4376 etiem
1231 4337 1386 4377 συνεσταυ-

135 4405 268 4469 δακότων
285 4411 367 4468 eeribi
435 4415 465 4467 21
485 4402 668 4484 βουλόμενον
685 4409 799 4476 UBTM,
817 4424 888 4467 corr.
905 4409 1030 4480 impressi
1099 4409 1131 4463 22
1148 4407 1197 4463 καί
1214 4404 1286 4459 delet
1297 4403 1387 4474 Emp„

135 4495 208 4568 qued
225 4496 331 4554 videtur
347 4497 463 4553 heunee
479 4496 668 4552 resarciendae
685 4508 770 4551 eeuee
787 4497 918 4551 insertum
936 4508 997 4551 eeee
1048 4497 1081 4548 21
1099 4486 1293 4562 ἐλλειπόμεῦα
1312 4488 1335 4544 Τ

135 4586 169 4637 25
188 4575 308 4655 ἀγεννῆς
325 4582 348 4639 U
366 4576 479 4655 ἀγενεῖς
495 4581 526 4637 Μ
595 4585 627 4637 30
645 4573 663 4652 ἢ
681 4575 819 4648 πολλάκις
836 4579 883 4636 UB
901 4573 920 4652 ἢ
936 4575 1075 4645 πολλάκις
1091 4577 1115 4632 Τ
