3526 5264
340 361 402 421 190
821 361 945 418 moris
962 361 1014 417 DE
1033 361 1121 416 FIDE

337 542 459 616 μένους
481 537 614 619 ἀγαθόν
635 557 670 598 τι
685 535 872 600 ἀπολαύειν
894 538 951 599 καί
974 537 1095 612 αὐτούς
1109 546 1169 624 τῆς
1185 540 1336 614 πίστεως
1342 561 1354 614 ;
1375 541 1432 603 καί
1455 539 1499 602 αδ
1518 543 1599 617 τούς

337 641 406 701 ύπδ
428 647 495 702 τῶν
519 637 666 702 ἰδιωτῶν
682 644 950 720 πιστευομένους
965 628 986 724 ἢ
1001 645 1160 721 γυναῖκας
1175 629 1195 725 ἢ
1213 639 1341 717 παῖδας
1357 629 1377 726 ἢ
1391 645 1451 728 την
1468 643 1598 720 ούσίαν,

337 742 498 824 καθάπερ
523 740 619 820 οἶμαι
642 738 766 803 πολλοί
787 744 998 826 ἐπιτρόπους
1025 744 1082 805 καί
1108 740 1295 826 κηδεμόνας
1321 741 1597 822 καταλείπουσιν,

338 845 372 904 oi
392 847 454 922 μὲν
477 841 741 929 ἀποδημοῦντες,
766 845 799 905 οί
822 842 858 907 δὲ
874 845 1163 930 ἀποθνήσκοντες,
1188 847 1222 908 οί
1245 843 1280 908 δὲ
1304 848 1598 933 παρακαταθήκας

337 943 493 1008 διδόασιν
521 949 599 1009 ἀνευ
627 949 822 1030 μαρτύρων,
853 949 892 1009 ού
921 945 1070 1022 δεδιότες
1092 950 1136 1034 μὴ
1160 949 1419 1034 ἀφαιρεθῶσιν,
1448 949 1535 1012 ἔνιοι
1557 945 1633 1011 δίο

336 1056 404 1110 τῶν
426 1050 539 1128 νόμων
563 1049 843 1131 ἀπαγορευόντων
865 1053 910 1136 μὴ
933 1047 1135 1113 καταλιπεῖν
1162 1048 1389 1136 κληρονόμους
1419 1053 1477 1125 ούς
1499 1051 1597 1114 αύτσί

335 1149 531 1232 βούλονται,
555 1155 690 1236 έτέρους
711 1149 992 1231 καταλείπουσιν,
1016 1150 1245 1234 ἐντειλάμενοι
1267 1155 1309 1216 τά
1330 1156 1485 1239 χρήματα
1509 1154 1595 1215 ἀπο-

296 1252 457 1332 4δούναι
483 1260 557 1330 τοῖς
587 1256 696 1317 αὐτῶν
725 1254 936 1342 ἐπιτηδείοις
964 1289 1007 1300 ·-
1038 1259 1174 1332 τούτοις
1210 1254 1249 1343 δη
1285 1265 1374 1319 πᾶσι
1410 1251 1595 1318 λυσιτελεῖν

335 1365 454 1443 φῶμεν
477 1360 515 1420 τὸ
540 1364 676 1442 πρᾶγμα
698 1359 835 1444 κοίτην
859 1356 976 1437 δόξαν,
1007 1360 1046 1445 ἢν
1069 1362 1202 1439 ἔχοντες
1225 1361 1305 1444 περί
1327 1360 1437 1421 αὐτῶν
1460 1359 1595 1440 ἐπιτρέ-

338 1476 463 1522 πουσιν
487 1461 603 1535 αὐτοῖς
626 1461 660 1521 σί
681 1459 723 1521 τά
748 1465 895 1545 σφέτερα
925 1464 1184 1544 ἐπιτρέποντες,
1213 1459 1361 1543 μάλιστα
1385 1458 1422 1525 δὲ
1444 1466 1518 1535 τοῖς
1540 1480 1591 1522 τε·
1615 1471 1645 1523 ίο

336 1559 506 1638 λευταίοις
533 1568 606 1637 τοῖς
637 1566 845 1646 παρανόμως
875 1565 1106 1626 πιστεύεσθαι
1140 1562 1313 1628 δοκοῖσιν·
1352 1553 1372 1650 ἢ
1401 1562 1596 1625 τούναντίον

331 1662 482 1744 χαλεπὸν
512 1663 601 1727 εἶναι
629 1667 668 1727 τὸ
697 1672 854 1727 τοιοῦτον
882 1667 940 1728 καί
969 1663 1098 1753 πολλῆς
1127 1663 1290 1746 ἀσχολίας
1318 1669 1376 1730 καί
1404 1660 1595 1752 φροντίδων

335 1766 456 1844 αἴτιον,
479 1767 588 1829 ένίοτέ
609 1761 681 1848 (γε)
700 1768 765 1853 μην
787 1769 845 1829 καί
865 1765 1027 1831 κινδύνων
1050 1776 1116 1830 τῶν
1138 1771 1306 1851 μεγίστων
1313 1791 1326 1845 ,·

420 1866 531 1946 ἔξεστι
554 1866 591 1931 δέ
616 1875 755 1932 σκοπεῖν
779 1871 884 1945 εύθύς
906 1871 977 1932 ἀπὸ
1000 1878 1067 1934 τῶν
1090 1868 1278 1934 δοκούντων
1301 1870 1390 1934 είναι
1409 1871 1593 1952 μεγίστων·

335 1970 430 2035 σύτοι
451 1973 513 2057 γάρ
536 1979 603 2035 τῶν
625 1975 686 2052 μὲν
710 1970 808 2037 ίδίων
830 1971 868 2051 έξ
890 1975 1034 2058 ἀνάγκης
1057 1971 1222 2053 ἀμελοῦσι
1250 1975 1307 2036 καί
1332 1975 1513 2059 χρημάτων
1533 1969 1591 2032 καί
1612 1982 1641 2034 15

333 2079 466 2150 τέκνων,
490 2079 698 2158 προσέχουσι
721 2072 757 2138 δὲ
779 2081 853 2151 τοῖς
874 2081 1002 2151 κοινοῖς
1023 2078 1080 2138 καί
1101 2077 1162 2138 έπί
1180 2079 1308 2139 τούτων
1324 2077 1409 2138 εἰσί·
1431 2075 1489 2136 καί
1510 2067 1594 2133 πολ-

335 2173 430 2252 λάκις
451 2179 513 2257 μὲν
535 2178 604 2239 ἀπὸ
627 2185 694 2240 τῶν
723 2176 1014 2258 ἐπιβουλευόντων
1042 2184 1119 2254 ταῖς
1148 2176 1290 2242 πόλεσιν
1319 2167 1339 2263 ἢ
1370 2175 1544 2257 πολεμίων
1572 2162 1592 2259 ἢ

333 2276 485 2342 πολιτῶν
508 2300 609 2342 τινων
632 2277 857 2358 ἀπόλλυνται,
888 2279 1053 2357 πολλάκις
1083 2278 1118 2344 δὲ
1141 2273 1204 2344 ὑπ’
1230 2281 1341 2343 αὐτῶν
1367 2288 1434 2343 τῶν
1458 2274 1592 2340 πόλεων
1608 2295 1727 2342 ιοειιιαι

333 2378 459 2455 ἀδίκως
475 2377 731 2467 διαβληθέντες.
769 2385 803 2445 οί
824 2387 885 2464 μὲν
907 2384 970 2466 γάρ
994 2385 1113 2459 οὐσίας
1129 2384 1366 2469 ἀφῃρέθησαν,
1390 2385 1470 2457 τούς
1485 2378 1521 2443 δὲ
1535 2380 1593 2442 καί

334 2480 445 2566 όνείδη
471 2486 591 2569 συνέβη
613 2486 810 2571 κτήσασθαι
823 2483 1139 2562 καταδικασθέντας
1153 2483 1298 2572 κλοπῆς·
1323 2486 1357 2546 οί
1375 2482 1411 2546 δὲ
1427 2480 1590 2560 ἐξέπεσον
1611 2495 1640 2544 ω

294 2597 313 2658 5
336 2587 372 2646 έκ
386 2592 453 2648 τῶν
470 2585 654 2671 πατρίδων,
679 2589 713 2650 οί
728 2585 764 2650 δὲ
780 2590 836 2650 καί
850 2588 1044 2652 ἀπέθανον·
1068 2589 1185 2672 ὥσπερ
1201 2588 1259 2651 οδν
1275 2585 1410 2669 λέγουσι
1424 2581 1592 2669 Περικλέα

332 2690 393 2768 μέν
422 2684 552 2750 άλῶναι
580 2686 709 2774 κλοπῆς
744 2690 839 2774 παρά
865 2681 1067 2775 Ἀθηναίοις
1095 2694 1154 2754 τὸν
1187 2687 1351 2753 κάλλιστα
1385 2691 1441 2752 καί
1468 2689 1591 2771 ἄριστα

332 2793 529 2875 προστάντα
551 2800 611 2878 τῆς
633 2789 781 2870 πόλεως,
808 2790 1039 2872 Θεμιστοκλέα
1063 2791 1099 2856 δέ
1122 2796 1278 2856 έκπεσιῖν
1302 2795 1349 2868 ὡς
1372 2787 1592 2875 προδιδόντα,

332 2893 370 2968 δς
398 2891 608 2978 παραλαβὼν
637 2894 761 2970 αὐτούς
791 2896 829 2956 ού
860 2892 1063 2975 δυναμένους
1098 2899 1137 2958 τδ
1172 2893 1301 2981 ἔδαφος
1336 2903 1397 2981 τῆς
1425 2889 1592 2976 πατρίδος

333 2997 446 3073 οἰκεῖν,
471 2993 556 3058 ἀλλὰ
580 3004 867 3080 παραχωροῦντας
889 3003 963 3072 τοῖς
979 2995 1159 3078 πολεμίοις
1183 2999 1369 3060 αὐτοῦτοῦ
1389 2999 1511 3070 ἀστεος
1531 2997 1588 3057 καί
1609 3005 1638 3055 ια
1748 3023 1749 3042 1

331 3105 398 3161 τῶν
429 3101 544 3184 ίερῶν,
574 3091 613 3160 ού
642 3103 747 3179 μόνον
776 3107 880 3162 ταῦτα
904 3102 1017 3162 πάντα
1040 3097 1230 3178 ἀπέδωκεν,
1261 3091 1339 3162 ἀλλ’
1371 3100 1423 3161 ἔτι
1444 3099 1501 3160 καί
1521 3104 1690 3166 τῶνωοιιι

327 3193 489 3285 Ἑλλήνων
511 3203 676 3286 ἡγεμόνας
697 3203 868 3287 ἐποίησεν,
893 3199 1103 3288 ἀφελόμενος
1117 3199 1414 3281 Λακεδαιμονίους
1428 3197 1466 3277 έξ
1487 3201 1591 3284 ἀρχῆς

290 3309 309 3372 6
332 3303 470 3380 έχοντας
492 3306 552 3389 την
575 3307 674 3389 τιμὴν
696 3306 829 3388 ταύτην.
875 3302 1072 3390 Μιλτιάδης
1095 3302 1131 3367 δέ
1154 3307 1173 3366 ό
1192 3311 1329 3388 πρῶτος
1351 3305 1490 3388 νικήσας
1511 3303 1592 3376 τούς

329 3405 522 3488 βαρβάρους
543 3407 629 3486 μετά
649 3410 763 3486 μόνων
778 3414 845 3470 τῶν
862 3405 1012 3470 πολιτῶν
1027 3409 1084 3470 καί
1099 3409 1137 3469 τὸ
1153 3408 1297 3490 Περσῶν
1313 3408 1470 3491 φρόνημα
1486 3403 1590 3466 καθε-

331 3504 413 3585 λών,
442 3508 462 3569 δ
491 3512 657 3594 πρότερον
685 3508 775 3588 είχον
803 3511 849 3584 ὡς
878 3513 1040 3572 ἁπάντων
1068 3509 1265 3594 ἀνθρώπων
1286 3509 1458 3592 κρείττους
1480 3508 1585 3581 όντες,
1606 3515 1638 3566 δι)

331 3609 429 3686 ούτος
450 3603 526 3690 μετ’
553 3603 591 3674 οὐ
614 3609 723 3674 πολύν
742 3614 864 3695 χρόνον
886 3615 937 3688 είς
959 3615 997 3674 τά
1028 3610 1262 3698 δεσμωτήριον
1291 3599 1353 3673 ὑπ’
1387 3600 1498 3672 αὐτῶν
1520 3609 1589 3670 ίνέ-

330 3732 425 3794 πεσε,
446 3717 504 3778 καί
525 3718 670 3799 προσέτι
692 3717 712 3777 δ
733 3717 807 3790 υίὸς
830 3707 932 3777 αὐτοῦ
955 3717 1076 3795 Κίμων
1098 3717 1221 3794 ἄτιμος
1243 3710 1283 3798 ἦν
1306 3713 1347 3776 άν
1369 3715 1428 3774 τδν
1451 3713 1588 3773 ἅπαντα

326 3820 457 3901 χρόνον,
481 3819 512 3879 εί
533 3819 578 3904 μη
602 3819 662 3903 την
678 3814 829 3904 ἀδελφὴν
840 3808 1029 3902 Ἐλπινίκην
1044 3814 1203 3894 ἐξέδωκεν
1219 3813 1316 3901 ἀνδρί
1338 3813 1489 3898 ταπεινῷ
1508 3805 1587 3898 [καί]

417 4033 495 4087 ίκαί
514 4024 619 4097 αύτούς
637 4031 692 4088 MU
710 4047 744 4086 m.
764 4047 804 4101 pr.
824 4032 845 4086 P
862 4035 912 4088 καί
929 4048 981 4089 om.
1000 4031 1050 4086 ΒΗ
1136 4032 1378 4088 θναταλίαονσιν
1394 4031 1425 4085 Μ
1511 4033 1588 4086 ὀδε-

328 4112 437 4183 άειότες
455 4117 478 4172 Β
565 4121 579 4170 ί
597 4120 806 4175 καταλίαουσιν
824 4117 878 4173 UM
964 4111 1149 4188 ἀντηλάμενσι
1166 4117 1188 4170 Ρ
1279 4120 1294 4171 8
1313 4109 1409 4174 αάτοῖν
1426 4115 1498 4184 libri,
1516 4129 1587 4170 corr.

328 4203 407 4272 Emp.
480 4207 510 4256 10
528 4202 558 4259 δὲ
574 4202 680 4271 Ρδυςλι,
699 4200 730 4276 δὴ
749 4203 812 4258 libri
865 4207 897 4258 12
916 4203 1072 4276 φροντίδος
1089 4202 1135 4258 UP
1153 4204 1316 4276 φροντίδος
1334 4202 1365 4256 Μ
1424 4205 1455 4256 13
1474 4219 1507 4272 γε
1525 4199 1586 4254 αδδ

326 4287 428 4342 Reisko
495 4289 543 4344 καί
561 4303 614 4343 om.
634 4287 711 4343 UBM
764 4292 823 4345 wir
840 4303 874 4344 ex
892 4283 986 4346 τάνΡ
1052 4293 1082 4342 16
1099 4286 1146 4344 ένιί
1164 4292 1217 4345 τοῦ
1234 4283 1386 4346 τούτωνΡ
1442 4290 1473 4341 18
1490 4281 1587 4344 ἀπαλλ-

327 4375 465 4430 λννταιΒ
533 4373 563 4430 δὲ
580 4376 629 4430 καί
647 4373 668 4427 Ρ
686 4373 726 4436 (δέ
744 4389 778 4428 ex
794 4373 857 4445 μὲν)
910 4379 942 4429 20
962 4373 1103 4446 ξυνέβηΒ
1161 4378 1194 4428 24
1213 4371 1398 4445 τούόαφσςΒ
1468 4375 1500 4424 25
1518 4361 1586 4426 ἀλλ’

326 4453 556 4530 ἀποχωροῦντας
573 4464 649 4527 (mrg.
667 4479 711 4532 γρ.
731 4467 822 4532 παρα)
839 4461 865 4517 U
969 4463 1002 4514 26
1020 4456 1116 4517 πάντα
1134 4475 1186 4515 om.
1206 4459 1226 4514 P
1314 4461 1348 4511 29
1364 4453 1461 4526 μόνον
1479 4456 1500 4508 Β

327 4547 357 4597 31
379 4534 472 4607 οὕτως
489 4543 512 4596 Β
531 4533 649 4610 virore
666 4549 738 4608 (cum
755 4549 864 4611 rasura)
883 4544 907 4602 U
976 4549 1009 4601 33
1028 4549 1076 4602 καί
1093 4545 1193 4600 reclusi
1212 4549 1323 4600 ιοοαίαε
1342 4541 1499 4611 Emporium
