3466 5268
631 379 767 438 ORATIO
785 379 913 437 XXXIX.
1356 379 1398 437 45

10 575 128 632 mn)
143 563 307 617 τοσαῦται
343 553 378 618 δὲ
413 552 560 638 γλῶτται
590 563 813 637 παραινοῦσι,
844 563 1008 618 τοσαῦται
1042 551 1078 615 δὲ
1116 550 1266 618 διάνοιαι
1296 578 1398 642 φρον·

141 653 301 734 τίζσυσιν.
361 657 519 745 διαφέρει
554 658 617 743 γάρ
651 655 747 722 ούδὲν
781 657 871 744 ἢιεῖ
901 679 954 732 τις
987 657 1081 719 θεῶν
1117 657 1224 732 οὑτως
1251 658 1398 746 μεγάλης

140 762 197 822 καί
219 759 498 844 πολυανθρώπου
522 757 656 835 πόλεως
684 762 766 842 μίαν
793 763 905 846 ψυχὴν
933 760 1104 843 ἐποίησεν.
1150 760 1197 833 ὡς
1220 761 1295 822 οὑτε
1318 785 1398 848 χρη-

142 866 259 942 μάτων
296 860 434 949 πλῆθος
470 863 547 925 οὔτε
583 864 780 945 ἀνθρώπων
819 863 895 924 ούτε
930 859 1013 946 άλλη
1050 858 1191 940 δύναμις
1228 859 1399 948 ξυνήνεγκε

106 971 218 1041 σταῖς
240 963 518 1051 διαφερομένοις,
546 963 631 1027 ἀλλά
661 965 856 1028 τούναντίον
886 965 998 1026 πάντα
1027 969 1132 1024 ταῦτα
1162 966 1249 1048 πρός
1271 964 1399 1054 βλάβης

140 1064 270 1148 μᾶλλόν
299 1070 373 1131 ἐστι
401 1069 458 1130 καί
479 1070 547 1149 όσῳ
572 1069 612 1129 ἂν
642 1064 783 1130 πλείονα
806 1069 956 1150 ὑπάρχῃ,
985 1067 1136 1146 τοσούτῳ
1165 1061 1320 1145 μείζονος
1342 1074 1397 1134 καί

137 1167 396 1254 χαλεπωτέρας·
427 1171 543 1253 ὥσπερ
568 1168 665 1249 οἶμαι
692 1171 748 1231 καί
770 1177 837 1231 τῶν
868 1170 1035 1248 σωμάτων
1057 1164 1105 1249 τῴ
1127 1169 1189 1246 μίν
1211 1170 1396 1250 ὑγιαίνοντι

140 1277 307 1359 συμφέρει
328 1275 367 1335 τὸ
389 1272 536 1354 μέγεθος
558 1273 615 1334 καί
636 1272 675 1334 τό
699 1268 836 1358 πλῆθος
859 1277 926 1332 τῶν
943 1275 1085 1346 σαρκῶν,
1109 1267 1157 1352 τῷ
1180 1266 1216 1332 δὲ
1240 1282 1396 1338 νοσοῦντι

27 1377 194 1443 ιιεειυκαί
224 1372 363 1461 φαύλως
391 1376 502 1454 ἐχοντι
529 1371 773 1460 σφαλερωτάτη
803 1375 895 1435 ἐστίν
924 1376 943 1457 η
973 1375 1112 1456 τοιαύτη
1137 1369 1206 1448 ἐξις
1235 1376 1291 1437 καί
1321 1374 1395 1454 όξύ-

89 1488 118 1540 1ο
139 1497 242 1540 τατον
280 1479 401 1559 ἐπάγει
437 1474 599 1540 κίνδυνον.
667 1476 795 1556 ὁμοίως
831 1471 867 1537 δὲ
906 1475 962 1535 καί
1001 1481 1081 1549 ναῦς
1120 1476 1194 1559 ἥτις
1233 1477 1274 1539 όν
1306 1481 1435 1558 μετά6

137 1582 300 1660 ὁμονοίας
333 1577 418 1664 πλέῃ
453 1586 515 1640 τοῦ
543 1579 744 1663 κυβερνήτου
777 1579 834 1639 καί
863 1583 929 1638 τῶν
964 1583 1110 1652 ναυτῶν,
1146 1578 1227 1664 αύτη
1262 1601 1297 1642 τε
1329 1579 1394 1664 σφ’-

136 1677 229 1758 ζεται
251 1684 308 1745 καί
331 1676 431 1765 σῴζει
453 1683 532 1756 τούς
554 1677 782 1762 ἐμπλέοντας·
806 1681 837 1741 εί
861 1675 895 1740 δὲ
918 1679 975 1762 μή,
999 1680 1066 1761 όσῳ
1092 1675 1200 1743 πλείω
1222 1683 1265 1743 τά
1290 1684 1392 1763 ίστία,

135 1787 287 1866 τοσούτῳ
320 1780 550 1868 σφοδρότερον
578 1785 637 1846 τὸν
663 1789 813 1862 χειμῶνα
842 1782 899 1843 καί
927 1782 987 1866 την
1016 1782 1162 1867 ταραχην
1183 1779 1287 1863 μείζω
1312 1803 1393 1868 συμ-

136 1887 266 1968 βαίνειν
289 1888 423 1970 άνάγιη.
461 1888 500 1947 τό
525 1886 605 1948 αύτὸ
621 1891 721 1947 τοῦτο
745 1883 805 1946 ἐπί
828 1884 987 1968 ἅρματος,
1012 1883 1052 1944 άν
1073 1886 1169 1963 μένό
1191 1877 1234 1946 θ’
1259 1890 1393 1972 ηνίυχος

89 1999 119 2050 11
140 1990 253 2072 ἄρχειν
281 1991 465 2073 ἐπίστηται
492 1986 577 2050 κατά
606 1989 735 2071 τρόπον
765 1987 802 2047 οἴ
827 2005 864 2048 τε
899 1985 1005 2046 ἵπποι
1040 1987 1309 2071 ὁμοφρονοῦντες
1336 1996 1393 2056 καί

137 2091 343 2169 πειθόμενοι
366 2089 466 2166 ὦσιν,
493 2086 593 2164 ἐλπίς
615 2091 708 2151 ἐστιν
731 2090 766 2151 ἐν
787 2089 849 2166 μὲν
872 2087 977 2168 ἀγῶνι
999 2095 1110 2165 νικᾶν,
1133 2090 1168 2150 ἐν
1193 2086 1228 2151 δέ
1253 2090 1390 2176 πολέμῳ

138 2187 313 2274 σῴζεσθαι
341 2195 379 2254 τὸ
409 2199 563 2254 τοιοῦτον
594 2192 701 2273 ἅρμα·
732 2192 884 2264 στάσεως
913 2184 949 2250 δέ
980 2190 1037 2250 καί
1066 2199 1212 2278 ταραχῆς
1241 2195 1391 2281 ἐνούσης,

136 2297 287 2376 τοσούτῳ
310 2289 433 2376 μείζων
456 2296 476 2355 ό
496 2291 657 2370 κίνδυνος,
681 2295 749 2374 ὁσιρ
773 2292 815 2353 ἂν
837 2291 1048 2374 ἰσχυρότεροι
1063 2289 1148 2354 ὦσιν
1165 2297 1199 2358 οί
1215 2297 1321 2361 ίπποι
1336 2303 1392 2362 καί

135 2397 321 2480 ταχύτεροι.
372 2393 624 2480 παραπλησίως
646 2393 682 2458 δὲ
704 2396 760 2456 καί
783 2390 883 2456 πόλει
906 2394 1095 2480 ὁμονοούσῃ
1120 2397 1231 2460 πάντα
1254 2399 1296 2460 τά
1318 2421 1388 2464 τοι·
1413 2407 1431 2467 7

85 2506 117 2558 20
140 2505 224 2560 αῦτα
244 2501 393 2584 χρήσιμά
416 2501 508 2574 ἐστι,
538 2499 720 2582 περιουσία
739 2498 920 2583 χρημάτων
941 2496 999 2558 καί
1028 2493 1165 2584 πλῆθος
1195 2500 1392 2585 ἀνθρώπων

133 2603 190 2665 καί
212 2603 309 2682 τιμαί
329 2604 385 2664 καί
407 2598 489 2678 δόξα
511 2602 567 2664 καί
591 2597 747 2680 δύναμις·
772 2601 802 2662 εἰ
826 2597 862 2661 δέ
884 2600 941 2683 μή,
966 2595 1155 2685 δύσχρηστα
1177 2603 1234 2664 καί
1245 2600 1390 2682 χαλεπά,

10 2703 208 2766 ωεεῐῑιοίον
237 2706 273 2766 ἐν
301 2701 412 2786 τούτῷ
440 2707 658 2789 τρεφομένων
686 2703 821 2786 θηρίων
844 2697 981 2763 πολλῶν
1004 2703 1023 2787 ἢ
1046 2703 1286 2788 βοσκημάτων,
1315 2710 1390 2782 ένὸς

133 2805 303 2890 εἴργοντος
326 2803 526 2890 περιβόλου,
555 2809 785 2890 κυριττόντων
807 2825 842 2866 τε
872 2799 1000 2888 άλληλα
1028 2803 1085 2865 καί
1114 2808 1313 2870 πατούντων
1334 2810 1391 2872 καί

134 2909 408 2990 ἐπεμβαινόντων
431 2905 600 2994 ἀλλήλοις.
638 2899 713 2968 ἀλλ’
741 2908 772 2969 εί
794 2908 855 2986 μέν
878 2907 1037 2988 ὑγιαίνων
1057 2908 1244 2989 ἐτύγχανον,
1268 2912 1326 2972 οὑκ
1348 2913 1389 2974 ἂν

81 3023 114 3074 2ο
136 3011 287 3096 ἀπέστην
309 3017 371 3074 τοῦ
392 3008 501 3093 λόγου,
524 3011 604 3092 πρίν
628 3007 750 3084 ἱκανῶς
771 3009 873 3070 αύτὸν
896 3004 1047 3070 διελθεῖν
1068 3011 1152 3070 κατά
1168 3011 1227 3096 την
1243 3013 1391 3092 ἐμαυτοῦ

133 3109 289 3194 δύναμιν·
319 3121 376 3176 νῦν
407 3110 442 3176 δὲ
470 3115 566 3194 ὑμεῖς
594 3133 630 3175 τε
661 3111 745 3187 ἴσως
775 3111 863 3195 πρός
891 3114 1021 3194 έτέροις
1041 3107 1170 3190 μάλλόν
1199 3115 1275 3176 ἐστε
1297 3116 1387 3197 κάγάι

133 3212 220 3277 πολύ
249 3212 510 3300 καταδεέστερον
539 3215 603 3294 ἔχω
632 3215 651 3299 ἢ
683 3215 770 3301 πρός
799 3215 837 3275 τὸ
865 3213 1014 3294 μέγεθος
1042 3220 1104 3274 τοῦ
1136 3211 1273 3296 ἀγῶνος.
1328 3220 1429 3288 τὸν8

133 3317 191 3380 οὸν
212 3319 421 3403 βραχύτατον
443 3319 499 3380 καί
522 3317 777 3396 ἀνυσιμώτατον
803 3312 900 3397 λόγον
929 3311 1173 3378 καταλείπεται
1196 3318 1309 3380 εἰπεῖν
1329 3321 1387 3380 τὸν

133 3421 220 3504 πρός
241 3421 321 3494 τούς
343 3405 457 3494 θεούς.
495 3415 590 3481 οὑτοι
611 3419 674 3503 γάρ
696 3420 753 3480 καί
774 3424 842 3479 τῶν
863 3419 984 3499 μικρόν
1007 3418 1250 3502 φθεγγομένων
1271 3420 1292 3479 ὁ
1316 3417 1387 3481 δια·

82 3533 113 3586 311
134 3529 291 3586 νυοῦνται
306 3521 431 3585 ἴσασιν.
471 3519 555 3595 ἴσως
576 3518 638 3601 γάρ
653 3522 710 3582 καί
724 3527 824 3581 τοῦτο
839 3527 901 3580 τοῦ
917 3515 1050 3604 σφόδρα
1067 3519 1262 3594 εύνοοῦντός
1277 3522 1386 3582 ἐστιν·

132 3625 248 3710 ὥσπερ
278 3625 313 3687 ολ
338 3624 479 3709 χρηστοί
507 3627 652 3707 πατέρες
681 3628 755 3697 τοῖς
783 3624 904 3684 παισίν
934 3624 955 3682 ά
983 3623 1044 3701 μὲν
1074 3617 1233 3682 δύνανται
1262 3641 1387 3704 παραι-

217 3876 435 3946 1φροντίζαυσι
454 3873 504 3932 UT
576 3865 687 3932 τούτω
704 3873 752 3930 ΒΤ
826 3872 953 3946 διαφέρει
971 3872 1082 3942 reposui
1098 3887 1133 3928 ει
1150 3888 1189 3930 or.
1208 3872 1222 3928 I
1240 3876 1312 3944 3³2,
1331 3880 1387 3934 δια-

128 3961 249 4034 φέρουσι
266 3961 330 4017 libri
387 3953 461 4026 σάς
478 3957 545 4018 αύτε
563 3974 587 4016 ο.
606 3976 632 4030 q.
650 3975 674 4018 ι.
691 3975 747 4015 non
760 3959 906 4015 cohaerent
923 3975 985 4014 cum
1002 3958 1223 4015 antecedentibus
1293 3960 1386 4020 ὑέατί

127 4051 176 4106 καί
194 4037 255 4123 ὅσῳ
272 4045 345 4103 UBT
363 4045 421 4112 (ωδ
438 4046 466 4101 ln
484 4045 508 4102 U
526 4046 578 4100 fuit
594 4043 681 4111 ἐστίν)
698 4043 777 4102 ἐστίν
795 4034 855 4120 δσῳ
873 4043 903 4098 M
1001 4037 1123 4115 ὑπάρχει
1141 4042 1195 4098 BM
1300 4049 1386 4118 τμὲυ

128 4132 222 4188 σουΒ
274 4131 438 4202 sfflppocr.
456 4131 559 4202 Δρίιοτ.
572 4135 612 4200 3,1
634 4129 663 4188 αί
680 4125 730 4188 ἐπ’
747 4127 841 4200 ἄκρον
858 4123 962 4196 εύεξίαι
980 4129 1132 4202 αφαλεραί.
1144 4127 1230 4197 (wil.)
1287 4136 1315 4188 11
1331 4135 1386 4191 σά-

127 4220 207 4288 ζεται
224 4223 264 4283 (αι
282 4233 300 4273 ε
318 4223 399 4284 corr.)
416 4217 441 4274 U
514 4222 544 4273 14
562 4206 612 4276 ὅτ’
630 4217 660 4271 Μ
715 4222 744 4272 15
762 4213 896 4286 ἐπίστητε
914 4215 938 4270 Β
955 4211 1106 4287 ἐπίστηται
1125 4227 1164 4280 (aa
1183 4229 1200 4268 ι
1219 4232 1289 4273 corr.
1308 4217 1332 4274 U

130 4307 160 4358 18
177 4305 270 4373 μίζων
287 4303 317 4358 M
399 4307 433 4357 20
450 4297 510 4360 ἐστι
522 4322 545 4358 2:
563 4301 600 4373 (ε.
617 4305 683 4366 εει.)
701 4301 725 4357 U
743 4297 823 4358 ἐστιν
839 4300 863 4355 Τ
951 4303 983 4354 22
1001 4299 1209 4372 στρεφομένων
1225 4301 1296 4372 libri,
1314 4319 1384 4362 corr.

126 4388 244 4444 casaub.
314 4391 347 4444 ²4
364 4385 576 4463 ἐπιβαινόντων
593 4387 646 4442 ΒΜ
714 4383 873 4460 ἐτύγχανον
895 4381 972 4443 υίνΒ
1042 4390 1074 4441 26
1092 4382 1204 4456 μᾶλλόν
1221 4387 1287 4447 ἐστε
1304 4391 1384 4461 Emp.

125 4471 192 4531 ἐστί
207 4477 318 4542 μᾶλλον
336 4463 411 4532 ὑίστε
429 4473 502 4530 UBT
520 4475 632 4544 μᾶλλον
649 4461 725 4530 ὥστε
741 4475 805 4538 (om.
822 4467 898 4536 ἐστέ)
916 4471 946 4525 Μ
998 4475 1030 4526 27
1048 4471 1260 4544 καταδεέστερα
1278 4475 1326 4532 UT

125 4553 202 4630 ἔχων
218 4555 294 4631 πρός
310 4558 339 4613 M
409 4563 441 4614 2⁹
458 4563 571 4632 μικρῶν
587 4558 619 4613 Μ
636 4553 722 4632 μικρὸ
733 4577 780 4613 τιν
797 4556 860 4624 (fuit
876 4558 998 4629 μικράν)
1016 4555 1040 4612 U
1059 4559 1189 4629 σμικρῶν
1207 4557 1230 4613 Β
