3466 5268
632 304 769 363 ORATIO
788 304 886 365 XLIV.

22 709 121 756 mn)
172 699 245 772 (27)
277 694 772 778 ΦΙΛΟΦΡΟΝΗΤΙΚΟΣ
802 699 946 780 ΠΡΟΣ
978 699 1099 781 ΤΗΝ
1128 701 1371 801 ΠΑΤΡΙΔΑ

341 794 798 880 ΕΙΣΗΓΟΥΜΕΝΗΝ
824 799 996 882 ΑΥΤΩΙ
1019 801 1206 886 ΤΙΜΑΣ.

219 1065 320 1154 Ἐμοί,
344 1071 369 1134 ώ
394 1069 512 1157 ἄνδρες
536 1071 694 1152 πολῖται,
725 1077 800 1139 οὔτε
823 1078 906 1156 ὄψις
927 1074 1032 1160 ἡδίων
1054 1081 1128 1142 έστί
1149 1089 1209 1166 της
1230 1084 1392 1167 ὑμετέρας
1417 1085 1430 1146 1

139 1177 215 1239 οὑτε
244 1179 339 1263 φωνη
370 1173 648 1262 προσφιλεστέρα
679 1179 755 1240 οὔτε
784 1181 880 1260 τιμαί
905 1175 1041 1259 μείζους
1071 1189 1138 1244 τῶν
1166 1181 1292 1246 ἐνθάδε
1318 1185 1394 1247 οὔτε

138 1281 280 1355 έπαινος
304 1276 537 1363 λαμπρότερος
559 1280 578 1364 ἢ
604 1271 730 1364 δπαρ’
754 1283 863 1361 ὑμῶν·
895 1273 969 1343 οὐδ’
995 1283 1036 1343 ἀν
1060 1280 1252 1364 ξύμπαντες
1274 1287 1308 1347 οί
1322 1278 1394 1348 Ἕλ-

141 1379 244 1466 ληνες,
268 1384 356 1466 πρδς
379 1379 414 1444 δὲ
432 1383 548 1457 αὐτοῖς
564 1383 583 1443 δ
601 1374 773 1463 Ῥωμαίων
798 1381 903 1470 δῆμος
925 1387 983 1465 ἐμὲ
1001 1381 1207 1466 θαυμάζωσι
1224 1389 1281 1450 καί
1296 1389 1394 1450 έπαι-

106 1493 255 1562 ἀνῶσιν,
280 1485 337 1546 οὑκ
359 1486 400 1547 ἂν
423 1487 652 1561 οὕτωςταῦτα
676 1487 843 1572 εὐφράναι
865 1490 925 1574 την
947 1489 1031 1574 ἀμην
1055 1485 1218 1554 διάνοιαν.
1264 1487 1311 1573 τῷ
1333 1490 1396 1573 γάρ

139 1589 209 1649 ἀντι
233 1584 343 1649 πολλά
368 1589 460 1675 σοφά
483 1590 539 1651 καί
562 1590 644 1652 θεῖα
669 1590 809 1674 εἰρηκώς
823 1582 972 1675 Ὅμηρος
996 1588 1092 1654 οὐδὲν
1110 1595 1306 1678 σοφώτερον
1329 1593 1395 1678 ἔφη

137 1694 257 1752 τούτου
273 1699 334 1752 τοῦ
354 1692 460 1765 έπους
476 1688 552 1753 οὑδέ
569 1688 801 1777 ἀληθέστερον
816 1695 875 1770 ,ὣς
891 1690 988 1756 οὐδέν
1003 1691 1137 1776 γλύκιον
1153 1695 1193 1781 ης
1209 1691 1397 1778 πατρίδοςῖ

138 1792 176 1854 εδ
195 1796 312 1872 μέντοι
333 1793 528 1856 ἐπίστασθε
551 1797 605 1856 δτι
627 1795 688 1869 τάς
710 1796 812 1874 τιμάς
827 1797 892 1875 έχω
909 1799 1034 1872 πάσας,
1057 1799 1113 1860 καί
1128 1800 1211 1873 δσας
1226 1805 1282 1860 νῦν
1298 1799 1389 1881 είση-
1413 1799 1432 1858 2

136 1894 256 1976 γεῖσθε
278 1897 334 1958 καί
356 1894 391 1958 εἴ
409 1914 499 1970 τινες
521 1893 624 1958 άλλαι
646 1897 750 1973 είσίν,
780 1897 815 1958 έν
844 1905 886 1981 τῇ
915 1899 1059 1981 ὑμετέρᾳ
1082 1900 1196 1982 εὐνοίᾳ
1217 1900 1274 1961 καί
1297 1895 1397 1983 φιλίᾳ

22 1973 78 2062 λετ)
89 2010 118 2060 10
138 1997 195 2058 καί
218 1993 353 2072 οὑδενδς
376 1995 478 2060 ἀλλοο
504 2000 568 2080 έγὼ
594 1995 725 2079 δέομαι.
777 2006 876 2060 τοῦτο
899 1999 961 2082 γάρ
991 2001 1167 2084 ἀνθρώπῳ
1193 2003 1398 2062 ίκανώτατον

144 2100 298 2176 ἐπιεικεῖ
322 2102 359 2162 τδ
377 2101 582 2182 ἀγαπᾶσθαι
597 2101 664 2162 ὑπὸ
681 2107 748 2162 τῶν
772 2101 876 2161 αὑτοῦ
897 2096 1058 2177 πολιτῶν,
1080 2102 1136 2163 καί
1159 2103 1291 2164 δτοῦτο
1314 2102 1398 2180 έχων

141 2202 176 2262 τί
198 2202 239 2263 ἀν
261 2202 312 2264 ἔτι
335 2199 541 2285 προσδέοιτο
571 2204 708 2264 είκόνιον
736 2202 756 2287 ἢ
785 2205 1004 2286 κηρυγμάτων
1032 2205 1051 2288 ἢ
1082 2201 1291 2286 προεδριῶν,·
1319 2196 1396 2265 ἀλλ’

143 2300 219 2366 οὑδέ
252 2312 405 2389 ,χρυσοῦς
440 2296 669 2391 σφυρήλατος’
705 2306 885 2385 ἱστάμενος
926 2307 961 2367 έν
995 2311 1069 2381 τοῖς
1108 2307 1398 2391 ἐπιφανεστάτοις
1484 2381 1487 2388 ’

22 2425 45 2467 ,οε
62 2424 83 2465 α
98 2423 129 2470 11>
146 2408 259 2491 ἱεροῖς.
297 2409 332 2469 έν
347 2408 410 2490 γάρ
425 2409 516 2493 ῥῆμα
533 2404 691 2483 πλείονος
713 2405 810 2484 ἀξιον
833 2399 898 2468 ἀπ’
924 2396 1058 2484 εὑνοίας
1080 2409 1188 2493 ῥηθὲν
1202 2409 1259 2471 καί
1281 2404 1400 2493 φιλίας

100 2511 169 2594 15ἢ
201 2513 238 2572 τδ
269 2507 403 2589 ξὺμπαν
432 2511 466 2573 έν
496 2511 699 2593 ἀνθρώποις
724 2511 863 2595 χρυσίον
891 2513 948 2573 καί
977 2515 1142 2596 στέφανοι
1162 2513 1219 2575 καί
1239 2511 1281 2572 τά
1304 2505 1400 2586 ἄλλα,

145 2615 209 2675 ὅσα
233 2610 329 2675 δοκεῖ
347 2610 502 2697 λαμπρά·
527 2613 613 2675 ὥστε
636 2632 697 2692 μοι
712 2613 919 2692 πειθόμενοι
935 2615 1022 2676 οὑτω
1047 2620 1188 2678 ποιεῖτε.
1227 2615 1258 2675 εί
1273 2610 1310 2674 δὲ
1332 2613 1398 2696 ἀρα
1422 2613 1441 2676 3

144 2716 201 2777 καί
222 2718 382 2792 τοιαύτας
403 2716 499 2792 τινάς
522 2711 578 2777 δεῖ
594 2735 637 2796 με
658 2716 760 2796 τιμάς
782 2716 878 2794 ἔχειν,
903 2711 1030 2778 πολλαί
1050 2735 1111 2794 μοι
1133 2717 1189 2778 καί
1211 2711 1312 2776 άλλαι
1334 2713 1402 2776 είσί

145 2809 230 2900 παρ’
255 2821 342 2898 ὑμῖν,
366 2827 465 2881 τοῦτο
487 2820 548 2898 μὲν
572 2819 609 2879 αὶ
631 2825 693 2879 τοῦ
713 2820 845 2902 πατρὸς
867 2825 929 2880 τοῦ
950 2819 1042 2897 ἐμοῦ,
1065 2820 1163 2892 ὅσαις
1186 2819 1312 2882 ἐκεῖνον
1334 2817 1401 2878 έτι-

142 2921 282 3005 μήσατο,
305 2923 351 2997 ὡς
367 2918 473 3007 ἀνδρα
498 2921 632 3003 ἀγαθὸν
648 2922 704 2983 καί
719 2923 800 2982 ὅσον
823 2915 878 3004 ίζη
899 2923 1020 3004 χρόνον
1044 2916 1185 2994 δικαίως
1199 2923 1401 3002 προεστῶτα

96 3035 126 3086 m
147 3020 250 3109 τῆσδε
271 3031 331 3110 τῆς
354 3021 502 3100 πόλεως,
526 3030 625 3085 τοῦτο
650 3020 685 3085 δὲ
708 3031 768 3109 τῆς
789 3026 932 3108 μητρός,
956 3022 995 3108 ης
1016 3022 1112 3101 ὑμεῖς
1136 3018 1326 3106 ἱδρύσασθε
1347 3019 1403 3081 καῖ

145 3123 279 3207 ἀγαλμα
301 3128 357 3189 καί
380 3127 486 3211 ἱερόν,
516 3133 616 3188 τοῦτο
647 3123 683 3188 δέ
714 3127 750 3187 αί
777 3133 845 3187 τῶν
877 3127 1034 3187 πάππων
1062 3125 1119 3187 καί
1142 3125 1179 3185 αί
1199 3130 1266 3186 τῶν
1289 3119 1443 3184 ἀλλων4

146 3230 338 3312 προγόνων,
361 3225 471 3290 ἔτιδὲ
495 3229 533 3289 αί
555 3234 622 3289 τῶν
646 3224 803 3314 ἀδελφῶν
825 3228 881 3290 καί
903 3234 971 3289 τῶν
993 3223 1105 3289 ἀλλων
1130 3233 1302 3309 συγγενῶν.
1347 3224 1403 3285 καί
1449 3284 1452 3290 .

145 3333 208 3416 γάρ
232 3327 434 3415 ἀνδριάντας
464 3327 615 3405 πολλοὺς
643 3331 700 3392 καί
728 3331 841 3416 ταφάς
864 3327 1031 3413 δημοσίας
1051 3330 1109 3392 καί
1130 3330 1262 3410 ἀγῶνας
1284 3328 1403 3388 έπιτα-

148 3434 250 3520 φίους
277 3434 335 3495 καί
363 3429 448 3494 ἀλλα
478 3429 589 3494 πολλά
619 3435 675 3495 καί
703 3434 815 3512 τίμια,
843 3426 901 3512 (ά)
929 3433 1070 3505 έκείνοις
1099 3430 1193 3514 παρά
1221 3425 1323 3514 τῆσδε
1345 3434 1404 3511 τῆς

100 3548 131 3598 25
154 3532 289 3611 πόλεως
310 3539 459 3618 γέγονεν,
489 3529 560 3620 [ὧν]
585 3527 721 3610 αὑδενδς
743 3535 807 3616 έγώ
831 3530 1073 3618 ἐπιλέλησμαι,
1104 3527 1188 3592 ἀλλά
1217 3530 1406 3606 ἐπίσταμαι

150 3641 262 3700 πάντα
286 3640 333 3713 ώς
356 3638 429 3700 οίόν
451 3658 487 3700 τε
509 3636 676 3718 μάλιστα,
703 3639 760 3698 καί
788 3633 887 3714 οἶμαι
916 3635 977 3708 τάς
1006 3635 1093 3714 ὑπὲρ
1116 3633 1245 3693 τούτων
1264 3631 1406 3712 χάριτας

238 3894 250 3943 1
271 3885 346 3962 δψης
363 3888 393 3942 Μ
472 3893 486 3941 ’ί
505 3890 638 3959 γλυκεῖαν
656 3885 685 3940 M
704 3885 739 3940 εί.
757 3883 808 3940 οδ.
826 3885 886 3948 9,34
974 3883 989 3934 8
1006 3875 1183 3936 ἐπίστασθαι
1200 3875 1230 3930 Μ
1246 3873 1405 3932 ἐπίστασθε

149 3982 173 4045 (ε
192 3992 211 4032 α
227 3980 308 4043 corr.)
325 3973 349 4030 U
419 3969 596 4046 εἰσηγεῖσθαι
611 3969 641 4025 Μ
713 3975 740 4024 ll
763 3959 852 4026 αὑτοῦ
868 3964 917 4021 UT
990 3967 1019 4018 12
1038 3957 1105 4021 ἀλλ’
1124 3955 1189 4021 οὑδὲ
1208 3991 1238 4000 -
1261 3966 1290 4016 14
1308 3958 1404 4028 ἱεροῖς.

148 4079 215 4118 num
237 4063 296 4132 ipse
312 4059 366 4116 Dio
386 4059 476 4128 ellipni
498 4072 563 4114 usus
588 4057 648 4111 ont?
674 4069 711 4110 αα
733 4058 856 4123 praestat
878 4057 941 4106 ante
963 4042 1030 4109 ἀλλ’
1056 4041 1121 4106 οὑδὲ
1139 4062 1162 4103 ο.
1181 4063 1207 4116 q.
1226 4061 1247 4101 κ
1266 4045 1406 4114 supplere:

151 4145 216 4209 οὑδὲ
232 4147 290 4223 γὰρ
308 4147 397 4205 πλέον
414 4141 451 4205 άν
468 4141 530 4217 ἔχοι
549 4135 632 4201 οὐδὲν
649 4131 710 4198 άπὸ
729 4130 840 4197 τούτων
910 4140 941 4191 13
958 4137 1083 4207 χρυσοῦς
1100 4134 1123 4187 Β
1139 4132 1249 4206 χρυσοῦ
1264 4128 1347 4186 ceteri

150 4236 331 4310 σφυρήσατος
353 4233 384 4288 M
490 4231 615 4304 χρυσοῦς
640 4222 821 4298 σφυρήλατος
845 4239 879 4279 ox
903 4220 1107 4293 Cypselidtrum
1131 4218 1324 4288 eplgrammte
1393 4291 1400 4314 ἢ

154 4327 184 4378 ιο
202 4318 248 4394 leq
265 4320 294 4374 Μ
398 4321 431 4372 20
452 4311 664 4389 ὑερεαααεεσ
768 4313 798 4364 τι
820 4301 917 4366 αὐτῶν
933 4322 984 4376 pro
1008 4304 1037 4362 ώ
1055 4302 1155 4362 ποτε
1259 4304 1292 4355 τι
1313 4301 1406 4356 ποκα

152 4409 232 4477 τίμια
251 4405 299 4462 UT
368 4395 507 4467 ἀιδδῖδῖ,
526 4403 639 4471 μορίαι
655 4395 734 4452 cuiun
750 4396 884 4450 iacturam
902 4382 944 4449 ὧν
960 4390 1152 4461 interpolatum
1170 4392 1229 4443 emt
1280 4388 1313 4440 26
1329 4385 1410 4441 καίο·

150 4513 203 4563 μαι
221 4490 250 4544 Μ
319 4484 392 4561 ὑπὲρ
409 4481 515 4544 τούτου
532 4482 608 4541 UBT
1222 4557 1258 4614 ⁵*
