3454 5272
319 335 380 394 312
817 335 1010 392 APPENDIX
1027 336 1076 392 111.

406 513 593 591 Γενόμενος
616 509 652 574 δέ
666 511 752 573 κατὰ
767 513 847 586 τούς
860 514 1011 595 χρόνους,
1029 513 1087 587 ούς
1099 502 1330 587 Ἀπολλώνιός
1345 533 1382 574 τε
1398 514 1417 573 ό
1435 514 1594 587 Τυανεύς

319 615 377 676 καί
399 613 580 699 Εὐφράτης
604 615 622 674 ό
648 616 771 697 Τύριος
787 609 1032 699 ἐφιλοσόφουν,
1056 615 1268 699 ἀμφοτέροις
1283 611 1489 699 ἐπιτηδείως
1504 613 1591 694 εἶχε,

321 715 436 778 καίτοι
458 711 720 802 διαφερομένοις
748 718 836 799 πρδς
858 711 1024 802 ἀλλήλους
1052 712 1117 793 ἔξω
1140 723 1203 778 τού
1225 713 1438 802 φιλοσοφίας
1461 718 1591 801 ήθσυς.

320 819 381 904 τήν
405 815 441 880 δέ
464 820 499 893 ἐς
521 820 562 881 τά
578 819 699 880 Γετικά
716 818 800 903 ἐθνη
819 815 972 900 πάροδον
994 826 1057 880 του·
1070 815 1193 903 ἀνδρὸς
1217 821 1324 904 φυγήν
1337 821 1401 899 μέν
1417 819 1476 881 σύκ
1497 815 1591 896 ἀξιῶ

284 915 514 1001 οὐνομάζειν,
544 921 621 984 ἐπεί
648 923 693 1005 μή
726 921 946 1006 προσετάχθη
978 919 1069 1003 αὐτῷ
1099 925 1235 1006 φυγεῖν,
1266 917 1343 983 σύδέ
1374 918 1592 1006 ἀποδημίαν,

322 1020 441 1109 ἐπειδή
471 1029 534 1085 τοῦ
562 1029 713 1108 φανεροῦ
739 1019 875 1106 ἐξέστη,
904 1019 1059 1085 κλέπτων
1088 1024 1208 1085 ἐαυτὸν
1239 1019 1433 1108 ὀφθαλμῶν
1464 1043 1501 1084 τε
1530 1025 1595 1085 καί

321 1126 417 1187 ώτων
444 1126 502 1187 καί
529 1121 615 1186 ἀλλα
643 1127 679 1188 ἐν
708 1121 791 1210 άλλη
820 1133 862 1210 γῇ
892 1126 1052 1209 πράττων
1082 1122 1152 1188 δέει
1180 1132 1247 1188 τῶν
1276 1125 1361 1188 κατά
1391 1127 1451 1210 τήν
1482 1122 1595 1186 πόλιν

322 1223 546 1312 τυραννίδων,
575 1219 638 1313 ὑφ’
664 1225 711 1290 ὧν
734 1223 900 1314 ήλαύνετο
926 1225 1120 1314 φιλοσοφία
1144 1235 1248 1291 πάσα.
1294 1229 1448 1313 φυτεύων
1471 1223 1507 1288 δὲ
1530 1229 1596 1290 καί

324 1333 485 1393 σκάπτων
505 1331 563 1392 καί
584 1326 761 1392 ἐπαντλῶν
783 1327 978 1411 βαλανείοις
1000 1350 1036 1392 τε
1059 1330 1117 1392 καί
1137 1331 1279 1415 κήποις,
1300 1331 1358 1392 καί
1380 1324 1492 1390 πολλά
1516 1348 1595 1390 τοι·

271 1443 302 1494 1⁰
325 1440 409 1495 αὐτα
431 1433 517 1516 ύπέρ
540 1441 671 1518 τροφῆς
693 1427 923 1516 ἐργαζόμενος,
948 1430 1025 1496 οὐδέ
1048 1440 1111 1494 τού
1127 1427 1331 1509 σπουδάζειν
1355 1429 1482 1516 ήμέίει,
1506 1423 1591 1492 ἀλλ’

324 1535 395 1595 ἀπδ
420 1530 514 1596 δυοῖν
535 1530 685 1616 βιβλίσιν
700 1536 820 1597 ἐαυτδν
837 1532 979 1615 ξυνεῖχε·
1002 1536 1100 1599 ταυτί
1120 1532 1156 1597 δέ
1178 1531 1218 1620 ήν
1241 1538 1311 1599 ότε
1328 1531 1469 1596 Φαίδων
1493 1536 1599 1596 ότσῦ

326 1633 514 1710 Πλάτωνος
542 1638 600 1699 καί
619 1637 869 1721 Δημοσθένους
891 1639 910 1698 ό
930 1638 1016 1699 κατὰ
1046 1646 1106 1724 τῆς
1128 1638 1323 1721 πρεσβείας.
1369 1631 1528 1717 θαμίζων
1554 1632 1595 1699 δὲ

326 1739 363 1813 ἐς
384 1738 426 1800 τά
452 1736 677 1822 στρατόπεδα,
701 1741 737 1802 ἐν
760 1739 883 1824 οίσπερ
907 1741 1030 1803 εἰώθει
1050 1741 1249 1824 τρύχεσθαι,
1270 1742 1328 1803 καί
1348 1741 1428 1814 τούς
1452 1755 1597 1824 στρατι-

329 1842 418 1916 ώτας
435 1843 522 1925 όρῶν
544 1842 580 1916 ἐς
594 1843 740 1924 νεώτερα
757 1844 932 1927 όρμῶντας
948 1845 1008 1906 ἐπί
1022 1841 1226 1926 Δομετιανῷ
1241 1843 1506 1927 ἀπεσφαγμένφ,
1531 1842 1598 1904 οὐκ

275 1955 305 2007 15
329 1944 504 2029 ἐφείσατο,
526 1940 668 2021 ἀταξίαν
692 1941 774 2006 ίδών
797 1947 1004 2030 ἐκραγεῖσαι,
1027 1942 1113 2007 ἀλλά
1135 1948 1260 2028 γυμνός
1281 1942 1506 2030 ἀναπηδήσας
1530 1946 1597 2008 ἐπὶ

328 2045 444 2128 βωμόν
466 2043 600 2132 ύψηλδν
622 2044 747 2132 ἤρξατο
771 2054 832 2110 τοῦ
855 2044 954 2130 λόγου
978 2045 1060 2110 ώδε·
1171 2045 1175 2053 ’

416 2147 538 2232 Αύτάρ
562 2151 581 2212 δ
602 2151 764 2236 γυμνώθη
788 2153 918 2235 ῥακέων
941 2147 1132 2236 πολύμητις
1153 2141 1347 2227 Ὀδυσσεύς·

328 2252 384 2314 καί
398 2253 507 2316 εἰπὼν
522 2260 638 2330 ταῦτα,
657 2255 714 2316 καί
729 2250 886 2338 δηλώσας
901 2256 1020 2316 έυυτδν
1035 2256 1089 2317 ότι
1098 2255 1144 2338 μή
1161 2254 1298 2333 πτωχδς
1311 2249 1397 2339 μηδέ
1415 2253 1453 2316 δν
1469 2245 1596 2336 ᾠόντο,

327 2354 423 2416 Δίων
449 2351 485 2416 δὲ
501 2353 553 2440 εἴη
578 2357 596 2416 ό
617 2358 736 2440 σοφός,
757 2357 817 2418 ἐπί
837 2356 898 2435 μέν
921 2357 981 2440 τήν
1002 2355 1205 2438 κατηγορίαν
1230 2362 1293 2417 τού
1305 2357 1467 2440 τυράννου
1483 2353 1599 2432 πολύς

279 2465 309 2518 μ)
332 2457 484 2532 ἔπνευσε,
500 2458 579 2531 τούς
602 2453 638 2519 δέ
657 2460 868 2542 στρατιώτας
886 2453 1039 2533 ἐδίδαξεν
1060 2455 1187 2536 ἀμείνω
1211 2461 1349 2541 φρονεῖν
1369 2457 1411 2518 τά
1429 2453 1597 2520 δοκοῦντα

328 2548 508 2638 Ῥωμαίοις
523 2560 747 2643 πράττοντας.
776 2560 833 2622 καί
847 2559 910 2643 γάρ
926 2563 946 2645 ή
963 2558 1080 2621 πειθὼ
1096 2565 1158 2620 τοῦ
1172 2555 1294 2642 ἀνδρὸς
1309 2558 1365 2620 σία
1380 2556 1597 2636 καταθέλξαι

330 2662 388 2723 καί
403 2662 482 2735 τούς
496 2663 540 2746 μή
564 2661 606 2722 τά
619 2653 780 2745 Ἑλλήνων
796 2661 1026 2745 ἀκριβοῦντας.
1062 2663 1231 2745 Τραιανδς
1245 2668 1324 2743 γοῦν
1340 2663 1359 2722 ό
1374 2661 1595 2744 αὐτοκράτωρ

332 2763 545 2842 ἀναθέμενος
568 2763 668 2825 αὐτόν
696 2764 757 2826 ἐπί
777 2772 837 2850 της
855 2751 983 2849 Ῥώμης
1005 2765 1040 2838 ές
1069 2765 1130 2848 τήν
1151 2771 1277 2849 χρυσῆν
1300 2759 1443 2843 άμαξαν,
1466 2754 1528 2849 ἐφ’
1553 2764 1595 2850 ής

337 2865 372 2926 ol
385 2861 539 2947 βασιλεῖς
562 2865 623 2940 τάς
645 2867 680 2926 ἐκ
696 2873 763 2928 τῶν
780 2862 939 2946 πολέμων
956 2866 1102 2946 πομπάς
1119 2868 1367 2945 πομπεύουσιν,
1385 2861 1476 2948 ἔλεγε
1491 2866 1593 2947 θαμά

280 2977 311 3028 2⁵
333 2969 626 3052 ἐπιστρεφόμενος
655 2969 690 3042 ές
718 2970 777 3030 τὸν
798 2969 934 3046 Δίωνα,
961 2969 1005 3030 Τί
1024 2969 1085 3048 μέν
1110 2963 1218 3051 λέγεις
1241 2968 1299 3030 οὐκ
1322 2965 1416 3030 οἶδα·
1441 2965 1531 3054 φιλῶ
1557 2967 1596 3032 δέ

335 3084 372 3131 σε
395 3070 442 3143 ώς
464 3070 617 3149 ἐμαυτόν.
657 3072 951 3155 σοφιστικώταται
975 3065 1010 3132 δέ
1033 3077 1096 3132 τού
1109 3070 1244 3145 Δίωνος
1267 3073 1304 3132 αέ
1326 3077 1393 3132 τῶν
1417 3067 1524 3152 λόγων
1547 3072 1595 3133 εί-

333 3173 437 3248 κόνες,
461 3172 496 3232 ἐν
520 3170 575 3246 αίς
597 3172 629 3234 εί
649 3173 706 3234 καί
722 3168 840 3249 πολύς,
862 3168 947 3234 ἀλλά
971 3173 1028 3234 καί
1042 3173 1184 3258 ἐναργής
1198 3173 1255 3234 καί
1269 3176 1342 3247 τοῖς
1356 3173 1596 3252 ὑποκειμένοις

334 3275 462 3352 όμοιος.

421 3371 637 3441 Philostratus
659 3373 722 3440 Vis
746 3373 854 3460 Apoll.
877 3374 916 3456 V,
932 3377 990 3458 27,
1012 3395 1044 3460 p.
1065 3377 1145 3441 209:
1171 3377 1304 3452 Δίωνες
1330 3378 1388 3439 καί
1416 3375 1597 3461 Εὐφράτου

284 3489 314 3541 so
335 3475 521 3561 gaudebant
532 3475 733 3561 Vespasiano
749 3478 917 3561 imperium
933 3485 1133 3562 capessente.
1175 3474 1296 3552 (Schol.
1313 3475 1454 3544 Arethae
1469 3496 1500 3562 p.
1519 3479 1597 3545 189:

342 3583 410 3643 Τόν
432 3581 617 3665 Προυσαέα
640 3576 729 3663 λέγει
750 3583 869 3644 Δίωνα
891 3583 951 3643 τδν
973 3583 1221 3664 Χρυσόστομον
1243 3582 1301 3643 καί
1321 3583 1380 3643 τδν
1403 3581 1597 3668 Εὐφράτην,

337 3680 463 3768 ἀνδρας
480 3680 695 3769 φιλοσόφους
709 3688 780 3762 μέν,
793 3686 955 3769 ἀειφυγίᾳ
969 3681 1005 3746 δὲ
1017 3685 1086 3746 ύπύ
1100 3686 1260 3767 Νέρωνος
1269 3679 1599 3764 καταδικασθέντας,

337 3788 391 3849 ότι
413 3785 514 3848 αύτδν
536 3781 676 3870 ἤλεγξαν
698 3780 847 3870 δημοσίᾳ
870 3786 929 3848 οὐκ
952 3787 1075 3861 αίσίως
1096 3782 1335 3867 βασιλεύοντα,
1360 3787 1476 3871 ὥσπερ
1498 3788 1556 3848 καί
1580 3790 1600 3848 δ

338 3890 426 3951 κύων
448 3888 646 3972 Δημήτριος
668 3889 704 3950 ἐν
726 3885 775 3970 τῷ
797 3890 865 3951 ὑπὸ
881 3891 1043 3973 Νέρωνος
1065 3889 1186 3950 τούτου
1203 3884 1368 3973 λουτρῶνι
1389 3889 1598 3970 ἐκτισμένην.)

285 4001 316 4051 ss
423 3990 475 4071 37,
497 4007 529 4073 p.
545 3989 623 4053 222:
651 3991 709 4053 καί
730 3992 788 4054 τδν
810 3992 928 4054 Δίωνα
959 3992 1017 4054 οὐκ
1038 3988 1159 4076 ἐπῄνει
1179 3993 1241 4071 μὲν
1263 3988 1344 4068 (scil.
1367 3987 1599 4071 Vespasianus)

341 4090 568 4177 ξυναράμενον
593 4091 683 4177 αὐτῷ
699 4092 899 4178 (Apollonio)
922 4101 982 4180 τῆς
1003 4095 1147 4178 γνώμης,
1171 4094 1210 4155 οὐ
1231 4095 1297 4179 μήν
1319 4094 1495 4155 ἐπαύσατο
1517 4093 1600 4175 ἀγα-

340 4201 432 4257 πῶν·
455 4195 613 4280 ἐπίχαρίς
634 4216 671 4258 τε
693 4195 755 4279 γάρ
778 4195 839 4272 τάς
870 4192 1037 4273 διαλέξεις
1058 4192 1170 4258 ἐδόκει
1190 4196 1247 4259 καί
1267 4195 1329 4270 τάς
1350 4192 1467 4280 ἐριδας
1490 4214 1600 4280 παρη-

340 4301 449 4374 τεῖτο,
480 4297 570 4380 ὥραν
598 4317 635 4359 τε
663 4299 830 4382 ἐπέφαινε
859 4302 934 4372 τοῖς
964 4294 1077 4380 λόγοις
1106 4298 1162 4360 σία
1192 4305 1254 4360 τού
1282 4298 1369 4380 πρδς
1391 4301 1465 4372 τοῖς
1495 4298 1601 4381 ίεροῖς

342 4400 451 4477 ότμού
471 4399 604 4475 ἐκπνεῖ,
634 4407 767 4484 προσῆν
796 4396 832 4461 δέ
863 4397 953 4482 αύτῷ
974 4402 1032 4463 καί
1053 4403 1091 4462 τδ
1115 4394 1374 4480 δποσχεδιάζειν
1397 4400 1520 4479 ἀριστα
1544 4399 1601 4461 άν-

289 4509 320 4560 40
342 4500 508 4583 θρώπων.
