3520 5270
661 399 797 456 ORATIO
817 400 902 456 LXV.
1351 400 1411 459 159

152 571 298 655 μοχλούς
320 576 370 648 (ού
394 573 600 660 φυλάττεται
621 575 683 658 γάρ
707 576 774 638 ύπδ
805 576 934 636 τούτων
965 572 1061 637 ούδὶν
1090 581 1156 636 τῶν
1187 568 1272 659 παρ’
1299 578 1412 664 αὐτῆς)

154 669 231 738 ἀλλ’
266 678 314 752 εὶς
346 677 479 740 εύνοιαν
508 677 721 760 ἀνθρώπων,
758 673 925 759 πατρίδος
953 677 1161 759 εὐεργεσίαν,
1192 674 1301 762 φίλων
1333 680 1411 764 βοή-

1 817 9 844 .
60 781 268 844 (θωύιδειαν.
331 781 448 842 ούκοῦν
478 776 642 842 οὐδέποτε
671 772 814 863 [αύτούς]
844 777 940 841 ούδέν
970 775 1129 865 ἀφείλετο
1164 783 1183 864 η
1219 781 1298 864 τύχη
1334 783 1462 856 τούς11

153 877 225 964 <γε>
247 878 341 959 ἅπαξ
361 886 590 967 κτησαμένους
618 889 684 944 τῶν
708 883 815 957 ούτως
837 883 1079 962 ἀποκειμένων.
1131 879 1226 943 οὗτοι
1252 883 1315 966 γάρ
1345 884 1413 945 εὶσι

120 985 329 1071 ιύησαυροὶ
356 985 492 1067 βέβαιοι
519 985 575 1046 καὶ
604 990 689 1046 πᾶσι
720 985 861 1069 φανεροὶ
889 990 957 1046 τῶν
990 985 1189 1064 αὐτομάτως
1224 1002 1413 1068 περιγιγνο-

1 1132 11 1169 ,
153 1091 271 1167 μένων.
317 1087 375 1149 ἐὰν
399 1084 436 1149 δέ
456 1107 510 1161 τις
533 1083 645 1166 λαβὼν
666 1087 752 1170 (δίψη
776 1087 795 1171 ἢ
818 1088 875 1148 καὶ
896 1087 933 1171 νη
957 1086 1027 1148 Δία
1056 1092 1165 1161 κακῶς
1187 1086 1254 1170 θῇ,
1285 1087 1412 1170 θύραις

152 1191 209 1252 καὶ
230 1186 338 1252 κλεισὶ
354 1191 534 1268 πιστεύων,
558 1180 667 1251 οὐκέτ’
693 1187 791 1268 οἶμαι
807 1178 854 1251 δι’
873 1189 1000 1272 ἐκείνην
1015 1184 1234 1250 ἀπόλλυνται.
1274 1185 1407 1274 σφόδρα
1423 1191 1462 1252 12

156 1288 192 1353 δὶ
214 1293 270 1354 καὶ
292 1299 391 1353 τούτο
415 1293 563 1352 ἀτοπον·
588 1293 675 1376 πρὸς
696 1291 758 1374 γάρ
781 1287 829 1372 τῷ
853 1285 964 1352 πολλά
986 1286 1202 1376 βλασφημεῖν
1225 1287 1282 1352 διά
1307 1286 1412 1371 λόγων

155 1394 240 1455 κατά
263 1401 323 1480 τῆς
351 1396 450 1478 τύχης
479 1395 531 1455 ἐτι
558 1395 615 1455 καὶ
643 1389 796 1454 πλάσται
817 1394 874 1454 καὶ
895 1397 1039 1477 γραφεῖς
1062 1393 1164 1479 αύτην
1188 1389 1413 1476 λοιδοροῦσιν,

111 1507 138 1556 lo
161 1498 195 1558 ol
220 1498 281 1576 μὲν
310 1498 357 1571 ὡς
384 1500 589 1580 μαινομένην
617 1497 674 1557 καὶ
704 1492 971 1578 διαρρίπτουσαν
1000 1497 1204 1580 γράφοντες,
1235 1497 1269 1557 οὶ
1298 1492 1334 1557 δδ
1356 1497 1415 1558 ἐπὶ

158 1599 308 1683 σφαίρας
329 1599 518 1682 βεβηκυῖαν,
543 1598 590 1672 ὡς
613 1598 671 1658 ούκ
686 1593 851 1682 ἀσφαλῶς
868 1593 944 1658 ούδέ
960 1594 1144 1672 ἀκινδύνως
1166 1599 1413 1682 ἐρηρεισμένην,

158 1697 234 1762 δέον
255 1705 342 1786 ημᾶς
365 1702 487 1775 αύτούς
502 1701 678 1774 τοιούτους
694 1696 856 1761 πλάττειν
871 1700 927 1761 καὶ
949 1701 1092 1784 γράφειν
1115 1701 1194 1773 τούς
1215 1696 1415 1784 ἐμπλήκτως

155 1804 212 1865 καὶ
233 1811 342 1878 κακῶς
365 1810 453 1865 πᾶσι
471 1805 665 1887 χρωμένους
686 1804 745 1864 καὶ
765 1802 812 1881 μά
834 1801 904 1862 Δία
928 1820 964 1882 γε
988 1802 1046 1862 ούκ
1069 1802 1128 1863 ἐπὶ
1152 1802 1311 1886 σφαίρας,
1335 1791 1412 1861 ἀλλ’

157 1896 217 1967 ἐπ’
243 1907 361 1981 ἀνοίας
383 1899 574 1990 ἑστηκότας,
597 1906 653 1966 καὶ
674 1907 718 1989 μη
742 1906 852 1987 μάτην
873 1911 915 1988 τῇ
936 1905 1015 1986 τύχη
1038 1904 1250 1989 μέμφεσθαι.

106 2017 134 2067 15
242 2010 321 2092 περὶ
344 2009 482 2069 πάντων
503 2011 580 2093 μέν,
610 2007 657 2080 ὡς
680 2007 807 2082 εὶπεῖν,
837 2006 871 2066 οὶ
900 2000 1023 2066 πολλοὶ
1044 2011 1112 2066 τῶν
1135 2004 1331 2087 ἀνθρώπων
1355 2004 1413 2064 ούκ
1427 2007 1465 2070 13

160 2111 276 2195 ὀρθῶς
303 2107 600 2189 ὑπολαμβάνουσι,
633 2104 782 2188 μάλιστα
812 2103 848 2169 δέ
877 2109 936 2191 την
966 2107 1052 2187 ὑπὲρ
1089 2113 1149 2190 τῆς
1181 2107 1280 2189 τύχης
1315 2101 1415 2180 δόξαν

163 2209 270 2296 ψευδῆ
299 2213 356 2273 καὶ
385 2207 645 2295 πεπλανημένην
677 2210 819 2289 ἔχουσιν.
873 2209 960 2294 φασὶ
982 2208 1043 2290 γδρ
1074 2208 1175 2292 αὐτὴν
1199 2203 1332 2269 διδόναι
1352 2207 1414 2285 μὶν

21 2325 148 2378 (alanni
162 2319 235 2388 τοῖς
257 2313 459 2396 ἀνθρώποις
481 2312 635 2392 τάγαθά,
664 2308 793 2395 ῥᾳδίως
823 2307 858 2372 δὲ
882 2309 1129 2395 ἀφαιρεῖσθαι·
1158 2310 1214 2370 καὶ
1237 2304 1293 2370 διδ
1315 2315 1415 2369 τοῦτο

162 2417 209 2490 ὡς
231 2417 379 2478 ἄπιστον
400 2411 643 2499 βλασφημοῦσι
663 2415 720 2476 καὶ
744 2413 928 2499 φθονεράν.
966 2413 1031 2494 ἐγὼ
1049 2408 1085 2473 δέ
1111 2411 1148 2472 ού
1172 2407 1304 2473 διδόναι
1328 2411 1416 2494 φημὶ

108 2530 138 2580 211
160 2520 220 2604 την
241 2519 341 2601 τύχην
363 2519 491 2580 τούτων
514 2514 619 2594 ούδέν,
644 2515 690 2579 ὧν
714 2518 747 2578 οὶ
769 2512 893 2578 πολλοὶ
914 2509 1117 2595 νομίζουσιν.
1165 2503 1192 2596 ᾦ
1213 2513 1275 2596 γάρ
1298 2514 1413 2594 κύριος
1427 2517 1467 2579 14

161 2624 300 2696 ἕκαστος
327 2621 475 2703 γίγνεται
502 2627 570 2682 τῶν
597 2621 817 2702 ὑπαρχόντων
845 2619 901 2680 καὶ
931 2608 979 2680 δι’
1019 2614 1060 2677 ού
1092 2617 1196 2695 μόνου
1230 2614 1416 2700 κεκτῆσθαι

160 2723 296 2804 τάγαθά
319 2719 484 2808 ἀσφαλῶς
507 2722 615 2798 ἐστιν,
646 2721 683 2782 ού
712 2718 853 2782 δίδωσιν
884 2721 999 2792 αὐτοῖς
1028 2718 1113 2797 μετά
1143 2723 1209 2778 τῶν
1236 2718 1415 2801 χρημάτων

159 2827 215 2888 καὶ
242 2833 302 2910 τῆς
331 2821 430 2909 δόξης
458 2826 515 2887 καὶ
543 2832 602 2910 τῆς
631 2819 812 2902 δυνάμεως.
864 2829 963 2883 τοῦτο
988 2817 1025 2882 δέ
1045 2821 1138 2882 ἐστιν
1167 2815 1209 2879 ού
1233 2819 1336 2901 χωρὶς
1359 2819 1417 2878 ούκ

162 2929 255 2990 ἐστιν
279 2923 356 2988 ούδὶ
379 2933 446 2988 τῶν
469 2922 580 2987 ἀλλων
595 2925 682 3004 ἐχειν
698 2921 804 3002 οὐδέν,
829 2921 970 2985 οἴεσθαι
991 2925 1108 3001 μέντοι
1122 2921 1178 2982 καὶ
1201 2919 1414 2980 ἀπατᾶσθαι.

1 3042 9 3058 “
114 3041 143 3092 25
165 3030 325 3110 καθάπερ
349 3027 406 3089 οδν
430 3024 506 3090 οὐδὲ
529 3031 635 3112 ἡμεῖς,
658 3029 737 3089 όταν
760 3028 809 3102 εὶς
831 3028 890 3112 τη“ν
915 3025 1023 3087 οὶκίαν
1045 3025 1120 3086 τινά
1144 3023 1415 3106 είσαγάγωμενῆ

161 3135 199 3192 τό
220 3130 345 3212 χωρίον
367 3131 386 3213 ἢ
412 3132 509 3213 σκεύη
533 3130 608 3191 τινά
632 3132 869 3212 παράσχωμεν,
893 3129 997 3202 εύύύς
1018 3128 1131 3211 κύριον
1147 3126 1282 3187 ἐκείνων
1297 3131 1416 3186 τοῦτον

162 3228 397 3314 ἀπεδείξαμεν,
420 3232 460 3292 ἀν
475 3234 519 3316 μη
538 3239 651 3316 προσῇ
673 3234 711 3293 τό
726 3232 810 3312 μετά
828 3227 1019 3315 ἀσφαλείας
1033 3230 1126 3303 τινός
1139 3230 1196 3289 καὶ
1210 3229 1415 3310 γράμματος,

1 2701 9 2733 t

246 3501 261 3551 2
280 3500 339 3553 τῶν
357 3488 523 3566 ἀνθρώπων
541 3493 603 3549 ΗΡι
673 3499 689 3548 3
708 3489 772 3552 οὐδὲ
790 3494 825 3548 Pl
895 3486 1000 3559 αύτούς
1017 3493 1126 3556 seclusi,
1145 3487 1211 3558 τοὺς
1229 3485 1416 3561 δπαξκτηαα-

159 3582 263 3652 μόνους
280 3582 362 3636 deleri
380 3580 439 3635 vult
455 3581 534 3650 Emp.
604 3573 744 3649 άφείλατο
763 3579 791 3633 Μ
861 3585 927 3651 lys
946 3594 961 3634 ε
978 3578 1134 3633 coniectura
1151 3577 1242 3634 addidi
1312 3583 1417 3648 ύιιερι-

160 3667 319 3740 γινομένων
334 3667 397 3721 liin·
414 3668 562 3735 praeterii
659 3661 710 3737 δῆ
732 3681 785 3722 om.
805 3664 881 3720 UBM
967 3667 1088 3734 κακωδῄ
1110 3663 1131 3717 P
1154 3679 1187 3716 m.
1207 3679 1247 3731 pr.
1316 3657 1419 3733 θύραις

161 3761 297 3826 σφραγῖσι
313 3757 362 3809 καὶ
379 3757 468 3810 κλεισὶ
487 3747 628 3809 πιστεύων
644 3750 669 3806 U
686 3753 733 3814 (13²
755 3754 804 3807 καὶ
823 3758 969 3823 σφραγῖσι)
988 3745 1090 3819 θύραις
1108 3752 1157 3804 καὶ
1181 3745 1294 3818 σφόδρα
1311 3748 1417 3803 κλείσει

160 3831 302 3896 πιστεύων
319 3838 348 3891 M
367 3833 385 3908 ἢ
407 3831 509 3911 θύραις
530 3839 579 3893 καὶ
604 3839 694 3894 κλεισὶ
717 3831 830 3908 σφόδρα
853 3837 951 3904 κλείσῃ
970 3830 1112 3890 πιστεύων
1129 3833 1191 3898 ΡΗ,
1213 3835 1277 3888 ilem
1295 3831 1345 3896 Ρι,
1370 3833 1418 3886 εεύ

160 3940 212 3979 om.
229 3925 329 3994 κλείσῃ
393 3920 582 3980 ’ὶέκεῑνονΗ
652 3927 684 3976 10
702 3917 743 3987 ὡς
758 3922 846 3993 μένην
862 3918 884 3972 Ρ
902 3927 979 3988 (mrg.
997 3913 1037 3985 ὡς
1052 3917 1222 3990 μενομένην)
1290 3916 1418 3991 όιαβρίιι-

162 4029 240 4067 τουσι
258 4009 343 4064 ΡΗΡ2
429 4004 544 4082 γράῷον
560 4007 582 4061 Ρ
599 4011 648 4064 καὶ
665 4005 808 4080 γράφουσι
826 4007 862 4061 Pl
950 4011 977 4060 ll
999 4007 1121 4078 σφαίρης
1138 4005 1167 4059 Μ
1251 3997 1418 4077 ἠρεισμένην

160 4162 239 4218 UBM
258 4115 425 4234 ἡλὶισμένην
441 4163 523 4226 (εἰσὶ)
551 4161 572 4215 Ρ
645 4165 676 4216 13
700 4164 822 4233 σφαιρῆς
839 4160 869 4216 Μ
887 4161 996 4232 σφέρας
1013 4159 1035 4213 Ρ
1052 4176 1087 4212 οι.
1106 4175 1146 4228 pr.
1198 4151 1270 4216 άλλδι
1289 4157 1366 4213 ΗΡΜ

165 4252 195 4301 11
213 4243 363 4312 ἐστικδκας
379 4245 432 4300 PM
498 4252 525 4300 15
544 4245 597 4315 μίν
615 4245 643 4299 Μ
660 4245 714 4315 μὲν
732 4235 784 4303 οδν
801 4244 886 4300 ΡΗΡι
903 4244 956 4313 μὲν
972 4239 1090 4315 γάρὶὶὶέ
1144 4247 1174 4299 18
1193 4238 1308 4316 τάγαύδι
1327 4242 1418 4308 Dina„

164 4323 262 4403 οἷγαύά
280 4331 342 4386 libri
447 4335 476 4384 19
492 4331 727 4403 βλασφιμοῦσιΡ
823 4334 855 4384 20
873 4320 915 4386 ὧν
932 4328 1038 4400 scripsi,
1056 4323 1095 4395 ὡς
1112 4329 1174 4385 libri
1259 4332 1289 4382 21
1309 4328 1419 4398 γίνεται

163 4417 249 4471 ΡΗΡτ
319 4421 351 4470 22
370 4410 404 4473 τὰ
423 4409 521 4488 α’γαύὶι
538 4416 600 4471 libri
617 4421 724 4486 praetor
741 4416 769 4468 M
848 4413 1017 4485 ἀσφαλέςὶὶ
1096 4408 1185 4486 αὐτὴν
1204 4413 1251 4470 BU
1321 4417 1352 4467 25
1370 4414 1418 4468 καὶ

164 4496 232 4573 ἢτδ
253 4501 299 4556 UB
368 4505 401 4555 211
419 4501 590 4574 παρέχωμεν
602 4500 681 4556 UBM
733 4495 787 4559 οὐκ
803 4494 888 4566 εὐδὺς
906 4500 953 4556 UB
1008 4499 1121 4558 ἐκεῖνον
1138 4495 1250 4556 τούτων
1266 4498 1288 4552 Ρ
1306 4497 1420 4556 ἐκείνου

164 4581 275 4644 τούτων
294 4585 316 4641 U
333 4584 452 4644 ἐκείνων
470 4581 580 4645 τούτων
598 4588 621 4641 Β
690 4591 721 4641 21
739 4579 805 4657 μετ’
824 4586 845 4639 Ρ
