3476 5264
620 388 761 448 ORATIO
779 390 882 450 XXIX.
1321 387 1381 450 287

124 590 223 652 μενοι
246 567 282 633 δὲ
304 571 373 633 ύπδ
397 577 457 656 τῆς
481 569 571 653 ὥρας
595 568 629 629 σί
645 569 900 650 ἐντυγχάνοντες
920 563 1044 642 κάλλος
1067 556 1171 652 αὐτήν
1193 566 1384 645 αἰνόμασαν,

126 674 302 758 ἀνθούσης
317 672 372 734 ἀεί
386 678 446 756 τῆς
461 671 568 756 ἀκμῆς
583 671 618 732 ἐν
634 671 746 733 άπασι
760 671 818 732 καί
839 663 940 751 ζῴοις
961 670 1019 731 καί
1035 673 1166 754 φυτοῖς.
1207 669 1383 742 τοιούτους
1406 669 1425 730 5

124 778 186 855 μὲν
203 773 261 838 ούν
275 775 417 858 μυρίους
431 774 473 835 δν
490 772 583 856 εύροι
598 791 651 846 τις
666 773 745 846 τούς
761 762 883 845 αύτούς
899 770 954 832 ότί
969 771 1033 850 μὲν
1047 767 1171 846 καλούς
1192 767 1383 846 δοκοῦντας,

15 879 184 939 1811Π1ότλ
201 874 237 939 δὲ
254 877 423 960 αἰσχρούς,
445 875 502 936 καί
516 878 590 948 τοῖς
603 874 666 953 μὲν
689 869 823 960 σφόδρα
847 872 1060 957 ἀρέσκοντας,
1083 863 1170 958 παρ’
1195 876 1325 954 ἑτέροις
1347 867 1383 933 δέ

89 975 265 1053 εούδενδς
294 974 393 1060 λόγου
423 977 654 1059 τυγχάνοντας.
707 972 888 1060 ὁλόκληρον
918 971 954 1038 δέ
981 976 1039 1039 καί
1066 972 1233 1060 ἀληθινόν
1262 970 1385 1048 κάλλος

125 1082 330 1162 θαυμαστόν
359 1077 395 1143 εἴ
417 1099 464 1162 τῳ
493 1075 641 1165 ὑπῆρξεν
664 1079 780 1163 ὥσπερ
809 1075 906 1160 τῷδε.
951 1080 986 1140 έν
1009 1080 1138 1141 ἅπαντι
1164 1079 1226 1160 μὲν
1250 1077 1314 1160 γάρ
1336 1081 1386 1157 τῷ

127 1185 264 1264 σώματι
285 1184 440 1267 ἐκέκτητο
464 1177 557 1258 αύτό,
581 1181 635 1243 ἀεί
657 1177 693 1243 δέ
716 1181 853 1259 δμοίως,
873 1180 931 1242 καί
953 1182 1020 1264 πρό
1043 1181 1128 1267 ήβης
1148 1182 1206 1243 καί
1227 1181 1384 1264 ὕστερον·

124 1286 181 1347 καί
205 1276 264 1347 οὐκ
288 1286 330 1348 ἀν
352 1303 438 1346 ποτε
460 1285 521 1346 ἐπί
541 1290 704 1346 τοσούτου
726 1289 789 1344 τοῦ
798 1280 921 1368 χρόνον
938 1279 1124 1370 προῆλθεν,
1148 1273 1225 1344 ούδέ
1241 1282 1272 1344 εί
1294 1281 1385 1342 πάνυ

124 1393 257 1473 μακροῦ
276 1388 387 1473 γήρως
401 1387 525 1466 ἔτυχεν,
548 1386 635 1448 ὥστε
658 1386 865 1470 ἀμαυρῶσαι
878 1386 917 1447 τό
934 1382 1035 1460 εἶδος.
1072 1387 1250 1471 τεκμήριον
1266 1381 1302 1446 δὲ
1325 1391 1385 1468 τῆς

77 1499 106 1550 111
128 1486 335 1575 ὑπερβολῆς·
366 1477 404 1551 οὗ
434 1489 497 1573 γάρ
526 1489 562 1550 έν
589 1484 745 1563 ίδιώταις
774 1482 1010 1568 ἐξεταζόμενος
1036 1485 1191 1573 διέφερεν
1215 1483 1292 1550 ούδέ
1314 1487 1382 1550 ύπδ
1405 1488 1425 1550 6

127 1588 248 1673 ἀλίγων
264 1591 503 1677 θεωρούμενος
518 1592 586 1653 ύπδ
607 1592 737 1654 τούτων
754 1585 978 1671 ἐθαυμάζετο,
1001 1587 1087 1652 ἀλλά
1108 1592 1174 1676 μήν
1197 1589 1251 1652 ἀεί
1273 1585 1384 1674 δήπου

126 1695 161 1757 ἐν
183 1697 257 1769 τοῖς
280 1695 442 1757 ἁπάντων
463 1689 675 1770 καλλίστοις,
704 1693 773 1774 ἅμα
795 1697 869 1768 τοῖς
891 1689 1062 1779 ἀθληταῖς
1083 1694 1140 1756 ῶν.
1187 1693 1221 1754 οί
1242 1691 1305 1775 γάρ
1328 1693 1385 1770 μέ-

125 1813 238 1878 γιστοι
259 1796 316 1858 καί
330 1786 561 1859 εὐειδέστατοι
582 1796 639 1857 καί
653 1792 818 1880 πλείστης
831 1791 1031 1876 ἐπιμελείας
1045 1794 1113 1858 τῶν
1129 1796 1296 1876 σωμάτων
1310 1810 1386 1873 τυγ-

15 1911 16 1938 1
123 1900 283 1977 χάνοντες
307 1896 379 1961 οίδε
401 1900 498 1961 είσίν.
537 1898 677 1982 ἑωράθη
702 1894 738 1960 δὲ
760 1905 884 1978 μικροῦ
905 1894 975 1960 δεῖν
997 1899 1065 1960 ύπδ
1088 1899 1227 1960 πάντων
1249 1895 1386 1978 ἀνθρώ·

78 2009 108 2060 11
131 2019 215 2063 πων.
255 2001 332 2064 ούτε
345 1999 407 2083 γὰρ
424 1997 528 2074 πόλις
544 1997 683 2091 ούδεμία
699 1997 766 2062 τῶν
788 1993 933 2076 ἐνδόξων
950 1999 1026 2062 ούτε
1041 1999 1145 2074 έθνος
1167 1991 1274 2076 οὐδέν,
1298 1998 1385 2061 ένθα

128 2104 172 2187 μή
197 2103 356 2187 ἀφίκετο·
379 2103 436 2164 καί
450 2101 545 2186 παρά
562 2109 669 2164 πᾶσιν
684 2103 812 2182 δμοίως
833 2102 893 2187 τήν
910 2087 1014 2186 αὐτήν
1036 2099 1105 2181 εἶχε
1126 2098 1238 2179 δόξαν,
1261 2102 1308 2176 ὠς
1332 2101 1386 2162 ού-

129 2201 208 2265 δένα
232 2200 346 2265 ίδοῦσι
366 2199 537 2266 καλλίονα.
575 2206 595 2267 ό
617 2201 653 2266 δέ
675 2205 743 2266 ύπδ
767 2199 938 2266 πλείστων
960 2204 1266 2284 μίνθαομασθείς,
1290 2205 1325 2265 ἐν
1349 2199 1386 2264 δέ

128 2309 203 2379 τοῖς
224 2300 420 2379 καλλίστοις
440 2301 547 2384 μόνος
562 2305 646 2384 ἔχων
668 2307 728 2390 τήν
742 2305 829 2389 ὑπὲρ
846 2311 908 2367 τού
927 2300 1070 2381 κάλλους
1086 2307 1200 2391 φήμην
1216 2301 1317 2390 δῆλον
1340 2306 1387 2379 ὡς

128 2407 232 2482 θείας
253 2409 346 2481 τινός
361 2414 499 2492 μορφῆς
520 2407 642 2486 ἔτυχεν.
679 2407 744 2488 ἐγὼ
762 2406 820 2469 σύν
836 2404 971 2490 πρῶτον
987 2398 1209 2488 εὐδαιμονίζω
1224 2415 1287 2470 τοῦ
1306 2404 1383 2469 κάλ·
1408 2413 1428 2475 7

80 2521 110 2572 20
133 2505 211 2584 λους
226 2497 339 2586 αὐτόν,
363 2509 383 2571 δ
398 2506 437 2595 δή
454 2506 521 2572 τῶν
543 2509 775 2594 ἀνθρωπίνων
789 2509 881 2572 ἐστίν
897 2506 1038 2590 ἀγαθῶν
1054 2505 1309 2594 ἀριδηλότατον,
1331 2510 1388 2571 καί

129 2607 270 2696 ήδιστον
283 2614 345 2692 μὲν
359 2611 469 2689 θεοῖς,
486 2608 625 2696 ἥδιστον
644 2609 679 2674 δέ
696 2612 908 2696 ἀνθρώποις,
933 2607 1147 2674 ἀλυπότατον
1164 2608 1200 2674 δέ
1212 2610 1260 2696 τῷ
1277 2613 1387 2694 έχοντι

16 2693 121 2799 ήξςζζζ
133 2715 190 2776 καί
211 2714 471 2800 ἐπιγνωσθῆναι
486 2712 623 2798 ῥᾷστον.
660 2715 702 2776 τά
718 2715 856 2797 μὲνγὰρ
872 2711 958 2776 ἄλλα
974 2715 1090 2797 ἀγαθά
1107 2715 1169 2778 κάν
1193 2712 1299 2779 λάθοι
1320 2718 1388 2780 τινί

130 2820 315 2901 προσόντα,
337 2817 394 2879 καί
416 2813 554 2902 ἀνδρεία
569 2813 643 2899 (καί
660 2815 883 2903 σωφροσύνη)
903 2820 960 2882 καί
980 2819 1155 2901 φρόνησις,
1178 2819 1210 2881 εί
1224 2820 1269 2904 μή
1292 2820 1388 2898 τύχοι

131 2920 228 3003 ἔργου
251 2921 344 2994 τινδς
370 2915 647 2994 ἀποδεικνύντος
676 2922 716 2982 τδ
747 2917 783 2983 δὲ
811 2916 934 2996 κάλλος
957 2922 1015 3001 ούχ
1039 2921 1170 2984 οἷόντε
1194 2917 1386 2984 λανθάνειν.

84 3031 113 3082 25
136 3023 205 3099 ἅμα
228 3019 361 3104 γάρτῷ
390 3023 500 3100 έχοντι
530 3023 705 3107 φαίνεται·
736 3021 833 3086 είποι
855 3015 888 3086 δ’
913 3025 955 3088 ἀν
976 3045 1030 3100 τις
1051 3027 1106 3086 ότι
1125 3024 1182 3086 καί
1204 3026 1386 3107 πρότερον·

132 3124 239 3196 ούτως
268 3118 381 3198 όξεῖαν
410 3121 578 3207 αἴσθησιν
608 3124 713 3194 αὑτοῦ
741 3130 892 3210 παρέχει.
937 3127 988 3188 ἔτι
1018 3123 1053 3188 δὲ
1083 3130 1156 3201 τοῖς
1183 3126 1244 3204 μὲν
1270 3120 1388 3198 ἀλλοις

132 3224 280 3305 ἀγαθοῖς
303 3224 337 3285 ol
360 3221 518 3288 πλεῖστοι
535 3226 709 3310 φθονοῦσι
728 3229 785 3291 καί
801 3224 977 3307 δυσμενεῖς
991 3229 1177 3310 γίγνονται“
1200 3229 1240 3289 τὸ
1257 3223 1293 3290 δέ
1310 3222 1387 3288 κάλ-

133 3323 191 3401 λος
212 3327 292 3401 τούς
315 3327 588 3407 αἰσθανομένους
611 3327 716 3390 αὐτοῦ
731 3324 852 3412 φίλους
867 3332 1021 3391 ποιεῖται
1042 3329 1098 3390 καί
1121 3325 1240 3392 ούδένα
1263 3330 1388 3412 ἐχθρόν

131 3427 171 3512 ἐᾷ
186 3429 376 3511 γίγνεσθαι.
414 3428 445 3490 εί
462 3425 500 3490 δέ
514 3430 566 3503 τίς
589 3447 676 3514 φησι
691 3425 833 3504 κάλλους
854 3451 895 3509 με
918 3432 1104 3493 ποιεῖσθαι
1125 3433 1282 3514 ἐγκώμια,
1306 3421 1382 3494 ἀλλ’
1409 3432 1431 3496 8

82 3541 112 3591 so
136 3531 208 3610 ούχί
229 3538 291 3593 τοῦ
312 3526 445 3615 ἀνδρός,
469 3531 527 3592 οόκ
548 3532 590 3594 δν
614 3532 730 3616 ὀρθῶς
753 3530 904 3615 αἰτιῷτο.
944 3533 1061 3595 αὐτίκα
1084 3535 1146 3616 γάρ
1169 3535 1311 3608 έπαινος
1333 3535 1388 3597 ἀν-

219 3796 398 3865 ῖτοιούτοις
418 3797 448 3854 Μ
551 3788 636 3857 θδτε
658 3799 749 3857 Μιΰ
852 3802 940 3857 λιταὶ
961 3795 1030 3868 τοὺς
1051 3801 1107 3858 ΠΜ
1218 3801 1290 3860 δεῖ
1302 3821 1342 3873 τῳ
1360 3802 1389 3856 Μ

134 3883 216 3946 ούπω
233 3887 283 3944 UB
369 3881 499 3943 δπολντα
516 3900 567 3955 pro
585 3881 703 3944 πάνυῐλ
806 3889 944 3958 θμικροῦ
960 3885 990 3940 Μ
1086 3875 1146 3953 ἅμα
1164 3891 1274 3959 τρῶσαι
1291 3887 1321 3943 Μ

135 3979 162 4028 11
185 3973 287 4046 ὀλίγον
304 3971 334 4026 Μ
443 3969 517 4030 ἀλλά
534 3967 591 4044 μήν
608 3987 670 4027 cum
687 3971 779 4044 δήπου
796 3971 969 4027 coniunctum
987 3969 1125 4040 displicuit
1141 3970 1268 4042 Βεῖείιίο,
1286 3973 1390 4039 (δειλία,

131 4059 274 4130 Εωρετὶος
293 4053 351 4132 γὰρ
366 4047 404 4131 ἦν
420 4056 454 4112 Β.
471 4047 508 4130 ἦν
526 4056 558 4113 G.
577 4061 667 4128 μετῆν
683 4057 761 4128 Εωρ.
833 4061 863 4111 13
880 4053 1029 4127 ἐπιμελίας
1045 4056 1076 4112 Μ
1156 4062 1187 4113 14
1205 4051 1232 4114 ολ
1250 4057 1281 4114 δέ
1298 4058 1322 4110 Β

136 4140 251 4218 ἑωράθη
268 4143 359 4215 Εωρ,
376 4137 492 4215 ἐπράθη
509 4143 538 4196 Μ
556 4135 660 4218 δράύη
676 4142 724 4200 UB
829 4147 862 4197 111
878 4141 933 4213 μὲν
948 4146 998 4200 καί
1015 4132 1130 4214 ήόιοτον
1146 4142 1210 4208 (hoe
1227 4141 1296 4208 ordi)
1314 4141 1390 4198 Stob.

133 4228 258 4284 Lxuio
345 4227 688 4284 11τιν1οοι.81ο1.11.
776 4231 809 4282 23
827 4220 929 4300 ἀνδρία
948 4226 978 4282 Μ
1069 4229 1118 4284 καί
1136 4223 1310 4302 σωφροσύνη
1327 4227 1391 4285 εδδ.

134 4313 213 4368 Dind.
299 4317 333 4369 λλ
351 4311 463 4371 οίονται
480 4313 511 4368 Μ
597 4318 700 4371 λαθεῖν
717 4312 792 4370 stob.
879 4318 912 4368 26
930 4302 1023 4380 οὕτως
1038 4312 1130 4378 Βίολ).,
1155 4303 1235 4383 δμως
1251 4312 1313 4369 libri

136 4391 289 4464 ἀξεινανΜ
360 4390 490 4456 αι’·τοῦῐί
570 4393 611 4457 ἔτι
629 4398 659 4457 ἀί
676 4398 739 4466 ΒΜ,
756 4398 786 4453 in
804 4397 827 4452 U
846 4395 887 4456 ἔτι
904 4400 1057 4455 ammento
1075 4397 1220 4468 superfuso
1237 4402 1349 4468 tectum,
1366 4393 1392 4456 ελ

136 4482 207 4539 δέΤ
276 4478 374 4549 ἀλλοις
390 4498 443 4539 om.
462 4482 538 4540 Stob.
607 4489 640 4539 27
658 4484 831 4557 γίνονταιῑλ
912 4487 944 4540 29
962 4502 1031 4556 φησι
1048 4483 1120 4554 libri,
1137 4479 1221 4555 φήσει
1237 4483 1339 4540 διδοίη

133 4567 188 4638 μὲν
204 4582 255 4636 pro
272 4585 309 4637 με
326 4566 351 4623 U
420 4571 454 4623 311
472 4565 590 4638 ἔπαινος
608 4562 741 4645 ἀνδρείας
758 4569 788 4625 Μ
