3466 5268
339 359 379 419 66
808 359 931 416 monis
948 358 1121 415 POLITICA

289 537 501 602 1οτἀναντία
536 535 587 610 οίς
616 536 729 598 ἐποίει
763 537 953 620 Σωκράτης.
1009 536 1108 615 ἐτίμα
1139 557 1175 598 τε
1209 537 1271 619 γάρ
1305 537 1384 611 τούς
1412 537 1519 613 θεοδς
1553 539 1603 613 ὡς

341 635 451 714 οὐδεὶς
473 634 575 713 ἀλλος
597 638 654 700 καί
676 643 804 700 παιᾶνα
827 639 989 722 ἐποίησεν
1011 638 1061 713 είς
1077 641 1135 722 τήν
1156 630 1313 701 Ἀπόλλω
1335 640 1393 701 καί
1407 641 1467 725 τήν
1484 631 1602 723 ’Ἀρτε-

339 762 415 822 μιν,
446 736 577 823 [τοῦτον
605 741 643 803 δν
665 740 730 822 ἐγὼ
753 747 810 802 νῦν
833 731 935 825 ᾄδω,]
963 742 1021 803 καί
1048 742 1128 818 τούς
1156 747 1252 817 νέους
1281 737 1404 804 ἐκώλυε
1434 738 1601 827 διαφθεί-

340 844 468 928 ρεσθαι
491 844 529 905 οδ
551 845 665 924 μόνον,
689 837 774 904 ἀλλὰ
795 844 853 904 καί
873 844 952 918 τοδς
976 842 1225 927 πρεσβυτέρους
1239 839 1413 920 ὀνειδίζων
1433 846 1491 907 καί
1513 863 1602 930 προ-

341 951 455 1032 φέρων
483 946 615 1023 αδτοῖς,
644 943 679 1007 εἴ
703 965 757 1020 τις
784 941 960 1028 ἀπληστος
989 947 1008 1030 ή
1037 942 1226 1022 ἀκόλαστος
1252 948 1272 1032 ἢ
1303 947 1345 1008 τὰ
1374 954 1434 1033 τῆς
1459 943 1597 1022 πόλεως
1631 956 1647 1006 5

339 1045 535 1134 ἠργολάβει,
559 1050 637 1123 τούς
658 1050 719 1128 μέν
741 1043 902 1110 ἀπολύων
924 1039 983 1109 ἐπ’
1008 1047 1175 1132 ἀργυρίῳ,
1197 1051 1277 1124 τοδς
1302 1045 1338 1111 δέ
1366 1055 1599 1134 συκοφαντῶν,

339 1153 419 1226 τοδς
455 1147 491 1214 δέ
527 1153 698 1236 νησιώτας
734 1151 813 1225 τοδς
848 1146 1090 1233 ταλαιπώρους
1124 1148 1294 1236 λεηλατῶν
1327 1153 1388 1215 ἐπί
1420 1153 1600 1236 προφάσει

341 1257 457 1339 φόρων
479 1255 499 1339 ή
521 1251 690 1338 καταλογῇ
714 1259 947 1337 στρατιωτῶν,
981 1254 1097 1338 ώσπερ
1120 1255 1208 1316 ένιοι
1230 1262 1372 1317 ποιοῦσι
1395 1245 1480 1337 παρ’
1506 1256 1597 1338 ήμῖν.

290 1353 326 1414 11
342 1353 399 1418 διὰ
422 1363 527 1418 ταῦτα
548 1362 727 1435 μισοῦντες
750 1355 850 1417 αδτδν
872 1356 1006 1440 ἐφασαν
1029 1351 1249 1441 διαφθείρειν
1271 1358 1351 1432 τοδς
1373 1360 1478 1432 νέους.
1515 1359 1535 1442 ή
1560 1347 1595 1417 δ’

340 1459 401 1544 ἐμή
424 1460 536 1543 γραφή
567 1453 691 1538 μείζων
718 1458 776 1520 καί
802 1461 1017 1542 γενναιοτέρα
1049 1455 1168 1537 σχεδὸν
1196 1455 1253 1544 ήν,
1281 1459 1430 1545 κρυφαία
1453 1479 1523 1536 τις,
1552 1459 1600 1533 ὡς
1623 1465 1650 1516 10

340 1561 464 1623 ἔοικεν·
490 1551 622 1624 Ἀδικεῖ
638 1561 750 1637 Δίων,
773 1562 853 1635 τούς
874 1563 935 1640 μὲν
957 1561 1064 1636 θεοὺς
1085 1564 1130 1647 μή
1156 1568 1264 1641 τιμῶν
1285 1552 1364 1647 μήτ’
1397 1563 1432 1624 ἐν
1454 1562 1599 1636 θυσίαις

339 1656 420 1747 μήτ’
446 1665 481 1724 ἐν
504 1664 633 1742 ὕμνοις,
654 1659 831 1725 καταλύων
846 1664 908 1737 τάς
924 1665 1089 1744 πατρίους
1112 1666 1240 1748 ἐορτάς,
1264 1665 1454 1738 ἀναπείσας
1469 1661 1505 1726 δέ
1524 1668 1598 1749 ήγε·

339 1767 426 1844 μόνα
450 1767 599 1850 πονηρὸν
623 1766 710 1827 ὥστε
733 1767 791 1826 τὸν
813 1767 874 1844 μέν
898 1762 1003 1850 δῆμον
1025 1766 1212 1846 βασανίσαι
1233 1766 1290 1827 καί
1316 1762 1475 1842 ἐξελάσαι
1497 1769 1599 1841 ὅσους

341 1867 382 1929 ἀν
399 1865 538 1953 δύνηται
553 1865 745 1945 πλείστους,
768 1869 879 1943 ἐνίους
895 1865 931 1930 δέ
945 1869 1002 1930 καί
1017 1868 1227 1946 ἀποκτεῖναι,
1252 1868 1437 1949 παρασχών
1453 1868 1598 1950 ἀνάγκην

341 1971 457 2045 αὐτοῖς
479 1972 641 2045 ἑκουσίως
662 1971 856 2032 ἀποθανεῖν
880 1967 936 2032 διδ
959 1973 997 2032 τά
1019 1973 1063 2056 μή
1090 1967 1262 2033 δύνασθαι
1285 1970 1478 2054 πρεσβύτας
1494 1970 1595 2043 ὄντας
1618 1975 1647 2026 15
1660 1979 1719 2029 (wi

343 2077 460 2158 φυγεῖν
481 2070 566 2158 μηδὲ
589 2075 771 2153 ὑπομένειν
792 2069 993 2135 καταλιπεῖν
1021 2075 1081 2158 τήν
1110 2069 1277 2156 πατρίδα·
1309 2075 1535 2157 συμπράττων
1559 2068 1595 2134 δέ

341 2178 397 2238 καί
418 2181 475 2238 νῦν
498 2177 634 2238 ἅπαντα
661 2172 709 2257 τῷ
738 2176 980 2259 τυραννήσαντι
1010 2183 1072 2237 τοῦ
1092 2176 1231 2253 ίθνους,
1259 2176 1316 2237 καί
1344 2177 1440 2250 ὅπως
1467 2175 1594 2250 ἐκεῖνος
1608 2181 1687 2230 (1⁹⁸ss
1702 2181 1720 2226 11

340 2275 451 2354 καλῶς
473 2280 669 2360 ἀγωνιεῖται
696 2280 753 2341 καί
779 2279 864 2340 κατά
892 2279 1015 2359 κράτος
1043 2275 1287 2363 παραλήψεται
1316 2276 1378 2352 τάς
1400 2273 1520 2352 πόλεις
1540 2278 1599 2339 καί

341 2384 420 2454 τούς
443 2377 569 2466 δήμους
598 2374 870 2457 κατασκευάζων,
900 2381 980 2442 δσον
1009 2381 1101 2442 ἐστίν
1124 2371 1184 2442 ἐπ’
1210 2379 1301 2462 αὐτῷ
1323 2373 1598 2454 κατασκευάζειν·

293 2477 561 2567 15διαφθείρων
590 2477 626 2543 δέ
654 2483 711 2544 καί
739 2484 797 2543 τὸν
820 2479 925 2566 δῆμον
956 2481 1057 2557 αὐτὸς
1083 2483 1311 2567 ἐφιστάμενος
1331 2483 1516 2566 κατήγορος
1539 2480 1597 2542 καί
1618 2487 1648 2540 ii)

341 2590 415 2659 τοῖς
437 2584 542 2646 αὑτοῦ
568 2585 696 2668 ῥήμασι
724 2584 780 2644 καί
807 2590 849 2667 τῇ
877 2580 1006 2666 γλώττῃ
1037 2591 1245 2665 παρανομῶν
1268 2587 1318 2658 είς
1340 2586 1420 2659 τοδς
1442 2580 1599 2660 πολίτας,

343 2689 392 2763 είς
421 2688 500 2762 τοδς
529 2683 693 2771 δημότας,
723 2687 780 2748 καί
808 2682 921 2747 πολλὰ
949 2687 1045 2770 ἐτερα
1078 2693 1203 2764 ποιῶν,
1235 2686 1483 2766 άαίσχδνομαι
1510 2676 1596 2748 καθ’

342 2793 482 2853 ἕκαστον
506 2785 628 2870 λέγειν·
651 2790 801 2872 πονηρὸν
825 2785 860 2850 δέ
884 2784 1101 2872 παράδειγμα
1126 2794 1283 2873 παρέχων
1307 2791 1426 2851 ἐαυτὸν
1440 2790 1497 2851 καί
1518 2807 1598 2850 νεω-

342 2897 455 2976 τέροις
467 2893 524 2954 καί
540 2892 783 2976 πρεσβυτέροις
798 2891 945 2966 ἀπονίας
960 2893 1016 2953 καί
1031 2901 1161 2977 τρυφῆς
1176 2894 1233 2954 καί
1248 2891 1429 2966 ἀπιστίας·
1453 2885 1599 2966 δεκάζων

344 2992 379 3057 δέ
395 2996 433 3056 τὸ
450 2990 597 3080 πλῆθος,
621 2993 676 3054 ίνα
690 2989 808 3078 μηδείς
824 2991 915 3076 αὐτῷ
937 2998 1094 3078 προφέρῃ
1117 2995 1159 3056 τά
1183 2997 1259 3057 τότε
1275 2994 1485 3079 πραχθέντα,
1508 2989 1594 3055 ἀλλὰ
1617 2994 1646 3046 2¹³

342 3103 404 3159 τοῦ
423 3095 546 3176 μίσους
567 3096 624 3157 καί
645 3103 705 3178 τῆς
726 3092 912 3181 ἐπιβουλῆς
935 3091 1046 3180 λήθην
1068 3096 1144 3157 τινὰ
1175 3098 1398 3181 ποιήσωνται.
1452 3101 1534 3182 φέρε
1558 3093 1596 3182 δή

343 3201 431 3282 πρὸς
459 3204 564 3259 ταῦτα
587 3193 848 3282 ἀπολογήσομαι
855 3245 865 3274 ,
894 3193 1065 3281 ώάνδρες
1087 3199 1297 3280 Προυσαεῖς,
1326 3199 1387 3260 κάν
1417 3196 1498 3283 δοκῇ
1521 3201 1600 3278 ὑμῖν

343 3301 525 3376 ἀκούσασι,
547 3300 841 3384 κατεψηφίσασθέ
861 3313 943 3380 μου·
974 3303 1030 3363 καί
1051 3301 1114 3385 γάρ
1138 3309 1199 3363 τοῦ
1219 3303 1418 3384 Σωκράτους
1441 3303 1475 3362 οί
1494 3293 1599 3385 Ἀθη-

342 3407 434 3466 ναῖοι
456 3401 660 3476 ἀκούσαντες
683 3404 976 3487 κατεψηφίσαντο.

493 3553 523 3560 ..η
558 3553 723 3560 ------.-—

430 3617 606 3677 1τεσιυ.Τ
670 3613 759 3676 2τδν
775 3634 825 3689 pro
843 3618 936 3690 τήνΤ
988 3624 1129 3677 3τοῦτον
1147 3651 1179 3661 -
1198 3617 1258 3698 ᾄδω
1277 3620 1388 3676 seclusit
1399 3621 1490 3694 Ειυρ,
1507 3623 1601 3680 defen·

340 3705 409 3760 dunt
426 3703 490 3758 wil.
506 3706 535 3760 ot
551 3703 647 3771 Bothe,
666 3703 712 3773 qui
727 3703 812 3778 (καί)
828 3709 879 3763 νῖν
947 3705 1075 3760 λωιίῖω
1099 3699 1153 3763 οὐκ
1168 3699 1311 3776 (αὖτοὺς)
1327 3703 1423 3775 μόνον
1475 3707 1599 3783 idum-

342 3808 411 3855 στος
427 3779 498 3862 (ἦν)
514 3789 580 3844 Wii.
650 3783 837 3848 θάπολλδων
855 3790 904 3847 UB
955 3787 989 3848 έν
1006 3784 1134 3864 α’ργυρίφ
1151 3791 1221 3856 iibri,
1240 3805 1310 3846 corr.
1329 3789 1456 3847 Valesius
1517 3797 1599 3851 ίτα·

341 3869 500 3946 λαιπδρους
508 3873 533 3930 U
541 3889 577 3930 m.
589 3889 630 3944 pr.
686 3880 717 3930 1⁰
728 3877 854 3949 κρυφαία
866 3895 909 3943 τις
921 3875 993 3932 um·
1004 3871 1101 3950 κρύφα
1113 3895 1155 3942 τις
1165 3875 1206 3944 Μ,
1217 3877 1364 3948 κορυφαία
1376 3896 1419 3943 τις
1430 3876 1554 3946 impressi

343 3963 375 4016 12
391 3956 590 4026 καταλύοντας
606 3963 746 4034 πατρίους
763 3960 793 4015 Μ
847 3966 877 4017 12
895 3963 1012 4028 πλείους
1028 3960 1108 4017 uui
1169 3965 1201 4016 16
1219 3962 1405 4019 καταλείπειν
1421 3961 1452 4016 Μ
1503 3963 1534 4022 δὲ
1550 3967 1600 4022 καί

341 4041 450 4112 licinio,
468 4063 501 4103 τε
517 4047 566 4102 καί
584 4045 647 4101 libri
733 4049 764 4100 17
783 4049 836 4104 τοῦ
853 4043 956 4112 ἔθνους
972 4047 1079 4116 scripsi,
1096 4041 1166 4112 τοὺς
1182 4041 1271 4112 θεοὺς
1287 4045 1350 4101 libri
1459 4051 1489 4102 21
1509 4043 1601 4106 αὐτοῦ

340 4127 413 4196 libri,
431 4144 501 4185 οοπ.
518 4129 598 4200 Emp.
668 4133 703 4184 22
719 4123 847 4201 ἀπορίας
862 4129 933 4195 libri,
951 4123 1078 4196 α’πονίας
1096 4129 1205 4186 aeolius
1278 4133 1387 4202 τρυφῆς
1403 4131 1514 4199 Reme,
1532 4153 1598 4206 τρο-

341 4218 397 4288 φῆς
414 4215 478 4270 libri
547 4218 578 4270 22
598 4207 635 4274 ἀν
651 4213 683 4270 ii
751 4219 783 4271 28
801 4217 1049 4288 καταψηφίσασθε
1066 4221 1093 4281 (ε
1110 4231 1128 4270 ο
1145 4220 1225 4284 corr.)
1243 4214 1268 4272 U
