3526 5264
677 359 815 417 ORATIO
832 359 893 418 XV.
1346 359 1408 420 2³?

15 555 96 606 115111
108 541 232 607 muel
252 539 310 602 καί
330 543 398 600 τῶν
414 544 471 599 νόν
487 529 575 619 [τῶν]
597 532 724 598 ἐνθάδε
747 532 974 598 δουλευόντων
990 535 1049 598 οὐκ
1063 536 1307 618 ἀπογιγνώσκω
1324 534 1408 599 πολ·
1422 537 1461 602 16

154 639 233 716 λούς
256 639 345 702 εἶναι
366 635 578 722 ἐλευθέρους.
616 628 654 699 οὐ
678 637 740 720 γάρ
764 637 823 700 όδν
843 638 906 717 μὲν
924 628 1119 721 Ἀθηναίων
1134 658 1187 714 τις
1209 635 1311 714 άλούς
1325 640 1410 701 κατά

155 739 306 822 πόλεμον
329 741 379 815 είς
400 741 539 824 Πέρσας
562 739 706 824 ἀπαχθῇ
728 740 748 824 ἢ
771 742 828 802 καί
849 741 886 826 νη
910 740 980 801 Δία
1002 739 1061 801 ἐάν
1084 741 1133 815 είς
1158 735 1292 826 Θρᾴκην
1313 743 1333 827 ἢ
1354 745 1411 806 Σι-

151 842 265 908 κελίαν
281 843 401 924 ἀχθεὶς
416 839 663 928 ἀπεμποληθῇ,
680 843 833 927 φήσομεν
849 837 1030 927 ἐλεύθερον
1046 844 1126 904 όντα
1143 839 1330 907 δουλεύειν·
1352 846 1412 908 ἐὰν

119 959 135 1008 1
156 945 193 1012 δὲ
211 947 353 1031 Θρᾳκῶν
367 966 421 1020 τις
435 945 455 1030 ἢ
470 945 615 1027 Περσῶν
635 946 680 1031 μη
697 948 800 1024 μόνον
815 940 853 1021 ἐξ
867 941 1057 1027 ἐλευθέρων
1072 946 1216 1027 γεγονὼς
1231 947 1304 1008 ἐκεῖ
1315 944 1412 1031 δεῦρο

155 1051 264 1136 ἀχθῇ,
293 1045 379 1110 ἀλλά
400 1048 458 1110 καί
481 1043 646 1110 δυνάστου
667 1038 760 1122 τὶνός
782 1048 802 1132 ἢ
825 1043 996 1127 βασιλέως
1017 1048 1102 1124 υίός,
1126 1049 1184 1128 οὐχ
1207 1044 1413 1134 ὁμολογήσο-

152 1174 213 1235 μεν
235 1148 417 1236 όλεόθερον
433 1148 530 1212 εἷναι.
570 1149 627 1211 οόκ
650 1148 757 1211 οἶσθα
780 1152 839 1211 τόν
857 1141 1055 1235 Ἀθήνησιν,
1078 1151 1155 1235 όφη,
1177 1153 1291 1231 νόμον,
1315 1150 1410 1236 παρά
1424 1154 1463 1216 17

154 1252 298 1330 πολλοῖς
327 1250 363 1316 δὲ
390 1253 448 1314 καί
476 1248 610 1330 ἀλλοις,
640 1253 693 1314 ότι
721 1253 780 1314 τόν
809 1253 912 1337 φόσει
941 1249 1063 1315 δοῦλον
1091 1255 1269 1334 γενόμενον
1293 1254 1352 1314 οὐκ
1373 1249 1414 1336 ἐᾷ

154 1361 306 1437 μετέχειν
328 1363 388 1441 τῆς
410 1351 589 1430 πολιτείας
596 1377 608 1432 ,·
629 1358 688 1417 τὸν
711 1351 748 1417 δὲ
771 1351 923 1417 Καλλίου
946 1357 1030 1432 υἱόν,
1053 1355 1150 1440 εἴπερ
1174 1357 1281 1432 όντως
1295 1356 1414 1441 ἐσώθη

108 1470 137 1521 11
158 1463 236 1522 τότε
258 1455 370 1536 άλοάς,
394 1459 600 1543 ἀφικόμενον
622 1459 658 1518 ἐκ
682 1451 834 1542 Θρᾴκης,
865 1457 966 1536 συχνά
995 1458 1052 1543 ἔτη
1081 1461 1241 1540 γεγονότα
1271 1460 1344 1522 ἐκεῖ
1359 1460 1417 1520 καί

158 1557 324 1636 πολλάκις
345 1563 644 1642 μεμαστιγωμένον
668 1555 778 1634 οὐδείς
804 1560 845 1622 ἀν
869 1556 963 1644 ἠξίου
985 1568 1046 1646 τῆς
1068 1557 1246 1635 πολιτείας
1268 1556 1416 1623 ἀπελαύ-

51 1677 99 1729 σιο
111 1676 143 1730 m
156 1678 241 1726 νειν·
257 1663 345 1725 ὥστε
358 1663 468 1725 ἐνίοτε
481 1662 537 1724 καί
550 1663 568 1723 ό
579 1663 683 1741 νόμος
695 1661 735 1722 οὔ
750 1677 837 1746 φησι
854 1658 994 1737 δοόλους
1008 1667 1181 1745 γεγονέναι
1194 1665 1274 1737 τούς
1289 1659 1415 1736 ἀδίκως

158 1763 414 1839 δουλεύσαντας.
458 1765 493 1827 τί
516 1759 552 1825 δὲ
574 1765 630 1826 καί
652 1765 818 1826 ποιοῦντά
840 1784 883 1844 με
904 1765 1093 1827 ἐπίστασαι
1110 1767 1198 1851 πρός
1220 1766 1314 1827 θεῶν
1335 1766 1355 1850 ἢ
1379 1765 1414 1825 τί
1427 1764 1467 1828 18

160 1872 346 1948 πάσχοντα,
367 1870 422 1930 ότι
443 1887 485 1947 με
510 1861 578 1952 φῂς
591 1866 809 1928 ἀπίστασθαι
832 1862 1054 1944 δουλεύοντα;
1078 1870 1295 1954 Τρεφόμενον
1314 1869 1417 1950 ἔγωγε

113 1979 141 2030 11
161 1973 230 2033 ὑπὸ
253 1978 315 2033 τοῦ
336 1967 507 2032 δεσπότου
520 1970 577 2030 καί
592 1965 846 2030 ἀκολουθοῦντα
862 1969 976 2052 ἐκείνῳ
992 1971 1049 2032 καί
1065 1977 1230 2032 ποιοῦντα
1253 1972 1318 2046 ό,τι
1332 1961 1415 2032 ποτ’

159 2074 286 2148 ἐκεῖνος
308 2073 535 2155 προστάττοι·
559 2071 590 2132 εί
613 2067 649 2132 δὲ
671 2071 728 2155 μή,
752 2073 948 2149 παιόμενον.
997 2068 1115 2145 Οότως
1138 2075 1218 2151 μέν,
1248 2072 1333 2158 ἔφη,
1362 2073 1419 2134 καί

160 2177 240 2249 τούς
267 2175 363 2249 υίοδς
395 2173 605 2257 ἀποφαίνεις
634 2169 775 2246 δούλους
803 2178 871 2234 τῶν
899 2176 1067 2256 πατέρων.
1109 2174 1166 2235 καί
1194 2173 1256 2258 γάρ
1280 2171 1418 2235 ἀκολου-

160 2277 268 2338 θοῦσι
290 2270 434 2349 πολλοῖς
455 2280 522 2335 τῶν
544 2275 699 2358 πενήτων
720 2274 778 2335 καί
799 2274 850 2348 είς
871 2275 1056 2355 γυμνάσιον
1083 2269 1262 2355 βαδίζουσι
1282 2277 1339 2337 καί
1360 2276 1420 2337 ἐπί

26 2388 152 2444 (mn)
165 2375 320 2454 δεῖπνον,
347 2377 405 2440 καί
433 2379 619 2461 τρέφονται
645 2377 771 2450 πάντες
800 2377 868 2437 ὑπό
897 2382 964 2437 τῶν
993 2381 1150 2461 πατέρων
1177 2379 1235 2440 καί
1257 2379 1421 2441 παίονται

113 2488 143 2540 1)
165 2477 330 2556 πολλάκις
351 2473 414 2542 ὑπ’
439 2479 549 2540 αὐτῶν
555 2527 565 2556 ,
588 2480 644 2541 καί
666 2478 851 2541 πείθονται
868 2481 932 2554 ό,τι
950 2479 991 2541 ἀν
1013 2480 1138 2541 ἐκεῖνοι
1159 2483 1420 2562 προστάττωσιν

163 2584 289 2657 αὐτοῖς.
332 2582 445 2645 καίτοι
473 2585 568 2645 ἕνεκα
595 2587 659 2642 τοῦ
684 2580 880 2642 πείθεσθαι
908 2581 965 2643 καί
994 2577 1126 2666 πληγάς
1156 2577 1339 2663 λαμβάνειν
1363 2583 1419 2644 καί
1432 2584 1474 2646 19

162 2692 230 2748 τῶν
251 2691 514 2766 γραμματιστῶν
534 2685 667 2758 οἰκέτας
690 2684 813 2768 φήσεις
835 2683 914 2757 τοδς
937 2672 1023 2768 παρ’
1049 2684 1166 2759 αὐτοῖς
1179 2684 1421 2763 μανθάνοντας

162 2789 218 2850 καί
247 2789 326 2862 τούς
353 2784 582 2871 παιδοτρίβας
610 2784 782 2860 δεσπότας
804 2783 981 2849 εἶναιτῶν
1003 2785 1171 2869 μαθητῶν
1192 2786 1212 2871 ἢ
1236 2790 1315 2862 τούς
1338 2783 1421 2848 ἀλλο

164 2912 198 2953 τι
227 2887 464 2965 διδάσκοντας·
493 2892 549 2952 καί
576 2889 640 2973 γάρ
670 2890 944 2975 προστάττουσιν
966 2888 1082 2962 αὐτοῖς
1107 2889 1164 2951 καί
1185 2891 1353 2950 τόπτουσι
1374 2889 1420 2973 μὴ

116 2998 145 3049 11
167 2991 408 3070 πειθομένους.
452 2992 505 3076 Νι)
527 2981 601 3068 Δί’,
624 2991 709 3076 ἔφη’
732 2982 809 3052 ἀλλ’
836 2991 894 3053 οὐκ
908 2991 983 3052 ἔστι
997 2995 1071 3065 τοῖς
1086 2987 1330 3074 παιδοτρίβαις
1344 2986 1422 3052 οὐδὲ

166 3097 239 3167 τοῖς
255 3089 374 3166 ἀλλοις
396 3088 615 3166 διδασκάλοις
638 3087 741 3176 δῆσαι
761 3094 842 3168 τούς
855 3093 1017 3177 μαθητάς
1033 3089 1110 3155 οὐδὲ
1125 3089 1329 3155 ἀποδόσθαι
1345 3088 1425 3154 οόδί

164 3213 201 3277 γε
225 3195 275 3270 είς
291 3190 428 3275 μυλῶνα
451 3188 626 3273 ἐμβαλεῖν·
649 3197 723 3266 τοῖς
746 3189 784 3254 δό
804 3213 841 3276 γε
856 3191 1043 3270 δεσπόταις
1058 3196 1193 3258 ἅπαντα
1208 3201 1315 3256 ταῦτα
1330 3195 1424 3280 ἐφει·

165 3299 250 3376 μόνα
272 3295 374 3357 ἐστίν.
413 3284 511 3368 Ἴσως
538 3293 601 3378 γάρ
632 3293 690 3355 οόκ
719 3293 828 3357 οἶσθα
850 3300 904 3359 ότι
926 3297 1019 3381 παρά
1043 3293 1186 3372 πολλοῖς
1208 3297 1265 3359 καί
1288 3293 1422 3381 σφόδρα
1434 3295 1478 3359 10

168 3397 427 3477 εὐνομουμένοις
446 3401 551 3456 ταῦτα
568 3395 589 3455 ά
606 3391 712 3476 λέγεις
727 3391 839 3472 ἔξεστι
853 3402 927 3472 τοῖς
942 3400 1095 3481 πατράσι
1117 3401 1197 3482 περί
1218 3399 1299 3473 τούς
1319 3399 1424 3475 υἱέας,

117 3509 148 3561 11
168 3501 226 3562 καί
248 3495 287 3585 δι)
304 3499 371 3575 καί,
394 3497 453 3559 ἐάν
467 3493 667 3576 βούλωνται,
689 3499 746 3560 καί
762 3494 1011 3574 ἀποδίδοσθαι,
1033 3501 1090 3562 καί
1104 3503 1142 3562 τό
1158 3501 1211 3563 ἔτι
1225 3502 1355 3562 τούτων
1366 3521 1426 3579 χα-

139 3598 378 3685 ,λεπώτεροκ
408 3600 544 3684 ἐφεῖται
570 3599 633 3683 γάρ
665 3600 781 3674 αότοῖς
811 3599 1011 3663 ἀποκτεῖναι
1038 3601 1122 3685 μήτε
1143 3602 1321 3684 κρίναντας
1342 3601 1427 3685 μήτε

256 3857 268 3907 1
289 3855 350 3911 ταῖν
366 3855 418 3909 νῦν
434 3855 495 3907 τῶν
510 3849 582 3917 libri,
599 3855 659 3908 τόν
669 3851 785 3906 altorum
803 3850 868 3907 secl.
881 3850 1010 3908 Reinkius
1061 3847 1255 3926 ἀπογινώσκει
1267 3852 1339 3922 libri,
1357 3867 1427 3908 corr.

167 3941 249 4009 Emp.
336 3932 459 4008 3ἢοαι.
477 3937 506 3990 Μ
523 3953 560 3991 m.
576 3952 619 4007 pr.
704 3931 928 4008 1ἀιιενποληθῇ
945 3937 976 3992 Μ
1069 3927 1149 3995 θδτι
1167 3939 1235 4010 φησί
1253 3931 1308 3994 τδν
1324 3940 1431 3994 δοῦλον

168 4024 257 4094 UBM,
274 4038 346 4080 corr.
364 4021 429 4078 aditi
534 4025 565 4076 10
583 4016 653 4078 τότε
670 4021 759 4091 Εωρ,
776 4019 849 4078 ποτὲ
865 4019 929 4075 libri
1031 4013 1248 4092 ἀφικόμενοςΒ
1345 4039 1428 4094 γεγα-

170 4114 248 4168 νωτα
265 4109 296 4165 Μ
366 4113 395 4163 11
414 4105 679 4180 μεμαστηγωμένάν
695 4106 725 4161 Μ
776 4100 949 4164 ἀπελαύνειν
965 4101 1073 4163 ἐνίοτε·
1091 4097 1167 4164 ὥστε
1183 4110 1233 4164 καί
1249 4107 1322 4172 libri,
1339 4113 1427 4162 trans·

169 4194 295 4264 ponendo
307 4193 460 4249 emendavit
468 4193 532 4248 Wil.
546 4186 829 4250 ἀπελούνειν.δτιότε
839 4194 889 4248 καί
897 4189 978 4246 Dind.
992 4183 1170 4250 ἀπελαύνειν.
1191 4188 1313 4259 εἰκότως
1323 4194 1429 4265 γεκαὶ

169 4276 262 4354 (γὰρ)
278 4279 357 4351 Εσιρ.
377 4272 648 4350 ἀπελαύνειν.πλὴν
665 4268 712 4335 δἐι
728 4297 762 4347 γε
778 4279 827 4334 καί
848 4277 920 4332 idem
941 4277 981 4343 (ln
1004 4277 1122 4345 schedis)
1145 4277 1192 4334 alii
1208 4277 1264 4332 alin
1350 4280 1382 4332 1³
1400 4281 1432 4336 τί

169 4368 215 4422 όαί
233 4364 281 4422 UB
350 4361 489 4422 ἐπίστασο
506 4364 536 4419 Μ
608 4367 639 4418 11
657 4353 749 4430 οὕτως
766 4362 790 4419 U
809 4352 885 4420 0‘z'tcm
898 4361 952 4418 ΒΜ
1022 4367 1052 4418 19
1072 4358 1262 4434 στόφονταιί]
1332 4365 1365 4417 10
1382 4359 1430 4420 κί-

168 4455 273 4508 θονται
289 4449 320 4505 Μ
390 4453 421 4504 11
441 4450 583 4508 τίθεσθαι
595 4447 625 4504 Μ
694 4453 726 4503 11
744 4444 860 4519 μύλωνα
878 4448 949 4516 libri,
966 4463 1037 4504 corr.
1055 4447 1136 4504 Dind.
1203 4444 1331 4520 ἐφημένα
1348 4448 1379 4503 Μ

169 4540 203 4592 11
220 4529 288 4600 ὑέος
303 4535 335 4590 Μ
404 4538 437 4590 30
455 4531 491 4592 τὸ
510 4530 552 4592 ἔτι
568 4533 634 4592 Wil.
