3520 5270
343 353 410 412 108
680 352 803 411 morus
820 353 871 408 DE
888 351 1150 410 PHILOOTETAE
1167 350 1265 408 ARGU

291 525 387 591 13οδ
405 531 513 592 ένεκεν
535 523 698 614 ἐλήλυθεν
720 530 770 603 είς
791 531 851 616 τήν
873 531 1016 614 Λῆμνον
1039 529 1127 615 φησί
1146 547 1184 590 τε
1205 529 1273 590 ὑπὸ
1296 533 1356 612 τῆς
1374 517 1523 612 Ἀθηνᾶς
1544 523 1602 613 ήλ-

342 627 525 710 λοιῶσθαι,
549 632 637 693 ώστε
658 629 837 711 ἐντυχόντα
853 629 901 714 τῷ
919 628 1108 716 Φιλοκτήτῃ
1124 632 1168 717 μή
1184 629 1384 716 γνωσθῆναι
1398 620 1461 691 ὑπ’
1487 630 1601 708 αὐτοῦ,

341 735 577 817 μιμησάμενος
597 732 682 794 κατὰ
698 740 797 795 τοῦτο
805 725 954 818 Ὅμηρον
968 767 1011 777 -
1024 735 1081 796 καί
1102 734 1164 818 γάρ
1187 735 1314 808 έκεῖνας
1335 737 1409 808 τοῖς
1430 753 1466 795 τε
1482 729 1601 808 ἄλλοις

340 835 397 896 καί
424 833 472 916 τῴ
502 835 647 916 Εὐμαίῳ.
670 836 727 896 καί
762 844 804 921 τῇ
831 832 1017 920 Πηνελόπῃ
1052 837 1238 921 πεποίηκεν
1271 836 1512 917 έντυγχάνοντα
1539 837 1599 897 τδν

337 927 502 998 Ὀδυσσέα
514 933 743 1022 ήλλοιωμένον
754 939 822 1000 ὑπδ
835 945 895 1024 τῆς
903 929 1054 1023 Ἀθηνᾶς
1066 971 1105 982 -
1119 938 1207 1024 φησί
1217 957 1254 1000 τε
1265 938 1451 1022 πρεσβείαν
1462 931 1597 1018 μέλλειν
1619 947 1635 997 5

342 1039 436 1122 παρὰ
459 1046 529 1101 τῶν
554 1041 681 1122 Τρώων
705 1040 932 1126 ἀφικνεῖσθαι
955 1043 1043 1125 πρδς
1064 1043 1122 1103 τδν
1147 1037 1372 1126 Φιλοκτήτην,
1397 1036 1603 1125 δεησομένην

342 1136 444 1203 αὐτόν
466 1161 503 1204 τε
522 1144 580 1205 καί
600 1142 642 1204 τδ
666 1139 755 1204 δπλα
778 1144 920 1218 έκείνοις
942 1147 1130 1226 παρασχεῖν
1144 1145 1204 1206 έπί
1218 1150 1260 1228 τῇ
1274 1150 1334 1229 τῆς
1351 1142 1478 1227 Τροίας
1500 1142 1598 1223 βασι·
1613 1152 1737 1206 (mn)

343 1240 428 1327 λείρ,
452 1240 697 1327 ποικιλώτερον
718 1246 758 1306 τδ
782 1241 893 1327 δρᾶμα
914 1240 1169 1322 κατασκευάζων
1191 1246 1248 1306 καί
1264 1245 1469 1329 ἀνευρίσκων
1493 1241 1602 1326 λόγων

343 1347 512 1430 ἀφορμάς,
534 1334 618 1408 καθ’
644 1347 685 1421 ἃς
707 1347 757 1420 είς
778 1347 820 1408 τά
837 1347 974 1410 ἐναντία
990 1349 1172 1430 ἐπιχειρῶν
1188 1347 1428 1430 εὐπορώτατος
1441 1347 1498 1409 καὶ
1513 1335 1599 1428 παρ’

295 1449 497 1510 14δντινοῦν
521 1449 727 1524 ίκανώτατος
750 1449 918 1534 φαίνεται.
956 1450 995 1510 οό
1015 1447 1121 1530 μόνον
1146 1441 1207 1533 [δὲ]
1222 1449 1391 1534 πεποίηκε
1412 1437 1598 1510 τδνὈδυσὲ
1621 1454 1651 1507 10

346 1554 406 1612 σέα
422 1548 723 1633 παραγιγνόμενον,
740 1547 825 1612 ἀλλά
839 1552 925 1632 μετά
941 1559 1003 1613 τοῦ
1014 1547 1221 1636 Διομήδους,
1237 1551 1405 1636 ὁμηρικῶς
1419 1552 1475 1613 καί
1489 1556 1601 1628 τοῦτο,

344 1653 401 1714 καί
428 1654 466 1714 τδ
497 1648 591 1729 δλον,
622 1654 668 1727 ὡς
697 1654 800 1738 ἔφην,
831 1646 882 1716 δι’
911 1650 991 1716 όλου
1020 1661 1083 1716 τοῦ
1104 1650 1276 1737 δράματος
1298 1649 1462 1738 πλείστην
1483 1652 1545 1731 μέν
1567 1652 1603 1713 έν

345 1759 419 1829 τοῖς
442 1757 621 1839 πράγμασι
645 1757 779 1817 σύνεσιν
800 1757 857 1818 καί
873 1753 1093 1841 πιθανότητα
1108 1752 1349 1833 ἐπιδείκνυται,
1373 1756 1543 1840 ἀμήχανον
1566 1749 1602 1814 δὲ

344 1858 400 1919 καί
421 1857 627 1942 θαυμαστήν
650 1859 686 1919 έν
707 1862 781 1933 τοῖς
804 1853 918 1941 λόγοις
942 1855 1092 1939 δύναμιν,
1115 1860 1172 1921 καί
1193 1859 1235 1920 τά
1258 1878 1295 1919 τε
1319 1857 1458 1939 ἰαμβεῖα
1482 1860 1603 1940 σαφῶς

343 1961 400 2022 καί
421 1961 506 2021 κατά
530 1961 634 2044 φύσιν
655 1962 712 2023 καί
734 1956 920 2036 πολιτικῶς
942 1961 1071 2041 έχοντα,
1093 1962 1150 2023 καί
1171 1960 1214 2022 τά
1235 1956 1318 2045 μέλη
1344 1960 1382 2021 οό
1397 1951 1502 2039 μόνον
1522 1952 1602 2041 ήδο·
1623 1963 1655 2016 1⁵

346 2064 415 2147 νήν,
439 2058 525 2123 ἀλλά
547 2063 605 2125 καί
627 2059 757 2149 πολλήν
780 2065 868 2147 πρὸς
891 2065 1012 2150 ἀρετήν
1036 2060 1258 2148 παράκλησιν.
1618 2071 1669 2122 (⁶⁵2
1683 2069 1714 2122 Ι)
1744 2067 1745 2072 ’

298 2161 336 2224 15
435 2167 512 2228 δτε
533 2163 710 2251 Σοφοκλῆς
735 2171 841 2247 μέσος
869 2167 976 2229 ἔοικεν
1005 2168 1135 2252 ἀμφοῖν
1158 2164 1262 2244 εἶναι,
1293 2165 1370 2227 οδτε
1390 2166 1429 2226 τδ
1453 2157 1605 2236 αδθαδες

344 2269 402 2331 καί
424 2266 555 2331 ἁπλοῦν
576 2270 616 2331 τὸ
639 2277 701 2332 τοῦ
723 2266 899 2348 Αἰσχύλου
922 2270 1007 2350 έχων
1030 2269 1107 2332 οὔτε
1128 2270 1167 2331 τδ
1190 2268 1325 2354 ἀκριβὲς
1346 2268 1404 2330 καί
1426 2262 1527 2349 δριμι)
1548 2253 1605 2326 καλ

347 2366 525 2432 πολιτικὸν
553 2373 591 2432 τδ
621 2378 684 2432 τοῦ
710 2361 915 2456 Εὐριπίδου,
954 2373 1076 2457 σεμνήν
1106 2368 1144 2434 δέ
1172 2391 1248 2434 τινα
1276 2371 1333 2432 καί
1360 2365 1603 2452 μεγαλοπρεπῆ

348 2473 489 2556 ποίησιν
522 2474 755 2556 τραγικώτατα
788 2475 844 2535 καί
876 2464 1086 2536 εὐεπέστατα
1119 2473 1278 2552 έχουσαν,
1319 2472 1406 2534 ὥστε
1440 2467 1602 2554 πλείστην
1624 2475 1655 2527 2)

348 2572 437 2636 εἶναι
463 2570 586 2660 ήδονήν
616 2575 702 2655 μετὰ
731 2576 842 2656 ὕψους
870 2577 926 2638 καί
956 2570 1177 2660 σεμνότητος,
1212 2583 1254 2660 τῇ
1284 2595 1320 2636 τε
1350 2570 1510 2657 διασκευῇ
1538 2578 1606 2634 τῶν

348 2678 557 2758 πραγμάτων
580 2677 702 2760 ἀρίστη
724 2679 781 2739 καί
804 2678 1032 2761 πιθανωτάτη
1054 2682 1223 2762 κέχρηται,
1246 2679 1395 2763 ποιήσας
1417 2677 1475 2738 τόν
1490 2666 1606 2737 Ὀδυσ-

351 2783 410 2840 σέα
439 2778 524 2857 μετὰ
548 2775 792 2860 Νεοπτολέμου
821 2777 1128 2864 παραγιγνόμενον,
1157 2776 1276 2866 έπειδή
1307 2780 1447 2872 Ιείμαρτο
1476 2772 1607 2838 ἁλῶναι

350 2883 411 2966 τήν
430 2881 556 2965 Τροίαν
577 2877 646 2942 ὑπό
670 2902 707 2944 τε
729 2889 791 2944 τοῦ
804 2879 1048 2963 Νεοπτολέμου
1062 2884 1120 2944 καί
1134 2889 1196 2944 τοῦ
1211 2878 1419 2967 Φιλοκτήτου
1432 2883 1606 2965 χρωμένου

349 2987 422 3058 τοῖς
440 2975 652 3068 Ἡρακλείοις
672 2981 803 3062 τόξοις,
834 2986 890 3046 καί
913 2974 1014 3047 αδτδν
1042 2987 1104 3065 μὲν
1133 2977 1454 3069 ἀποκρυπτόμενον,
1484 2983 1542 3044 τδν
1565 2976 1601 3042 δὲ
1623 2985 1656 3037 2σ

350 3083 595 3166 Νεοπτόλεμον
618 3090 800 3167 πέμποντα
824 3089 912 3170 πρὸς
927 3088 986 3149 τδν
1005 3084 1225 3173 Φιλοκτήτην,
1247 3089 1500 3167 ὑποτιθέμενον
1516 3079 1606 3166 αὐτῷ

352 3191 373 3248 ά
397 3184 452 3250 δεῖ
471 3193 595 3266 ποιεῖν,
617 3190 754 3252 καὶτὸν
773 3191 876 3274 χορόν
899 3190 957 3269 οὐχ
980 3190 1097 3275 ὥσπερ
1120 3188 1329 3271 δΑίσχόλος
1348 3192 1406 3252 καί
1420 3182 1609 3274 Εὐριπίδης

352 3292 387 3352 έκ
410 3297 477 3352 τῶν
499 3291 693 3376 ἐπιχωρίων
716 3293 919 3377 πεποίηκεν,
949 3289 1034 3355 ἀλλά
1062 3299 1130 3356 τῶν
1159 3295 1193 3356 ίν
1220 3301 1263 3378 τῇ
1291 3295 1346 3379 νηί
1369 3289 1608 3373 συμπλεόντων
1623 3293 1744 3344 (ΜΠ)

302 3388 342 3450 16
354 3390 403 3475 τῷ
422 3383 583 3455 Ὀδυσσεῖ
597 3395 655 3456 καί
669 3391 716 3476 τῴ
733 3391 974 3477 Νεοπτολέμῳ.
1075 3398 1117 3457 τά
1133 3415 1169 3458 τε
1184 3396 1255 3481 ήθη
1271 3396 1482 3476 θαυμαστῶς
1505 3389 1609 3471 σεμνά

355 3601 419 3610 ...ω-
439 3603 464 3606 -.
506 3603 509 3607 .
561 3603 732 3609 -—--.--
747 3604 800 3608 -—
813 3605 849 3609 -ss
874 3605 914 3610 ,.,,,
946 3605 979 3611 ,-
1003 3605 1084 3611 ---.
1145 3607 1158 3610 -
1204 3605 1230 3610 .-.
1254 3605 1282 3610 .,,.
1306 3605 1342 3610 ....
1361 3598 1604 3609 .-....---...--ι

439 3752 558 3824 ίφησίν
574 3748 629 3805 ΒΜ
697 3741 855 3822 η’λλιαῖσθαι
873 3748 903 3803 Μ
973 3745 1259 3820 2ἐνταγχάνονταῐί
1328 3741 1509 3816 έπενελδπρ
1527 3744 1557 3799 Μ

352 3842 367 3891 ⁵
385 3832 568 3911 η’ίλυωμὲνον
579 3836 610 3890 Μ
662 3835 872 3908 δυνησομένων
883 3834 931 3890 BU
943 3834 982 3902 (in
1000 3834 1054 3889 hoc
1072 3853 1120 3904 -ην
1131 3848 1147 3888 α
1159 3838 1239 3898 τοτε.)
1291 3837 1304 3885 7
1324 3824 1415 3889 αὐτόν
1432 3849 1464 3888 τε
1476 3828 1557 3886 UMH

352 3926 367 3978 8
385 3917 596 3994 ποικιλώτερον
612 3920 642 3979 δὲ
660 3921 682 3974 Ρ
769 3921 872 3976 malim:
895 3914 1018 3991 καὶγὰρ
1036 3947 1070 3958 -
1087 3914 1242 3991 ἐπιχειρεῖν
1328 3919 1344 3971 9
1361 3911 1503 3987 ἐπιχειρεῖ
1519 3914 1540 3968 Ρ

355 4013 385 4063 10
403 4016 536 4079 φανεῖται
554 4007 618 4062 wil.
688 4010 737 4064 καί
749 3998 785 4064 οδ
797 4005 845 4060 ΡΗ
919 4002 1115 4061 «thomum.
1145 4001 1183 4056 Et
1198 4004 1247 4059 καί
1264 4005 1294 4057 ot
1310 3999 1508 4072 munientur·
1526 4000 1611 4056 inuer-

351 4100 423 4156 tum;
447 4091 571 4163 praefero
595 4111 627 4148 τε
732 4085 836 4149 δδυοέα
859 4089 885 4143 Η
994 4092 1023 4143 11
1049 4083 1300 4160 παραγεινδμενον
1321 4087 1352 4143 Μ
1375 4086 1612 4160 παραγινόμενον

352 4178 436 4234 ceteri
521 4179 575 4234 τοῦ
592 4175 685 4232 om.P
782 4180 813 4230 12
832 4177 884 4231 τοῦ
901 4170 1049 4248 δράματος
1066 4187 1118 4228 om.
1136 4172 1187 4229 ΡΗ
1270 4171 1304 4231 έν
1320 4181 1383 4239 τοῖς
1399 4166 1523 4245 δράμασι
1540 4170 1612 4236 libri,

353 4278 422 4318 corr.
440 4261 613 4318 Valckenaar
665 4263 697 4316 1³
716 4254 912 4330 πειθανότητα
930 4258 960 4313 Μ
1014 4263 1045 4312 14
1062 4253 1133 4328 ίαμα
1150 4260 1204 4330 βία
1220 4257 1251 4314 Μ
1304 4262 1337 4315 20
1354 4253 1429 4318 εἶναι
1446 4272 1498 4312 om.
1510 4255 1559 4311 ΡΗ

352 4352 382 4403 21
404 4348 580 4418 σεμνότητος
596 4344 794 4404 ἐνδείκνυσθαι
811 4341 861 4398 PH
955 4345 988 4398 22
1006 4342 1191 4412 πιθανωτέρα
1209 4343 1232 4398 P
1325 4348 1359 4400 23
1377 4347 1430 4401 τοῦ
1447 4338 1612 4400 Νεοπτολέ·

352 4433 438 4502 μουΡ
491 4421 1124 4505 παραγεινδμενανΜπαραγινόμενονοείετὶ
1173 4425 1320 4503 ’ίμαρτολδ
1372 4433 1509 4486 uuam.
1523 4424 1572 4481 ΡΗ

354 4521 385 4572 ιτ
406 4511 422 4575 ὅ
441 4516 537 4572 om.u
