3454 5272
548 390 571 440 1.
589 382 737 440 NOMINA
754 383 1025 441 GEOGRAPHIOA.
1348 385 1408 444 341

186 551 335 625 ἐξαίρετον
357 549 473 627 ἔχοντες
495 553 522 609 ll
540 559 582 620 52,
600 559 615 610 3
633 554 768 610 Praeten-

187 641 257 696 aium
271 629 376 710 άμοροι
388 643 438 698 καί
450 633 649 712 ἀστυγείτονες
659 638 723 694 ibid.
741 643 768 694 11

186 726 286 780 multae
302 725 405 780 habant
421 739 483 780 oum
500 723 595 780 iiedam
618 723 771 796 ἐπιγαμίας

186 810 306 866 11111113.
331 839 364 848 -
387 808 501 866 δέονται
523 813 573 881 τῆς
596 806 672 882 παρ’
690 803 772 882 ήμῶν

186 895 255 962 (acii.
267 893 364 960 Ρτυεα)
381 884 447 966 ύλης
463 897 512 952 καί
530 893 638 967 ἑτέρων
655 897 773 951 πολλῶν

185 980 214 1034 11
232 982 328 1045 54,13.
344 1009 377 1020 -
389 975 514 1036 πιστεύω
531 984 573 1054 τῷ
590 983 641 1050 τῆς
658 969 772 1043 πόλεως

188 1061 261 1136 ήθει,
280 1065 407 1134 νομίζων
425 1059 459 1121 ού
476 1063 605 1136 σκληρόν
622 1058 688 1121 ούδέ
700 1055 771 1132 άμα-

187 1149 250 1216 θές,
274 1143 346 1208 aaa&
371 1153 414 1223 τῷ
437 1143 500 1206 άντι
518 1145 635 1222 γνήσιον
652 1145 772 1206 ἐκείνων

186 1236 246 1288 τῶν
255 1226 368 1305 α’νδριῦν
377 1237 426 1290 καλ
435 1237 485 1307 τῆς
493 1236 640 1307 μακαρίας
650 1229 771 1298 πόλεως,

186 1310 240 1387 ὑφ’
266 1307 300 1390 ἦς
329 1322 412 1392 δεῦρο
441 1317 608 1391 ἐπέμφθητε
635 1321 714 1391 φίλοι
739 1313 771 1389 δή

187 1397 266 1474 παρά
285 1405 384 1472 φίλους
403 1399 570 1475 οἰκήσοντες
587 1404 613 1458 11
626 1409 667 1468 59,
680 1407 721 1458 31.
737 1433 771 1442 -

187 1487 338 1556 complures
360 1487 551 1544 Prnaaenainm
578 1491 627 1545 καί
651 1488 772 1552 πολίτας

187 1574 347 1644 πεποίησθε
359 1577 408 1630 καί
416 1577 523 1646 βουλῆς
531 1568 712 1639 μετεδώκατε
723 1576 772 1628 καί

186 1651 332 1728 άρχοντας
354 1651 407 1716 ούκ
432 1652 615 1730 ἀπηξιώσατε
636 1656 772 1729 γενέσθαι

187 1733 260 1811 παρ’
278 1735 344 1810 ύμῖν
360 1745 410 1799 καὶ
432 1747 493 1801 τῶν
515 1745 629 1812 σεμνῶν
651 1736 771 1808 τούτων,

830 558 888 609 tum
905 553 1008 610 habent
1024 557 1069 623 64,
1084 558 1125 608 21.
1144 584 1177 594 -
1196 554 1286 625 capita
1303 554 1413 610 damna·

831 643 919 694 torum
937 639 1047 694 nomina
1063 639 1147 695 deleri
1163 639 1207 695 lex
1224 639 1300 695 iubet
1317 643 1376 708 244,
1389 642 1414 695 2.

831 753 863 763 -
873 729 976 792 mpatae
988 722 1121 779 Eleusinii
1137 730 1236 792 statua,
1255 738 1332 793 quem
1345 723 1415 779 Her·

832 807 920 863 cuiem
937 821 999 862 eaae
1016 807 1112 862 dicunt
1129 811 1188 875 246,
1202 815 1226 864 2.
1245 839 1277 849 -
1295 809 1414 879 Lyceum

832 895 861 948 et
877 891 1025 948 amoena
1048 897 1112 962 τοο,
1135 898 1177 950 ιι.
1195 923 1228 932 -
1244 883 1349 950 Ἵππου
1365 897 1413 950 ιιι

831 972 920 1049 κόρης
937 974 1051 1050 άβατον
1068 978 1141 1034 unde
1158 978 1259 1034 dictum
1277 982 1336 1046 290,
1346 983 1370 1032 5.
1382 1007 1415 1018 -

831 1061 983 1132 Propylaea
999 1068 1026 1117 et
1042 1062 1199 1118 Parthenon
1216 1063 1243 1118 11
1261 1067 1303 1132 43,
1324 1067 1364 1118 14,
1383 1093 1416 1103 -

833 1145 914 1204 Στοά
934 1148 1055 1218 Ποικίλη
1071 1147 1098 1200 11
1116 1151 1158 1216 65,
1177 1151 1244 1202 8-
1256 1149 1416 1218 areopagus

832 1235 861 1287 et
878 1233 989 1287 senatus
1007 1235 1192 1288 sescentorum
1214 1233 1243 1287 11
1260 1238 1358 1300 9613.
1382 1263 1415 1272 -

831 1310 939 1389 Ἀττική
953 1310 1082 1375 «εύτέλεια
1102 1316 1130 1371 11
1145 1322 1257 1385 151,13.
1275 1347 1310 1359 -
1328 1318 1416 1388 Cyno-

833 1417 926 1472 aargea
952 1402 1120 1473 gymnasium
1147 1401 1196 1458 nbi
1226 1393 1312 1459 νόθοι
1341 1395 1416 1460 άλεί-

833 1507 938 1558 φονττιι
956 1486 982 1541 11
1001 1489 1058 1555 233,
1077 1491 1101 1542 2.
1120 1516 1153 1526 -
1177 1479 1229 1544 ούκ
1252 1481 1340 1545 οἶσθα
1363 1483 1417 1544 τὸν

831 1564 961 1645 Ἀθήνησι
974 1567 1066 1640 νόμον
1078 1601 1109 1612 -
1124 1561 1169 1628 ότι
1187 1568 1241 1629 τὸν
1257 1568 1340 1644 φύσει
1351 1576 1415 1629 δοῦ-

832 1661 885 1714 λον
906 1652 1066 1729 γενόμενον
1090 1649 1143 1713 ούκ
1163 1653 1199 1735 ἐᾷ
1220 1657 1350 1728 μετέχειν
1366 1661 1416 1728 τῆς

832 1745 981 1809 πολιτείας
997 1741 1024 1796 11
1043 1745 1103 1812 232,
1121 1747 1145 1796 2.

186 1817 206 1882 ά
224 1828 274 1896 τῆς
281 1820 430 1895 Ῥωμαίων
441 1825 503 1886 έστί
514 1820 636 1892 πόλεως,
654 1823 770 1883 ἐκοινω·
797 1827 979 1883 Athenienses
993 1831 1049 1893 105,
1063 1831 1104 1882 20.
1124 1857 1155 1866 -
1166 1830 1225 1892 249,
1238 1830 1281 1882 29.
1292 1856 1326 1867 -
1338 1819 1416 1898 Ἀθη-

190 1905 296 1981 νήσατε
313 1910 339 1964 11
352 1915 394 1978 69,
409 1916 449 1966 13.

154 1993 258 2048 Arabea
281 1999 327 2063 63,
352 1999 394 2052 24.
422 2027 455 2038 -
487 1990 615 2070 Ἀράβων
638 1997 771 2068 φρύγανα

188 2082 247 2144 σοι,
263 2084 303 2136 ιι.
321 2109 353 2119 -
371 2072 500 2153 ’.τιάραν
518 2077 606 2153 awai
625 2085 684 2149 aaa,
701 2084 726 2134 o.

153 2161 249 2216 Aradii
271 2164 420 2233 contempti
444 2169 503 2232 369,
521 2168 536 2218 2
555 2180 648 2220 eorum
669 2164 773 2220 muaiea

188 2251 248 2316 ooo,
262 2251 302 2300 ιτ.

153 2331 272 2386 Arcadia
285 2326 301 2388 ὁ
312 2328 418 2390 Λάδων
429 2333 494 2403 (ῥεῖ)
507 2329 552 2392 διά
564 2338 614 2406 τῆς
625 2328 772 2402 Ἀρκαδίας

187 2409 354 2475 α’ναοτάτου
371 2419 526 2491 γενομένης
538 2422 596 2485 364,
610 2425 651 2474 15.
661 2449 695 2459 ·-
707 2433 772 2475 εσσε

187 2515 220 2555 ex
237 2501 356 2559 Διατοιι
373 2502 401 2556 11
414 2507 472 2571 ιιι,
485 2508 527 2558 ne.

153 2585 303 2642 Arcadicua
320 2586 417 2657 pillena
435 2591 494 2654 335,
507 2593 532 2644 3.

150 2669 243 2740 Argiai
268 2676 324 2737 116,
343 2675 385 2727 22.
405 2676 463 2739 112,
482 2677 506 2729 9.
531 2678 589 2738 264,
603 2676 635 2727 26
654 2671 769 2740 aaapina.

152 2756 241 2824 Argoa
259 2759 317 2824 212,
335 2762 360 2812 5.

152 2840 220 2896 aeia
237 2844 333 2906 64,12.
355 2837 469 2909 -τοὺς
487 2842 607 2916 ίερέας
624 2848 684 2900 τῶν
696 2837 768 2916 παρ’

186 2919 266 2992 ὑμῖν·
299 2919 367 2991 τοὺς
394 2931 554 2998 μακαρίους
582 2929 671 3000 λέγω,
703 2928 771 2996 τοὺς

188 3003 325 3066 άπάντων
343 3007 489 3082 άρχοντας
505 3017 565 3070 τοῖν
577 3011 687 3085 1ερέων,
704 3009 771 3078 τοὺς

187 3091 355 3164 ἐπωνύμους
366 3099 427 3152 τιῦν
439 3096 488 3152 δύο
501 3091 630 3168 ήπείρων
647 3101 697 3169 τῆς
714 3096 770 3155 ἑτέ-

188 3197 241 3248 ρας
263 3169 330 3251 όλης
348 3183 407 3247 334,
427 3181 636 3236 14.-15111σί5
657 3182 686 3236 in
708 3198 770 3252 pro·

188 3263 283 3320 vincite
296 3263 424 3320 Asiaticis
437 3264 588 3336 (Phrygiak
607 3264 642 3323 τὸ
656 3271 715 3322 τῶν
733 3271 770 3323 δι·

186 3352 248 3404 κῶν
266 3378 298 3388 -
316 3349 430 3418 μέτεστι
449 3349 478 3408 δέ
501 3347 591 3407 αὐτοῦ
613 3361 675 3415 ταῖς
693 3347 770 3420 πριά-

187 3453 250 3499 ταις
259 3429 380 3490 πόλεσιν
392 3431 424 3490 έν
434 3435 515 3506 μέρει
527 3427 600 3506 παρ’
610 3431 682 3502 έτος.
701 3441 772 3507 φασί

186 3518 216 3575 δέ
234 3521 285 3574 νύν
302 3512 420 3575 έσεσθαι
437 3515 482 3577 διὰ
500 3521 637 3587 πλείονος
652 3515 770 3593 χρόνον.

187 3605 305 3668 336,11.
329 3631 362 3641 -
385 3603 525 3671 provincia
545 3604 684 3664 Romana:
713 3609 772 3662 τῶν

187 3685 274 3758 ἱερῶν
291 3689 340 3757 τῆς
357 3680 452 3753 Ἀσίας
468 3687 601 3758 μέτεστιν
617 3683 684 3759 ύμῖν
702 3689 768 3754 (acii.

186 3771 408 3841 Caiaenenaibua)
423 3775 470 3845 τῆς
482 3792 513 3830 τε
526 3770 653 3846 δαπάνης
670 3779 770 3832 τοσοῦ-

185 3876 238 3913 τον
260 3844 334 3913 όσον
355 3853 478 3924 ἐκείναις
495 3866 559 3924 ταῖς
582 3854 715 3926 πόλεσιν,
739 3855 771 3916 ἐν

185 3936 230 4008 αἷς
246 3939 306 3998 ἐστι
326 3939 360 3998 τὰ
380 3936 443 4014 ἱερά
461 3944 575 4008 336,14.

151 4025 277 4080 Athenae
293 4025 478 4081 anathemata:
488 4027 770 4096 Mardoniiacinacea,

184 4109 325 4164 Laconum
339 4109 429 4180 ePylo
440 4111 519 4180 clipei
532 4116 574 4180 23,
584 4116 625 4168 29.
635 4112 769 4184 -015m·

185 4195 261 4262 pium
273 4193 335 4264 pluc
348 4194 376 4249 X
387 4196 495 4252 milibus
507 4197 636 4254 talentum
647 4201 770 4258 constitit

185 4275 453 4352 24,1.-’4θήνησί
465 4301 536 4353 φασι
551 4279 605 4342 τὸν
622 4280 703 4358 ίερὸν
720 4290 770 4358 τῆς

832 1913 931 1977 ναίους
949 1915 1019 1983 φασὶ
1038 1911 1174 1981 νέμεσθαι
1186 1905 1260 1969 καθ’
1279 1902 1347 1984 όλην
1363 1909 1416 1982 τήν

832 1989 957 2068 Ἀττικὴν
974 1989 1009 2052 τὸ
1028 1990 1154 2052 παλαιὸν
1164 2000 1213 2051 καί
1231 1992 1318 2054 πάλιν
1333 1987 1414 2054 ύστε·

833 2099 888 2150 ρον
899 2075 1129 2151 τυραννήσαντος
1137 2077 1347 2150 Πεισιστράτου
1355 2083 1415 2148 299,

835 2167 877 2220 13.
901 2193 933 2205 -
956 2164 1043 2219 multa
1068 2167 1185 2233 peccant
1207 2165 1303 2221 Dionia
1327 2166 1415 2220 aetate

834 2251 893 2314 253,
912 2252 923 2302 1
944 2247 1107 2303 Phoenicem
1131 2249 1264 2316 quendam
1282 2245 1342 2308 άπὸ
1360 2244 1414 2304 κατ’·

831 2352 885 2404 μης
902 2329 980 2397 τινὸς
997 2328 1030 2388 ἐκ
1047 2335 1097 2401 τῆς
1112 2326 1243 2405 ἠπείρου,
1259 2334 1307 2387 καλ
1324 2333 1414 2386 ταῦτα

833 2413 1024 2486 πιττούμενον
1042 2415 1109 2483 τοὺς
1125 2419 1287 2490 βραχίονας
1299 2413 1416 2484 Olympii

833 2502 990 2570 cognomina
1001 2501 1203 2558 honoraverunt
1213 2500 1277 2556 ibid.
1289 2505 1305 2554 4
1317 2502 1415 2569 poetae

831 2585 941 2656 poeaimi
953 2587 1030 2642 iaxta
1042 2585 1222 2641 Menandrum
1234 2589 1352 2640 atatnam
1364 2597 1414 2652 po·

831 2675 901 2724 nunt
917 2668 981 2726 ibid.
1001 2675 1015 2724 2
1034 2685 1051 2726 a
1068 2669 1205 2725 Nicanore
1217 2668 1352 2725 Salamina
1369 2681 1414 2721 re-

830 2755 966 2825 demptam
984 2755 1122 2826 accipiunt
1140 2755 1243 2811 15169.
1263 2784 1295 2794 -
1311 2751 1414 2822 gladia-

831 2844 905 2897 torea
928 2841 958 2894 in
980 2841 1087 2896 theatro
1110 2844 1235 2911 spectant
1255 2833 1307 2896 ὑπ’
1326 2830 1415 2905 αύτήν

830 2923 883 2998 τήν
901 2919 1071 2998 άκρόποίιν,
1088 2915 1124 2983 οὗ
1141 2921 1196 2982 τὸν
1207 2921 1349 2982 Διόνυσον
1366 2920 1412 2978 έπί

830 3008 882 3084 τήν
905 3002 1070 3084 ὀρχήστραν
1087 3009 1217 3067 τιθέασιν
1234 3013 1298 3075 254,
1323 3011 1362 3062 13.
1381 3037 1412 3046 -

830 3096 927 3151 Dionia
938 3100 1028 3151 aetate
1039 3111 1101 3153 cum
1109 3093 1331 3151 Lacedaemoniis
1341 3085 1414 3163 ύπέρ

831 3184 881 3249 τῆς
890 3175 1298 3254 προπομπείαςάγωνιζονται
1307 3179 1412 3244 114112.

831 3293 864 3306 -
875 3255 922 3322 ὅτ’
934 3262 1108 3336 ἐστασίαζον
1119 3271 1167 3324 καί
1179 3263 1247 3334 τοὺς
1258 3267 1414 3336 πολεμίους

831 3345 974 3419 ἐπήγοντο
993 3355 1041 3408 καί
1065 3355 1258 3424 προεδίδοσαν
1275 3343 1414 3421 άλλήλους

833 3431 861 3489 ολ
878 3436 1060 3509 ταλαίπωροι
1072 3436 1099 3490 11
1111 3441 1154 3502 91,
1167 3441 1207 3492 25.
1221 3467 1255 3476 -
1272 3428 1414 3506 Ἀθηναῖοι

831 3520 935 3574 πολλοί
957 3522 1017 3576 τῶν
1043 3520 1076 3578 έν
1103 3524 1220 3598 Σικελίᾳ
1246 3518 1414 3590 ληφθέντων

829 3595 981 3660 ἐδούλευον
1001 3601 1034 3661 έν
1058 3607 1176 3672 Σικελίᾳ
1197 3608 1245 3662 καὶ
1268 3601 1300 3661 έν
1323 3607 1413 3660 ίίελο-

832 3684 969 3759 ποννήσω
981 3685 1130 3762 ἐλεύθεροι
1144 3687 1234 3756 ὄντες.
1262 3689 1288 3743 11
1300 3691 1358 3750 235,
1373 3690 1413 3741 16.

831 3803 863 3812 -
889 3773 1096 3846 ψηφισαμένων
1117 3772 1190 3844 μετά
1215 3770 1266 3845 τἠν
1287 3773 1319 3830 ἐν
1343 3775 1413 3829 Χαι-

832 3861 938 3937 ρωνεία
954 3856 1048 3935 μάχην
1060 3855 1126 3928 τούς
1142 3856 1414 3930 συμπολεμήσοντας

830 3942 944 4012 οἰκέτας
960 3943 1130 4018 ἐλευθέρους
1146 3941 1257 4003 alveoli
1270 3947 1328 4008 239,
1341 3947 1365 3999 9.
1380 3970 1413 3980 -

829 4029 864 4086 iia
873 4031 973 4101 Apollo
986 4031 1083 4088 anaclet
1091 4035 1269 4105 προσλαβεῖν
1281 4032 1316 4099 τῇ
1330 4023 1413 4084 πόλει

830 4113 882 4187 τήν
900 4115 1042 4182 Σικελίαν,
1058 4112 1152 4187 λόφον
1169 4137 1233 4173 τινα
1245 4113 1328 4187 ἐγγύς
1341 4110 1412 4170 ὄντα

830 4204 879 4272 τῆς
890 4197 1011 4266 πόλεως,
1023 4201 1096 4270 quod
1107 4200 1140 4256 de
1151 4200 1241 4256 hanla
1249 4199 1320 4255 falae
1329 4199 1412 4254 mter·

829 4291 971 4355 pratantur
987 4285 1015 4340 11
1034 4290 1092 4350 264,
1111 4290 1153 4342 22.

184 4361 283 4430 ἐλαίας
299 4361 412 4424 θαλλὸν
428 4364 460 4424 ἐν
476 4361 567 4449 ἡμέρᾳ
578 4374 630 4449 μιᾷ
644 4374 768 4444 βλάστη·
795 4370 888 4426 Attica
914 4374 961 4439 95,
986 4375 1026 4426 12.
1056 4402 1088 4412 -
1118 4376 1217 4426 natura
1247 4377 1276 4425 et
1307 4368 1411 4425 caelum

184 4469 232 4508 σαι
244 4454 293 4508 καί
305 4451 415 4512 τέλειον
425 4453 560 4526 γενέσθαι
572 4460 614 4523 22,
624 4460 648 4512 9.
662 4487 694 4497 -
707 4471 769 4514 cum

183 4535 282 4593 Piraeo
300 4535 481 4594 ducentorum
504 4538 653 4596 stadiorum
672 4539 766 4598 cirom-

829 4459 870 4596 1213,
887 4459 912 4512 5.
930 4487 962 4498 -
982 4454 1010 4515 oi
1031 4453 1063 4516 έν
1086 4461 1121 4530 τῇ
1138 4449 1245 4530 Ἀττικῇ
1267 4451 1412 4528 κάνθαροι

864 4545 888 4608 6,
907 4545 946 4596 11.
