3466 5268
359 391 400 452 50
589 387 713 445 morus
731 386 783 442 DE
802 386 1013 445 conconmr
1030 385 1108 443 clm
1124 384 1383 444 APAMENSIBVS

358 562 490 640 πόλλας
519 561 648 650 δωρεάς
677 560 751 648 δοίη
781 564 838 625 καλ
867 565 1022 648 χρήματα
1053 563 1215 646 ἀμύθητα
1251 566 1403 644 πέμψειε
1429 561 1514 641 μετά
1547 569 1619 625 τῶν

357 671 550 749 Νεμέσεων,
573 667 629 728 καί
651 667 688 752 νη
713 656 774 728 Δί’
806 667 853 741 ὡς
874 662 977 728 δλλου
1000 667 1093 740 τινός
1124 660 1363 743 διαλεχθέντος
1390 665 1533 748 μυρίους
1553 667 1619 745 μὲν
1634 681 1723 734 um}

359 767 450 854 αύτῷ
487 770 695 853 συνεχώρησε
723 764 922 850 βουλευτάς,
954 769 1095 851 χρυσίου
1127 757 1160 828 δ’
1188 763 1340 828 ἐκέλευσε
1373 769 1529 847 ποταμόν
1565 769 1618 846 είς

357 877 418 959 την
454 869 557 934 πόλιν
586 879 758 958 τραπῆναι
785 871 842 933 καλ
868 866 1030 955 μυριάδες
1058 871 1200 952 ἄπειροί
1226 888 1317 943 τινες
1343 864 1533 954 ἐδόθησαν·
1570 869 1618 934 ὥν

309 966 458 1040 ἴδούδέν
480 971 519 1059 ἦν
542 969 681 1058 ἀληθές,
708 975 755 1048 ὡς
777 968 963 1056 ἐβουλόμην
986 971 1027 1033 ἂν
1049 971 1161 1053 ἔγωγε.
1212 972 1251 1032 τδ
1274 971 1336 1055 γάρ
1360 967 1482 1046 άλλους
1504 969 1617 1050 καλῶς
1638 985 1655 1035 5

359 1080 522 1163 πράττειν
551 1079 607 1139 καί
635 1071 788 1157 μεγάλων
817 1075 989 1156 τυγχάνειν
1018 1074 1076 1134 ούκ
1105 1075 1147 1134 δν
1177 1069 1342 1136 οὐδέποτε
1372 1069 1535 1159 λυπήσειε
1557 1078 1618 1138 τόν

359 1187 436 1243 νοῦν
458 1181 576 1259 ἔχοντα
600 1173 711 1252 άλλως
732 1197 769 1240 τε
790 1177 848 1238 καλ
870 1183 1007 1259 πρῶτον
1029 1178 1170 1255 τυχόντα
1189 1176 1246 1237 καλ
1267 1177 1326 1261 τὴν
1349 1175 1508 1261 άφσρμήν
1532 1175 1618 1253 ἴσως

359 1284 604 1366 παρεσχηκότα.
641 1283 760 1360 δμοιον
774 1281 847 1361 γάρ,
872 1278 988 1362 ὥσπερ
1011 1275 1047 1340 εἴ
1058 1298 1110 1352 τις
1126 1275 1216 1360 αὐτῷ
1231 1280 1336 1357 μόνον
1353 1273 1500 1357 λάμπειν
1519 1275 1617 1364 ηξίου

250 1393 254 1400 ’
359 1387 417 1447 τόν
437 1380 533 1469 ἥλιον
555 1383 574 1468 ἢ
598 1384 656 1444 τόν
678 1383 747 1443 Δία
769 1382 841 1443 ὕειν
862 1381 882 1465 ἢ
906 1381 985 1455 τούς
1014 1381 1158 1460 ἀνέμους
1188 1385 1285 1442 πνεῖν
1312 1381 1332 1465 ἢ
1361 1376 1490 1465 μηδένα
1513 1377 1618 1445 ἄλλον

359 1488 428 1549 άπδ
452 1493 519 1549 τῶν
545 1473 675 1570 κρηνῶν
704 1480 876 1546 δύνασθαι
904 1487 1007 1544 πιεῖν.
1058 1471 1137 1543 ἀλλ’
1163 1483 1250 1562 όμού·
1277 1478 1615 1568 φιλανθρωπότατος
1637 1496 1667 1548 10

360 1591 406 1651 ὢν
428 1581 483 1668 <ό>
505 1587 719 1670 αὐτοκράτωρ
741 1586 798 1647 καλ
827 1585 1056 1659 συνετώτατος
1083 1585 1244 1646 ἁπάντων
1275 1585 1354 1664 ἐμοί
1381 1603 1417 1647 τε
1448 1589 1619 1669 παρέσχεν

309 1691 349 1755 16
362 1689 408 1753 ὧν
429 1691 494 1772 ἐγὼ
517 1685 658 1773 ἐδεόμην
680 1688 736 1749 καλ
758 1683 875 1761 ἄλλοις
898 1683 944 1748 ὥν
967 1687 1090 1749 ἐκεῖνοι
1112 1681 1257 1748 ἐδέοντο.

443 1793 536 1866 τίνος
559 1791 616 1852 οδν
638 1793 746 1853 ένεκεν
768 1787 883 1875 εἴρηκα
908 1791 1019 1851 πάντα
1042 1795 1161 1850 τοῦτον
1183 1791 1242 1851 τόν
1264 1785 1372 1870 λόγον,
1395 1789 1481 1870 ὑπὲρ
1505 1786 1618 1852 ἄλλων

358 1897 451 1974 ὑμῶν
473 1891 724 1975 βουλευομένων
730 1914 742 1969 ,·
764 1895 817 1955 ότι
838 1893 895 1954 καλ
916 1893 1037 1953 τούτου
1061 1894 1340 1976 τοῦπράγματος
1362 1891 1426 1973 ἐγὼ
1450 1895 1618 1976 πρότερος

357 1999 500 2082 ηιμάμην
514 1997 571 2058 καί
585 1991 734 2070 πολλούς
749 1993 848 2058 εἶπον
863 1990 990 2057 ἐνθάδε
1007 1990 1125 2076 λόγους
1140 1995 1225 2077 ύπέρ
1242 1995 1413 2074 ὁμονοίας,
1428 1995 1613 2080 ηγούμενος
1637 2005 1666 2056 1⁵

359 2103 544 2184 συμφέρειν
558 2105 600 2182 τῇ
615 2093 715 2159 πόλει
730 2103 829 2159 τοῦτο
844 2091 936 2178 <καῖ)
948 2100 1100 2179 κρεῖττον
1116 2094 1203 2158 εἶναι
1214 2098 1258 2182 μη
1277 2092 1510 2182 διαφέρεσθαι
1525 2098 1615 2182 πρὸς

356 2198 484 2287 μηδένα
500 2201 707 2281 ἀνθρώπων,
729 2200 850 2283 ἥκιστα
866 2194 902 2259 δέ
919 2196 1016 2278 οἶμαι
1032 2199 1120 2279 πρὸς
1134 2199 1212 2272 τούς
1228 2200 1323 2280 ἐγγύς
1339 2199 1426 2260 ούτω
1441 2199 1499 2261 καλ
1513 2199 1614 2260 ἀστυ-

357 2305 519 2387 γείτονας.
557 2303 596 2364 ού
610 2307 728 2381 μέντοι
743 2303 831 2386 πρός
845 2301 992 2376 ἐκείνους
1007 2321 1043 2383 γε
1058 2297 1167 2384 ἦλθον
1191 2296 1268 2361 οὐδὲ
1291 2298 1390 2362 εἶπον
1414 2298 1614 2386 φιλάνθρω-
1632 2316 1680 2367 (ιω
1691 2313 1723 2358 R]

359 2427 426 2470 πον
438 2403 535 2469 οὐδὲν
550 2407 617 2490 πρδ
633 2413 695 2466 τού
706 2400 955 2489 καταλλαγῆναι
970 2400 1119 2488 δημοσίᾳ
1134 2405 1193 2488 την
1209 2401 1311 2465 πόλιν
1326 2405 1382 2466 καλ
1394 2400 1516 2489 φίλους
1527 2403 1615 2482 ὑμᾶς

358 2509 530 2590 γενέσθαι.
568 2508 680 2569 καίτοι
697 2509 862 2592 ψήφισμά
886 2525 923 2587 γε
938 2507 1099 2588 ἔπεμψαν
1116 2506 1220 2581 εύθδς
1235 2506 1270 2568 ἐν
1286 2506 1370 2590 ἀρχῇ
1387 2503 1617 2592 φιλοφρονού-
1641 2515 1670 2566 νο

357 2629 454 2689 μενοι
476 2610 533 2671 καὶ
554 2604 828 2692 παρακαλοῦντες
849 2607 1059 2693 ἀφικέσθαι·
1087 2609 1144 2670 καὶ
1172 2604 1284 2669 πολλά
1308 2605 1422 2670 δίκαιά
1444 2628 1505 2689 μοι
1527 2610 1617 2692 πρός

360 2713 481 2786 αύτούς
494 2713 651 2796 ὑπῆρχεν,
669 2711 784 2795 ὥσπερ
801 2706 890 2792 άλλη)
907 2711 975 2772 τινί
989 2715 1055 2772 τῶν
1071 2709 1245 2772 ἐντεῦθεν·
1262 2702 1336 2772 ἀλλ’
1356 2712 1449 2791 δμως
1461 2709 1518 2789 οδχ
1533 2711 1615 2772 ὑπέ-

358 2831 459 2893 μενον
487 2809 845 2898 φιλανθρωπεύεσθαι
873 2803 949 2873 κατ’
979 2813 1140 2892 ἐμαυτόν,
1171 2809 1256 2874 ἀλλά
1285 2821 1381 2899 κοινῇ
1406 2804 1491 2894 μεθ’
1521 2814 1616 2894 ύμῶν

309 2917 347 2980 17
361 2916 476 2992 αὐτοῖς
491 2912 677 3000 ἐβουλόμην
691 2915 855 2998 γενέσθαι
871 2911 980 3000 φίλος.
1007 2914 1090 2976 ὅθεν
1105 2915 1310 3000 ὑφεωρῶντό
1321 2935 1363 2995 με
1373 2918 1430 2979 καλ
1446 2913 1616 3000 δυσχερῶς

359 3017 458 3098 εἶχον.
483 3020 540 3081 καλ
551 3025 608 3081 νύν
620 3019 818 3098 πυθόμενος
832 3017 894 3092 τὰς
910 3013 1082 3092 διαλύσεις
1092 3018 1149 3080 καί
1162 3019 1223 3104 την
1240 3014 1359 3102 φιλίαν
1371 3020 1495 3102 ταύτην
1508 3037 1616 3101 πρατ-
1640 3029 1670 3078 25

357 3126 509 3206 τομένην,
531 3122 588 3183 καλ
603 3124 854 3205 ψηφισαμένων
869 3120 961 3198 ὑμῶν
976 3121 1034 3199 ἐμὲ
1049 3115 1173 3196 καλεῖν,
1198 3117 1282 3194 ἴσως
1296 3120 1353 3181 καλ
1374 3122 1498 3206 ταύτης
1520 3123 1615 3183 ένεκα

357 3231 417 3308 τῆς
436 3225 552 3306 χρείας
579 3223 688 3301 (τυχὸν
716 3223 777 3305 γάρ
808 3216 965 3306 ηλπίζετε
993 3221 1103 3301 κάμού
1129 3223 1356 3301 μετασχόντος
1378 3219 1464 3306 ῥᾷον
1486 3219 1614 3302 μᾶλλον

357 3327 414 3388 καλ
443 3321 698 3411 ἀσφαλέστερον
728 3324 875 3386 ἔσεσθαι
903 3325 1032 3385 πάντα·
1059 3323 1173 3385 καίτοι
1201 3325 1257 3386 καλ
1285 3331 1342 3386 νύν
1373 3321 1457 3399 ἴσως
1480 3325 1518 3386 ού
1541 3330 1617 3400 τοῖς
1632 3335 1678 3384 (491
1690 3333 1721 3382 ιο

359 3433 510 3512 παροῦσι
529 3429 644 3507 μόνον,
666 3423 751 3488 ἀλλὰ
766 3426 869 3506 κάμοὶ
890 3430 1046 3506 νέμοντες
1067 3420 1167 3510 τιμὴν
1182 3427 1265 3506 μετά
1288 3433 1356 3488 τῶν
1379 3423 1501 3503 άλλων,
1525 3422 1615 3509 λαγι-

360 3523 495 3608 ζόμενοι
515 3530 599 3609 κόμέ
616 3526 759 3614 πολίτην
774 3530 944 3612 ὑμέτερον,
967 3529 1064 3608 τυχόν
1081 3529 1337 3613 προθυμότεροι
1353 3532 1510 3611 γεγόνασι
1525 3531 1615 3613 πρὸς
1636 3535 1665 3587 ³⁰

359 3631 454 3712 ὑμᾶς)
476 3635 567 3712 ὅμως
588 3627 662 3714 <σύ)
686 3629 819 3718 σφόδρα
842 3631 1014 3717 ἠπείχθην
1037 3627 1280 3712 εὐλαβούμενος
1293 3626 1339 3716 μὴ
1355 3635 1492 3717 γένηται
1514 3639 1616 3694 τοῦτο

359 3731 519 3814 ἐμποδὼν
543 3735 600 3796 ούκ
622 3735 778 3812 ἐκείνοις,
802 3731 887 3795 άλλά
910 3739 978 3794 τῶν
999 3731 1158 3795 ἐντεῦθέν
1180 3750 1260 3796 τισι.
1314 3729 1431 3812 σχεδόν
1453 3733 1516 3817 γδρ
1540 3735 1616 3796 είώ-

359 3839 449 3899 θασι
478 3834 601 3900 πολλοὶ
638 3844 705 3900 τῶν
733 3837 930 3922 ἀνθρώπων
960 3835 998 3896 ού
1027 3839 1100 3910 τοῖς
1131 3839 1395 3920 πραττομένοις,
1429 3831 1515 3897 ἀλλὰ
1543 3841 1618 3910 τοῖς

448 4050 538 4128 Ῑόηίη
553 4051 625 4120 libri,
643 4065 712 4108 corr.
731 4049 814 4104 Dind.
883 4051 942 4105 τῶν
960 4067 992 4120 γε
1009 4047 1163 4118 μέσεωνΤ
1242 4045 1343 4120 θ<άν>
1361 4042 1440 4127 αύτῷ
1456 4047 1616 4105 Dindorfius

360 4139 481 4201 (secutus
499 4137 648 4203 Reiskium)
726 4135 756 4192 δὲ
774 4135 797 4190 Β
883 4141 899 4188 4
917 4137 1060 4207 τραπῆναι
1078 4139 1105 4208 (η
1122 4150 1140 4190 ε
1158 4137 1240 4202 corr.)
1257 4134 1282 4192 U
1368 4141 1384 4191 ὅ
1402 4131 1508 4201 ἄλλους
1525 4133 1617 4203 Emp..

359 4217 484 4289 πολλοὺς
501 4221 564 4278 libri
649 4212 762 4294 Βαύτῷ
779 4218 830 4276 UT
926 4212 1007 4291 ἠξίου
1024 4215 1148 4290 λάμπειν
1164 4219 1226 4284 (hoc
1243 4219 1354 4285 ord.)T
1460 4224 1491 4274 10
1508 4221 1618 4292 κρινῶν

358 4307 383 4365 U
401 4325 437 4364 m.
455 4323 496 4378 pr.
565 4299 631 4365 άλλ’
651 4300 726 4375 ύμοῠ
743 4303 834 4375 Emp.‚
853 4295 916 4362 ἄλλ’
938 4301 1025 4373 ὃμὲν
1042 4305 1072 4360 Μ
1090 4297 1155 4363 ἄλλ’
1174 4294 1254 4374 ὅμως
1273 4303 1329 4368 ΒΤ,
1347 4304 1373 4362 U
1390 4303 1550 4376 compendio

360 4399 390 4448 11
412 4388 508 4450 δαδδ.
526 4391 607 4462 Emp.
659 4386 757 4463 ἔμοιγε
774 4388 845 4459 libri,
865 4405 933 4446 corr.
951 4388 1052 4445 Reirke
1123 4395 1155 4445 14
1171 4390 1360 4465 βουλομένων
1377 4389 1427 4448 UT
1498 4395 1529 4446 15
1548 4393 1615 4464 περὶ

358 4477 432 4534 UBT
523 4481 554 4532 16
570 4479 620 4534 καί
636 4475 698 4532 add.
719 4475 837 4531 casaub.
922 4475 960 4549 μη
985 4491 1037 4531 om.
1056 4474 1130 4531 UB'I'
1217 4481 1249 4531 22
1268 4471 1350 4550 εἴπερ
1367 4475 1447 4547 Emp.
1465 4475 1529 4530 wil.

359 4567 392 4618 21
409 4562 542 4620 κακοῠΒ
629 4566 662 4618 29
680 4563 728 4618 καί
745 4558 810 4632 ἐμοὶ
828 4561 858 4616 Μ
970 4565 1000 4616 31
1022 4553 1056 4618 ού
1074 4559 1175 4616 Reisko
1192 4575 1226 4616 ex
1241 4559 1353 4630 interpr.
1441 4553 1567 4634 η’πίχθην
1584 4558 1616 4615 Μ
