3476 5264
338 383 401 446 290
771 379 897 439 DIONIS
913 379 1169 438 MELANUOMAS

341 559 404 635 θις
427 561 515 638 ἔχειν
537 560 595 621 τὸν
618 558 719 621 αότδν
741 553 947 620 ἀντίπαλον·
971 554 1098 620 ένθάδε
1113 552 1184 641 δίη
1209 556 1281 639 νίκη
1305 555 1385 639 περί
1399 563 1460 642 τῆς
1474 559 1613 641 ἡμέρας

343 662 472 746 ἀκείνης
495 661 605 738 έστίν,
633 661 753 722 ἔπειτα
775 662 832 722 καί
853 660 932 734 τοδς
954 663 1165 741 ἡττωμένους
1187 657 1315 736 δμοίως
1337 657 1356 717 δ
1377 665 1478 721 νικῶν
1502 659 1610 721 ἀντα-

293 765 334 830 16
348 763 516 847 γωνιστάς
531 763 599 842 ἔχει
621 763 758 825 καὶτῶν
779 759 891 824 ἀλλων
914 763 973 823 τδν
994 757 1207 841 βουλόμενον.
1244 760 1297 820 ότι
1313 753 1385 841 (δέ)
1400 757 1529 823 ένθάδε
1544 763 1611 841 μὲν

345 867 364 930 δ
385 865 545 948 κρείττων
567 871 629 927 τοῦ
648 866 789 949 ἥττονος
811 865 1003 946 περίεστιν·
1027 859 1138 926 οδδενλ
1158 862 1221 945 γὰρ
1239 857 1330 943 ἀλλφ
1354 862 1374 946 ἢ
1397 869 1439 946 τῇ
1454 853 1609 946 εὐψυχίᾳ
1624 869 1714 926 (iffi

343 967 400 1030 καί
422 968 517 1046 ίσχύῑ
536 963 593 1028 δεῖ
609 971 760 1049 κρατεῖν·
782 967 818 1028 ἐν
840 963 876 1028 δὲ
892 971 966 1040 τοῖς
988 961 1188 1049 πολέμοιςη
1207 970 1269 1025 τού
1284 960 1424 1049 σιδήρου
1449 960 1607 1044 δύναμις,
1630 972 1645 1022 ε

338 1065 433 1132 πολύ
455 1070 616 1153 κρείττων
639 1067 723 1130 οδσα
738 1076 798 1154 τῆς
814 1068 1038 1152 ἀνθρωπίνης
1053 1068 1198 1152 φύσεως,
1222 1056 1281 1128 οὐκ
1303 1063 1344 1148 έᾷ
1366 1068 1426 1151 την
1448 1073 1516 1128 τῶν
1542 1083 1611 1128 σω-

344 1173 461 1253 μάτων
491 1171 612 1257 ἀρετὴν
640 1165 878 1248 ἐξετάζεσθαι,
909 1165 1074 1244 πολλάκις
1097 1165 1132 1231 δέ
1156 1169 1244 1250 πρδς
1265 1174 1332 1229 τῶν
1351 1171 1515 1250 χειρόνων
1536 1168 1612 1250 γίγ-

344 1295 448 1340 νεται.
555 1277 619 1336 όσα
644 1270 678 1336 δί
703 1272 748 1335 αδ
768 1275 847 1354 περί
869 1267 1061 1358 ἀθλήσεως,
1084 1273 1140 1335 καί
1162 1272 1241 1356 περί
1263 1263 1359 1352 <τοῦ>
1380 1266 1538 1354 ἀθλητοῦ
1561 1269 1610 1332 εἴ·

345 1398 430 1462 ρηκα
453 1369 530 1460 [καί]
561 1372 831 1455 ἀποδειχθέντος
861 1394 898 1456 γε
926 1378 981 1437 ότι
1011 1376 1151 1459 ἀρεστός
1181 1375 1257 1436 ἐστι
1283 1379 1350 1435 τῶν
1380 1376 1416 1435 έν
1438 1371 1484 1454 τῷ
1509 1374 1610 1456 ίργῳ.

346 1477 431 1553 ἴσως
460 1475 496 1542 δέ
525 1479 627 1558 κάμοί
654 1480 711 1540 καί
738 1482 813 1552 τοῖς
841 1483 992 1557 παροῦσι
1014 1477 1194 1561 προσήκων
1218 1477 1237 1537 ό
1260 1471 1367 1558 λόγος,
1392 1476 1479 1538 ὥστε
1501 1483 1607 1538 τοῦτο
1633 1483 1662 1534 10

346 1583 490 1664 ἀριστον
513 1581 732 1664 ἀποφαίνειν.

431 1685 497 1763 δτῳ
522 1683 588 1763 ἀρα
610 1677 738 1767 ὑπῆρξε
759 1682 821 1760 μὲν
842 1675 966 1754 κάλλος
996 1682 1162 1760 σώματος,
1185 1676 1313 1764 ὑπῆρξε
1336 1675 1372 1741 δὲ
1388 1675 1526 1762 ἀνδρεία
1549 1683 1613 1743 καί

346 1776 508 1867 εὐψυχία,
536 1783 588 1846 ἔτι
617 1779 653 1845 δὲ
683 1784 886 1868 σωφροσύνη
915 1783 972 1845 καί
999 1783 1038 1843 τδ
1067 1782 1232 1867 ἀήττητον
1253 1783 1433 1862 γενέσθαι,
1463 1783 1538 1844 τίνα
1567 1785 1612 1846 ἀν

298 1887 336 1948 17
350 1884 450 1950 τοῦδε
472 1893 534 1948 τού
555 1882 678 1970 ἀνδρδς
692 1882 992 1969 εὐδαιμονέστερόν
1007 1905 1060 1959 τις
1083 1885 1241 1969 φησειεν,·
1262 1884 1375 1946 καίτοι
1391 1882 1481 1966 αὐτῷ
1497 1887 1611 1967 τούτῳ

346 1989 606 2073 παραγενέσθαι
624 1984 856 2068 χαλεπωτάτω
882 1989 982 2049 όστδν
1003 1983 1140 2066 ἀνδρεία
1161 1987 1217 2047 καί
1239 1988 1460 2071 σωφροσύνη·
1482 1983 1611 2064 κάλλος
1635 1995 1664 2046 15

345 2091 410 2176 γάρ
433 2092 642 2175 ἀνθρώπους
663 2087 812 2171 μάλιστα
842 2086 881 2175 δή
903 2093 1029 2168 χαυνοῖ
1044 2091 1100 2151 καί
1122 2087 1309 2151 ἀναπείθει
1331 2095 1473 2173 τρυφᾶν,
1497 2089 1545 2164 ὡς
1568 2091 1613 2152 ἀν

349 2189 450 2278 δόξης
476 2196 537 2273 μὲν
564 2198 682 2278 έτίρας
704 2194 743 2255 οδ
767 2190 962 2272 δεομένους,
992 2193 1072 2254 ὅταν
1094 2211 1147 2264 τις
1169 2191 1374 2275 περιβόητος
1396 2171 1419 2274 ᾖ
1441 2193 1481 2254 τό
1504 2188 1611 2270 εἶδος,

347 2291 484 2379 ηδίονος
507 2287 539 2357 δ’
566 2297 669 2381 οὔσης
690 2305 750 2382 τῆς
772 2296 956 2379 ῥᾳθυμίας.
1009 2295 1102 2374 εὕροι
1130 2284 1163 2354 δ’
1195 2295 1237 2356 ἅν
1264 2314 1318 2368 τις
1343 2291 1380 2371 έξ
1402 2294 1505 2380 ἀρχῆς
1527 2295 1612 2358 ἀνα-

350 2392 563 2478 λογιζόμενος
586 2401 665 2472 τούς
686 2393 887 2472 καλλίστους
901 2403 968 2459 τῶν
987 2398 1154 2476 πρότερον
1168 2396 1248 2470 τούς
1263 2393 1302 2481 δη
1326 2392 1475 2471 πολλούς
1498 2397 1613 2458 αὐτῶν
1630 2407 1705 2453 im

351 2496 447 2562 οὐδὲν
477 2497 633 2580 ἀνδρείας
657 2496 733 2561 οὐδὲ
757 2500 877 2582 ἀρετῆς
900 2500 997 2580 ἔργον
1020 2493 1325 2577 ἀποδειξαμένους,
1348 2494 1434 2560 ἀλλά
1457 2501 1488 2559 Γ
1486 2499 1614 2582 αναμη-
1640 2495 1714 2587 κοίλη4

351 2598 412 2685 δης
433 2603 494 2680 μὲν
518 2597 575 2663 διά
597 2603 636 2663 τδ
660 2605 744 2674 παῖς
762 2593 846 2682 [μὲν]
861 2601 1103 2685 ἀφανισθῆναι
1118 2596 1155 2676 έξ
1177 2600 1374 2683 ἀνθρώπων
1396 2597 1494 2663 οὐδὲν
1517 2597 1620 2663 δοκεῖ

302 2697 482 2785 18πράξαι
509 2699 680 2783 λαμπρόν·
712 2703 792 2786 περί
821 2699 857 2763 δὲ
883 2693 1066 2776 Ἀδώνιδος
1093 2703 1113 2786 ἢ
1141 2693 1312 2776 Ἰασίωνος
1334 2702 1354 2786 ἢ
1376 2709 1444 2764 τῶν
1471 2703 1613 2782 δμοίων,

352 2805 429 2866 ὅσοι
457 2811 620 2887 περιττῆς
645 2799 745 2887 δόξης
775 2803 835 2865 ίπί
856 2801 905 2886 τῷ
928 2800 1014 2866 εἴδει
1036 2805 1161 2882 ἔτυχον,
1185 2801 1282 2867 οὐδὲν
1303 2806 1357 2866 δτι
1377 2805 1422 2889 μή
1448 2806 1528 2886 περί
1549 2813 1617 2867 τοῦ

351 2901 494 2980 κάλλους
521 2907 695 2984 ἀκούομεν.
738 2908 863 2984 μόνους
893 2903 928 2967 δὲ
959 2905 1000 2968 ἀν
1029 2903 1125 2967 εἴποι
1154 2926 1207 2980 τις
1235 2903 1411 2990 ἀνδρείους
1435 2913 1503 2969 τῶν
1525 2908 1614 2988 ἀγαν

350 3005 461 3072 καλῶν
479 3006 594 3091 Θησέα
609 3008 666 3070 καί
677 2999 841 3087 Ἀχιλλέα,
864 3011 920 3071 καί
935 3011 1069 3084 τούτοις
1086 3009 1124 3070 οὐ
1140 3010 1229 3070 πάνυ
1244 3012 1263 3090 η
1281 3011 1484 3093 σωφροσύνη
1500 3011 1610 3094 ὑπηρ-
1635 3021 1665 3072 Μ

352 3107 416 3188 ξεν.
468 3112 506 3172 ού
534 3110 597 3191 γάρ
626 3111 667 3173 ἀν
694 3101 803 3173 αὐτῶν
834 3113 935 3192 δμδν
954 3103 1083 3194 Ἑλένην
1112 3111 1200 3194 πρδς
1226 3111 1304 3190 βίον
1332 3112 1494 3194 ἥρπασεν,
1525 3113 1544 3172 δ
1575 3109 1610 3173 δ’

351 3207 549 3289 ἐστασίαζεν
572 3214 632 3276 έπί
656 3215 783 3295 Τροίας
805 3211 851 3275 ὧν
873 3216 980 3276 ἕνεκεν
1009 3207 1215 3289 ἐστασίαζεν.
1260 3204 1451 3294 Ἱππολύτῳ
1485 3211 1521 3275 δέ
1545 3231 1614 3276 σω·

439 3453 450 3501 i
471 3441 543 3506 ἔνθα
562 3446 610 3502 BU
679 3452 695 3503 2
713 3445 760 3505 ἐπί
777 3447 813 3506 τά
832 3447 861 3501 Μ
930 3442 1029 3505 ἔπειτα
1047 3447 1112 3519 (δὲ)
1124 3447 1248 3516 (ίαείίυες
1266 3447 1370 3502 malim:
1387 3451 1437 3506 καί
1454 3447 1495 3515 είς
1512 3443 1615 3506 ἔπειτα

353 3529 421 3601 τοὺς
473 3533 536 3591 3όὲ
547 3533 610 3589 add.
623 3532 751 3589 Reiskius
802 3533 832 3591 δὲ
848 3533 1013 3603 μὲνΜίεεά
1031 3536 1061 3590 δι’
1078 3539 1194 3598 erasum)
1246 3537 1316 3604 ίτῇ
1331 3533 1434 3588 rectius
1451 3535 1561 3588 abesset

352 3621 520 3694 θκρείττου
537 3618 561 3675 U
579 3635 616 3674 m.
633 3633 676 3689 pr.
762 3616 944 3686 ’ίγίνεταιίί
1043 3617 1263 3674 iinoribendum:
1284 3610 1340 3676 ὅσα
1358 3612 1386 3674 δ’
1405 3609 1457 3676 οάυ
1474 3623 1541 3692 περί
1557 3624 1613 3674 eie.

351 3709 393 3760 est
410 3704 480 3760 onim
498 3703 623 3760 clausula
639 3703 735 3774 partin,
756 3717 810 3773 qua
826 3703 861 3757 δε
877 3703 1045 3772 pauitantia
1062 3703 1208 3759 athleticae
1224 3705 1314 3772 agitur
1408 3707 1457 3760 καί
1475 3707 1542 3773 περί
1559 3697 1615 3760 ἀλ

351 3793 439 3862 ληνοῦ
461 3790 483 3843 Β
506 3793 555 3846 καί
578 3792 644 3858 περί
668 3783 802 3860 ἀθλητῶν
823 3787 847 3842 U
871 3788 909 3852 (in
930 3788 958 3842 M
982 3788 1051 3843 haec
1073 3791 1155 3844 verbs
1179 3789 1292 3858 margini
1315 3787 1408 3844 addita
1430 3789 1557 3857 leguntur
1582 3793 1615 3842 ut

352 3874 432 3940 inii)
513 3877 594 3930 9καί
612 3873 724 3928 seclusit
741 3873 840 3928 Seldon
917 3869 993 3949 ἔργῳ
1009 3873 1038 3928 in
1054 3889 1152 3929 εαεαετ
1169 3873 1199 3926 Μ
1280 3879 1310 3928 10
1328 3877 1416 3933 ταῦτα
1436 3871 1556 3944 ἀριστος
1574 3871 1614 3938 Μ,

351 3963 458 4016 τοῦτον
482 3954 643 4029 ἀριστονΤ
749 3962 780 4013 12
805 3949 864 4034 δτηι
886 3955 944 4032 ἀρα
967 3959 1077 4029 scripsi,
1100 3949 1159 4035 δ’τῳ
1182 3954 1240 4032 γάρ
1258 3959 1311 4014 ΒΜ
1334 3950 1421 4017 αῧταιι
1444 3954 1502 4032 γὰρ
1521 3957 1544 4013 U

352 4037 455 4116 α’νάρία
473 4043 502 4096 Μ
591 4047 622 4098 13
639 4043 775 4115 γενέσθαι
792 4045 882 4113 Εαιρ,
899 4045 1032 4116 γίνεσθαι
1049 4044 1111 4101 libri
1187 4050 1219 4099 14
1236 4065 1279 4111 τις
1295 4061 1346 4100 om.
1365 4044 1396 4100 Μ
1464 4059 1515 4114 pro
1533 4037 1615 4118 αὕτη·

352 4127 445 4206 τούτῳ
462 4128 649 4186 scribendum:
667 4127 699 4185 ἐν
716 4133 758 4205 τηῖ
776 4123 854 4206 αὐτῷ
923 4135 954 4184 15
970 4125 1168 4201 χαλεπωτάτω
1185 4125 1274 4187 ἐστὸν
1292 4123 1410 4202 ἀνδρεία
1427 4132 1477 4186 καί
1495 4146 1614 4200 σωφρο-

352 4211 422 4287 σύνη
446 4214 478 4270 Μ
503 4211 714 4288 χαλεπώτατον
739 4211 790 4285 τὴν
816 4210 950 4288 ἀνδρείαν
981 4219 1031 4271 καί
1057 4211 1248 4288 σωφροσύνην
1273 4213 1321 4270 UB
1350 4214 1408 4280 (εεδ
1441 4207 1563 4286 ἀνδρίαν
1590 4213 1615 4268 U

352 4316 388 4354 m.
406 4305 460 4371 pr.)
531 4304 562 4356 16
579 4290 740 4372 ἀνθρώπου
758 4300 813 4356 ΠΜ
881 4303 974 4372 τρυφῇ
992 4299 1045 4353 ΒΜ
1064 4297 1156 4372 τρυφή
1175 4299 1208 4366 U,
1226 4299 1378 4369 τρυφᾶνΤ
1448 4304 1481 4354 20
1499 4291 1565 4356 οάδδ
1582 4297 1614 4351 Μ

353 4389 413 4454 (pro
438 4379 529 4452 οὐδὲν)
632 4378 751 4455 ἀνδρίας
773 4383 798 4438 U
820 4399 856 4437 m.
878 4399 920 4452 pr.
1036 4388 1066 4438 21
1091 4393 1159 4451 παῖς
1181 4381 1238 4456 μὴν
1260 4385 1309 4442 UB
1331 4393 1399 4450 τιαῑς
1419 4385 1473 4454 μὲν
1488 4384 1533 4449 Μ,
1559 4382 1615 4452 μὲν

353 4487 406 4526 om.
424 4469 447 4524 T
533 4474 614 4528 δοκεῖ
629 4469 739 4539 scripsi,
760 4459 855 4525 ἐδόκει
872 4468 934 4522 libri
1020 4472 1052 4522 22
1069 4461 1212 4537 Ἰασίωνος
1229 4470 1322 4541 Ευμ,
1343 4465 1462 4535 ίάσανος
1479 4466 1543 4522 libri

354 4559 386 4609 2³
405 4557 471 4625 περί
489 4559 539 4626 τῆς
555 4555 585 4610 Μ
