3520 5270
343 378 409 438 144
650 377 773 433 DIONIS
792 377 843 432 DE
860 376 987 434 Rufino
1004 377 1054 432 ΕΤ
1072 376 1300 433 TYRANNIDE.

343 557 521 639 ἐγκρατοῦς
543 554 732 638 ἀνθρώπου
754 554 848 635 βίος·
879 545 954 614 ἀλλ’
987 556 1079 634 ὅμως
1101 561 1256 616 τοιοῦτον
1280 555 1317 616 δν
1346 555 1484 616 πάντων
1505 549 1606 631 χαλε·

345 658 505 719 πιότατον
528 661 686 741 πέφυκεν.

304 765 323 825 5
430 759 508 822 έπελ
528 755 819 840 Σαρδανάπαλλος
847 760 974 833 ἐκεῖνος
1003 761 1022 820 ό
1051 755 1284 842 θρυλούμενος
1311 756 1379 838 εἶχε
1400 759 1463 837 μὲν
1485 756 1603 830 Νίνον,

344 860 411 941 εἶχε
427 858 464 923 δδ
481 857 677 942 Βαβυλῶνα,
700 862 762 936 τάς
776 862 938 943 μεγίστας
952 867 1019 923 τῶν
1035 864 1202 946 πρότερον
1216 864 1441 946 γεγενημένων
1458 853 1604 927 πόλεων,

343 964 491 1048 ὑπήκουε
513 960 550 1026 δὲ
573 953 665 1046 αὐτῷ
689 965 801 1025 πάντα
824 963 865 1024 τά
888 963 973 1048 ίθνη
997 963 1039 1026 τό
1054 965 1220 1044 νεμόμενα
1242 957 1302 1047 τὴν
1325 965 1441 1044 ότόραν
1456 961 1601 1045 ἤπειρον
1622 977 1638 1026 ε

343 1069 441 1149 μέχρι
469 1072 536 1127 τῶν
565 1067 732 1150 ἀοικήτων
761 1073 821 1151 τῆς
842 1073 902 1150 γῆς
932 1061 1134 1147 λεγομένων·
1162 1061 1341 1146 βασιλείας
1368 1059 1404 1125 δὲ
1435 1051 1534 1125 οὗδδν
1562 1055 1604 1143 ἦν

344 1160 436 1249 αὐτῷ
458 1176 646 1253 προσῆκον,
677 1158 716 1230 οδ
738 1163 905 1252 μάλλονῆ
935 1166 1002 1229 τῶν
1032 1172 1234 1253 σηπομένων
1256 1169 1324 1230 τινί
1345 1163 1478 1250 νεκρῶν.
1523 1162 1602 1243 βου·
1617 1182 1738 1234 (muz

345 1265 510 1333 λεύεσθαι
538 1271 600 1350 μὲν
627 1270 690 1355 γάρ
719 1271 739 1355 ἢ
771 1265 918 1346 δικάζειν
945 1271 965 1356 ἢ
997 1275 1194 1356 στρατηγεῖν
1229 1269 1305 1332 οὔτε
1339 1264 1496 1349 ἐβούλετο
1527 1264 1603 1326 οὔτε

304 1377 324 1440 6
347 1369 498 1436 ίδύνατο.
549 1374 585 1435 έν
615 1369 651 1434 δὲ
680 1377 753 1448 τοῖς
780 1369 971 1454 βασιλείοις
998 1370 1261 1457 ἀποδιδράσκων
1283 1373 1333 1447 είς
1355 1365 1415 1456 τὴν
1442 1386 1605 1450 γυναικω·

345 1480 431 1538 νῖτιν
459 1475 615 1560 καθῆστο
644 1476 704 1537 έπί
729 1471 940 1559 χρυσηλάτου
968 1472 1082 1560 κλίνης
1116 1472 1288 1560 ἀναβάδην
1321 1475 1390 1535 ύπδ
1420 1467 1602 1554 ἁλουργέσι
1625 1489 1654 1540 1⁰

346 1581 509 1653 παστοῖς,
540 1578 657 1662 ὥσπερ
686 1579 704 1639 ό
733 1579 965 1662 θρηνούμενος
992 1577 1138 1640 ύπδτιῦν
1159 1565 1497 1660 γυναικῶνἍδωνις,
1528 1566 1603 1647 ὀξύ·

344 1697 442 1762 τερον
465 1680 699 1764 φθεγγόμενος
721 1672 902 1760 εὐνούχων,
930 1683 989 1745 τόν
1016 1683 1078 1761 μὲν
1105 1677 1271 1766 τράχηλον
1293 1673 1504 1750 ἀποκλίνων,
1533 1674 1601 1736 ὕπὸ
1618 1697 1668 1748 (τεν
1680 1695 1709 1748 1)
1739 1740 1740 1752 ,

345 1778 382 1843 δὲ
406 1781 525 1863 ἀργίας
546 1783 602 1845 καί
625 1790 722 1858 σκιᾶς
744 1779 859 1858 λευκός
879 1785 936 1846 καί
957 1787 1104 1867 τρέμων,
1134 1785 1172 1845 τό
1198 1779 1294 1862 σῶμα
1318 1775 1494 1853 πελιδνός,
1522 1777 1603 1849 τούς

346 1880 382 1946 δὲ
399 1879 604 1968 ὀφθαλμούς
619 1885 851 1970 ἀναστρέφων,
872 1887 988 1970 ὥσπερ
1002 1881 1041 1962 ἐξ
1055 1886 1212 1970 ἀγχόνης·
1236 1884 1274 1947 δν
1290 1871 1349 1945 αιἰκ
1363 1876 1403 1967 ἦν
1419 1875 1602 1960 διαγνῶναι

345 1983 411 2048 τῶν
427 1982 617 2048 παλλακῶν.
660 1988 774 2050 καίτοι
785 1990 906 2072 χρόνον
920 1989 997 2051 τινά
1013 1992 1181 2067 κατέσχεν,
1205 1989 1251 2062 ὡς
1273 1982 1393 2062 ἀδόκει,
1413 1978 1475 2067 τὴν
1496 1975 1599 2064 ἀρχὴν
1624 2001 1654 2052 1⁵

344 2090 417 2173 είκῇ
440 2093 638 2174 φερομένην,
662 2090 779 2171 ὥσπερ
802 2097 882 2152 ναύν
904 2087 980 2170 δίχα
1001 2091 1213 2175 κυβερνήτου.
1233 2083 1398 2161 πολλάκις
1426 2080 1602 2166 ἀλωμένην

342 2185 509 2276 (δρῶμεν)
535 2188 679 2277 μηδενός
707 2196 905 2271 κατέχοντος
935 2195 971 2254 ἐν
998 2191 1048 2275 τῷ
1070 2189 1211 2273 πελάγει
1231 2190 1316 2252 κατά
1338 2190 1455 2273 τύχην,
1486 2177 1603 2260 εὐδίας

343 2294 546 2377 ἀπεχούσης·
576 2294 696 2356 ἔπειτα
726 2292 840 2377 όλίγος
866 2291 996 2358 κλύδων
1025 2295 1193 2379 ἐπαρθείς
1221 2293 1279 2355 καί
1306 2287 1435 2375 ῥαδίως
1457 2291 1492 2352 ἓν
1513 2295 1601 2368 κῦμα

304 2403 322 2464 7
345 2391 536 2458 ἐπέκλυσεν.
586 2398 643 2460 καί
671 2391 711 2481 δὴ
739 2398 796 2459 καί
824 2399 915 2482 άρμα
938 2395 1023 2461 ίδεῖν
1052 2398 1145 2458 ἔστιν
1172 2387 1308 2470 οὐδενός
1329 2398 1545 2479 ηνιοχούντος
1566 2393 1603 2453 έν

344 2497 449 2578 ἀγῶνι
470 2498 687 2580 ῥεμβόμενον,
711 2499 731 2561 δ
752 2501 845 2583 νίκης
866 2502 927 2580 μέν
942 2492 1001 2562 οὐκ
1016 2501 1058 2562 ἀν
1073 2519 1159 2562 ποτε
1181 2501 1285 2579 τύχοι,
1307 2499 1467 2581 ταράττει
1483 2491 1519 2558 δὲ
1541 2497 1599 2557 καί
1621 2513 1651 2564 ιο

344 2594 515 2662 ἀπόλλυσι
537 2602 595 2662 τόν
618 2601 713 2682 ἐγγύς
736 2598 834 2681 όχλον
855 2609 923 2664 τῶν
944 2602 1091 2665 θεατῶν.

429 2700 505 2763 οὔτε
532 2703 595 2785 γάρ
625 2703 746 2789 ἄφρων
767 2701 928 2784 βασιλεύς
957 2704 1055 2767 ίσται
1083 2709 1184 2781 ποτέ,
1214 2696 1253 2767 οὐ
1281 2699 1408 2784 μᾶλλον
1429 2703 1448 2787 ἢ
1472 2697 1601 2786 τυφλός

343 2803 475 2888 ηγεμὼν
499 2801 580 2866 όόού
600 2797 725 2886 γίνοιτ’
751 2808 802 2884 ἀν,
827 2807 903 2870 οὔτε
925 2804 1058 2884 ἀδικος,
1082 2797 1121 2869 οδ
1142 2804 1269 2886 μᾶλλον
1290 2808 1309 2892 ἢ
1332 2807 1442 2870 κανων
1466 2801 1601 2880 σκολιδς

343 2906 401 2969 καί
421 2907 540 2981 ἀνισος
562 2903 666 2969 ἄλλου
689 2906 942 2993 προσδεόμενος
963 2911 1113 2986 κανόνος,
1138 2909 1213 2971 ούτε
1236 2904 1358 2985 δειλός,
1383 2900 1421 2972 οὐ
1437 2905 1599 2993 μάλλονῆ

345 3004 429 3070 λάων
451 3005 581 3094 ἐλάφου
605 3006 717 3090 λαβὼν
738 3007 850 3097 ψυχὴν
870 3013 891 3097 ἡ
915 3009 1055 3097 σίδηρος
1074 3019 1180 3098 κηρού
1191 3012 1249 3075 καί
1262 3009 1426 3094 μολίβδου
1441 3007 1597 3092 μαλακοί·
1620 3023 1651 3075 2⁵

343 3129 449 3193 τερος.
494 3111 563 3174 τίνι
586 3101 618 3173 δ’
645 3115 862 3198 ἰσχυροτέρας
890 3115 1084 3198 δγκρατείας
1113 3123 1285 3202 προσήκω
1314 3113 1406 3199 ἢτηῑ
1429 3111 1600 3176 πλείστων

343 3213 405 3292 μδν
425 3209 557 3298 ηδονων
580 3216 728 3298 ἐνμέσῳ
753 3211 863 3294 ζῶντι,
886 3213 1032 3280 πλεῖστα
1056 3214 1092 3280 δὲ
1108 3219 1291 3300 πράγματα
1307 3213 1501 3292 διοικοῦντι,
1524 3211 1600 3278 ίλα·

340 3315 460 3400 χίστην
472 3314 509 3378 δέ
523 3311 644 3402 σχολὴν
655 3319 781 3399 όγοντι,
793 3321 879 3405 ύπδρ
891 3321 1058 3403 μεγίστων
1071 3317 1107 3383 δδ
1116 3322 1175 3383 καί
1186 3317 1356 3383 πλείστων
1369 3313 1583 3405 φροντίζοντι
1590 3341 1602 3394 ,·

1554 3463 1599 3474 -uun

427 3537 442 3586 1
461 3523 623 3606 ἀνθρώπου
633 3533 723 3590 om.P
792 3539 926 3604 τοιοῦτος
942 3532 1024 3595 αίνΡ
1108 3535 1355 3610 χαλεπάτσταςΡ
1429 3534 1601 3609 θθρυλλού-

342 3636 430 3687 μενος
445 3617 524 3676 m
592 3625 609 3676 4
625 3621 815 3694 γεγενημένας
832 3621 854 3677 P
922 3627 940 3677 δ
957 3627 1016 3680 τόν
1032 3615 1214 3696 ἀδιεημαῖων
1230 3622 1310 3681 Bm]
1327 3639 1363 3680 m.
1380 3639 1423 3694 pr.
1506 3626 1537 3676 10
1554 3640 1601 3692 γυ

344 3705 509 3778 ναικσνίτην
525 3708 650 3766 καθίστο
669 3706 694 3765 U
711 3723 747 3762 m.
764 3723 807 3779 pr.
876 3711 989 3782 κλείνης
1005 3709 1036 3765 Μ
1088 3703 1230 3782 α’νσβάδιν
1247 3709 1273 3767 U
1290 3725 1325 3764 m.
1342 3725 1385 3779 pr.
1449 3702 1599 3781 ἁλουργίσι

343 3788 365 3844 Ρ
383 3781 546 3863 ἀλαυργεῑσι
564 3791 595 3846 Μ
666 3798 693 3847 11
714 3789 811 3860 άδονις
829 3794 853 3851 U
871 3811 906 3850 m.
924 3810 966 3863 pr.
1023 3799 1052 3850 12
1069 3786 1253 3853 ἀποκλείνανν
1270 3793 1301 3848 Μ
1316 3789 1483 3854 ἀποκλίνων
1499 3792 1548 3849 ΡΗ

345 3877 377 3929 13
394 3867 500 3948 ἀργίας
515 3881 536 3942 (ι
553 3893 571 3934 κ
588 3881 668 3946 συντ.)
684 3879 711 3936 U
760 3878 891 3936 fortune:
908 3873 967 3938 δνιδ
986 3880 1016 3938 δὲ
1033 3873 1137 3952 ἀργίας
1153 3884 1202 3938 καί
1219 3885 1303 3948 σκιᾶς
1317 3875 1352 3939 τδ
1367 3883 1451 3949 σῶμα
1469 3875 1602 3947 πελιδνὸς

342 3963 392 4018 καί
409 3961 531 4033 τρέμων.
560 3965 734 4034 nequeenim
752 3969 781 4021 ot
797 3965 877 4022 albu·
895 3965 1016 4022 coloret
1032 3965 1149 4035 pallidus
1167 3965 1311 4022 memonri
1327 3965 1417 4036 potuit
1521 3969 1552 4020 u
1569 3964 1601 4022 δὲ

343 4062 397 4102 om.
415 4046 466 4102 PH
555 4054 586 4105 16
603 4055 743 4109 μαλακῶν
759 4051 786 4107 Η
873 4055 905 4107 16
922 4042 1023 4125 ἀίσκερ
1040 4055 1091 4109 νῦν
1107 4051 1132 4108 U
1149 4067 1184 4106 m.
1202 4066 1243 4121 pr.
1317 4053 1346 4104 11
1367 4043 1484 4124 δρῶμεν
1499 4049 1601 4116 ιόόίόί,

343 4131 381 4188 τί.
398 4131 469 4190 ίδεϊν
485 4128 563 4192 ἔστιν
579 4135 598 4191 Ι.
619 4140 649 4191 19
739 4130 890 4205 εδδείαςΒ
985 4141 1017 4193 19
1035 4135 1212 4195 bama?
1298 4139 1332 4189 2⁰
1349 4133 1430 4207 τύχοι
1447 4134 1470 4190 Ρ
1488 4130 1558 4208 τύχη
1574 4133 1602 4189 Η

344 4217 414 4290 τύχη
431 4218 512 4275 UBM
591 4219 712 4295 πράττει
730 4224 760 4282 δὲ
776 4227 840 4288 (om.
858 4223 956 4290 καί)Ρ
1057 4227 1090 4278 21
1110 4221 1246 4296 θεάτρων
1263 4219 1312 4275 ΡΗ
1414 4223 1448 4276 28
1466 4215 1533 4280 οδδδ
1549 4235 1601 4291 pro

345 4297 454 4364 δδοῦΡ
524 4311 557 4362 24
573 4311 623 4364 καί
639 4323 692 4367 om.
709 4308 759 4364 ΡΗ
775 4325 811 4366 m.
828 4326 872 4381 pr.
958 4313 991 4364 λδ
1009 4305 1155 4383 μολύβδου
1172 4308 1195 4364 Β
1212 4303 1384 4381 μολύβονΰ
1459 4309 1493 4361 26
1511 4325 1603 4381 προσ-

342 4393 412 4460 ῆκεν
427 4391 499 4458 libri,
518 4408 587 4451 σοιν.
605 4394 685 4465 Emp.
777 4399 810 4450 28
828 4396 858 4454 δὲ
873 4398 1020 4469 μεγίστων
1037 4395 1101 4464 thoe
1118 4395 1188 4462 σεδ.)
1205 4393 1249 4450 1³11
