3476 5264
344 385 406 446 272
717 383 842 442 motus
859 383 911 440 DE
928 383 1025 440 PAcE
1042 384 1093 442 ΕΤ
1111 383 1234 442 nmo

344 559 458 648 άληθη·
482 562 661 647 ῥητορικήν
683 591 725 606 ·-
744 558 828 643 λέγω
853 557 889 623 δέ
913 560 986 624 οἷον
1009 562 1090 644 περί
1111 581 1148 624 τε
1171 562 1303 646 ἀγωγῆς
1324 568 1392 624 τῶν
1414 567 1499 626 νέων
1523 581 1609 646 συμ-

342 662 562 747 βουλεύοντες
581 665 638 727 καί
660 664 936 744 νομοθετοῦντες,
960 664 1077 746 ὥσπερ
1093 665 1128 726 έν
1144 659 1381 744 Λακεδαίμονι
1395 668 1608 753 Λυκοῦργος,

342 769 399 831 καί
421 769 502 852 περί
523 775 583 853 τῆς
605 769 767 852 ἐρωτικῆς
791 763 927 847 ὁμιλίας
949 767 1006 829 καί
1029 767 1110 851 περί
1128 769 1310 853 χρημάτων
1332 769 1499 853 κτήσεως,
1522 772 1608 856 ῦσην

342 892 378 934 τε
400 873 457 933 καί
478 873 574 946 ὅπως
596 866 654 933 δεῖ
671 870 873 946 ποιεῖσθαι,
902 871 959 932 καί
985 871 1067 949 περί
1093 872 1202 952 χάμου
1231 871 1288 933 καί
1315 872 1398 956 περί
1423 873 1609 948 κοινωνίας

341 976 398 1036 καί
419 975 500 1057 περί
521 974 731 1054 νομίσματος
758 974 815 1036 καί
843 973 924 1057 περί
944 980 1045 1058 τιμης
1072 973 1130 1034 καί
1158 972 1297 1053 ἀτιμίας
1317 974 1375 1036 καί
1397 975 1478 1058 περί
1499 973 1604 1038 οἴκων
1627 987 1644 1036 ο

341 1084 557 1162 κατασκευῆς,
573 1069 665 1158 <καί>
680 1077 809 1160 πότερα
823 1078 885 1162 χρὴ
902 1079 1152 1160 τετειχισμένην
1168 1077 1273 1138 οίκεῖν
1289 1072 1391 1138 πόλιν
1406 1076 1426 1161 ἢ
1441 1077 1606 1162 καθάπερ

344 1179 362 1240 δ
384 1179 469 1253 θεὸς
492 1175 663 1263 παρῄνεσε
686 1176 989 1258 Λακεδαιμονίοις,
1012 1178 1220 1257 ἀτείχιστον,
1248 1179 1305 1241 καί
1327 1179 1409 1262 περί
1430 1179 1608 1265 ἀσκήσεως

342 1288 409 1345 τῶν
443 1278 636 1362 πολεμικῶν
663 1282 721 1344 καί
748 1277 876 1358 τάξεως
905 1281 944 1343 οδ
971 1283 1076 1361 μόνον
1103 1277 1297 1366 ὁπλιτικῆς,
1328 1277 1414 1344 ἀλλά
1442 1284 1499 1345 καί
1527 1285 1606 1348 οίον

338 1375 611 1465 Ἐπαμεινώνδας
633 1385 741 1467 εὑρεῖν
765 1380 913 1465 λέγεται,
943 1385 1023 1459 τοδς
1050 1383 1197 1468 ἐραστάς
1224 1384 1309 1464 μετά
1335 1390 1404 1446 τῶν
1426 1385 1606 1468 ἐρωμένων

341 1483 456 1564 τάξας,
480 1487 535 1549 ίνα
560 1481 722 1570 σῴζοιντο
737 1482 866 1567 μᾶλλον
880 1487 938 1549 καί
951 1488 1118 1570 μάρτυρες
1134 1483 1219 1548 ὦσιν
1234 1482 1394 1571 ἀλληλοις
1408 1495 1468 1573 τῆς
1483 1487 1608 1574 άρετης
1633 1499 1726 1556 lowel

342 1591 398 1651 καί
420 1597 480 1675 τῆς
500 1590 635 1664 κακίας·
663 1590 720 1651 καί
748 1591 806 1650 τὸν
837 1586 934 1668 λόχον
956 1595 1075 1651 τοῦτον
1105 1589 1195 1672 ίερδν
1217 1589 1502 1669 ἐπονομασθέντα
1524 1611 1605 1674 κρα-

342 1699 445 1777 τῆσαι
460 1689 746 1771 Λακεδαιμονίων
762 1698 804 1776 τῇ
818 1685 935 1774 (περὶ)
949 1694 1109 1774 Λεῦκτρα
1124 1692 1223 1776 μάχη,
1242 1687 1445 1772 ξυμπάντων
1462 1693 1606 1770 ἐκείνοις

301 1797 321 1860 3
344 1797 519 1874 ἑπομένων
542 1801 609 1856 τῶν
620 1783 800 1878 Ἑλλήνων·
823 1795 862 1854 τά
879 1789 915 1855 δέ
932 1790 971 1878 δη
987 1789 1186 1880 κεφάλαιον,
1207 1795 1264 1856 καί
1279 1789 1445 1869 πολλάκις
1459 1792 1606 1871 πολλοῖς

341 1900 558 1980 παρέπιπτε,
586 1896 726 1980 περίτι
748 1896 883 1980 είρηνης
911 1897 969 1959 καί
991 1891 1161 1976 πολέμου,
1191 1895 1212 1958 δ
1233 1903 1289 1958 νῦν
1311 1899 1466 1979 τυγχάνει
1488 1892 1605 1982 ζητοά-
1725 1941 1726 2008 η

339 2018 450 2078 μενον.
495 2005 563 2061 πάν
586 1994 623 2061 δὲ
644 1999 683 2060 τά
706 2005 862 2060 τοιοῦτον
883 2003 979 2080 γένος
1002 1998 1096 2080 παρά
1118 2003 1192 2074 τοῖς
1216 1995 1425 2085 φιλοσόφοις
1444 1996 1600 2063 καλεῖται
1625 2011 1657 2063 15

342 2102 422 2184 περί
443 2109 506 2163 τοῦ
527 2103 769 2187 προσήκοντος,
794 2100 868 2164 οἷον
891 2102 922 2163 εί
943 2106 1121 2188 γαμητέον,
1144 2103 1175 2164 εί
1198 2097 1427 2179 πολιτευτέον,
1451 2103 1482 2165 εί
1503 2102 1603 2183 βασι-

343 2201 416 2288 λείᾳ
436 2209 601 2290 χρηστέον
628 2205 649 2290 ἢ
680 2201 889 2291 δημοκρατίᾳ
918 2205 938 2290 ἢ
968 2201 1052 2290 άλλη
1082 2206 1150 2268 τινί
1177 2207 1385 2268 καταστάσει
1407 2201 1604 2280 πολιτείας·

340 2309 376 2371 έν
400 2306 452 2383 οίς
474 2309 549 2372 ἐστι
570 2310 627 2371 καί
649 2315 759 2385 τοῦτο,
782 2310 860 2390 ἐμοί
882 2304 1009 2386 δοκεῖν,
1033 2309 1065 2370 εί
1087 2305 1307 2392 πολεμητέον.
1353 2308 1391 2371 οδ
1412 2307 1475 2392 χάρ
1497 2309 1604 2388 μόνον
1614 2320 1726 2371 (sunm

340 2406 460 2485 ἁπλῶς
483 2411 518 2472 ol
541 2407 732 2496 φιλόσοφοι
754 2405 892 2495 ζητοῦσι
915 2411 996 2490 περί
1016 2411 1156 2488 τούτων,
1179 2406 1265 2472 άλλά
1288 2411 1413 2495 πηνίκα
1434 2411 1492 2472 καί
1514 2410 1604 2493 πρὸς

339 2512 434 2586 τίνας
457 2513 514 2574 καί
535 2513 627 2588 τίνος
651 2513 842 2593 συμβάντος
864 2513 883 2597 ἢ
906 2514 951 2598 με)
977 2513 1167 2593 συμβάντος
1194 2516 1318 2575 ἕκαστα
1340 2515 1469 2574 τούτων
1491 2531 1598 2596 πρακ-
1622 2519 1655 2571 ⁴2)

339 2617 426 2674 τέον.
465 2608 623 2699 διαφέρει
639 2610 675 2676 δέ
691 2621 863 2691 τοσοῦτον,
887 2616 942 2676 ὅτι
965 2614 1003 2675 οί
1020 2633 1057 2697 χε
1079 2616 1220 2700 ῥήτορες
1242 2617 1302 2678 έπί
1323 2610 1429 2678 τῶνδε
1451 2614 1471 2698 ἢ
1495 2609 1602 2676 τῶνδε

342 2721 539 2793 σκοποῦσιν,
563 2715 637 2778 οίον
660 2716 692 2778 εί
715 2721 882 2801 συμφέρει
906 2713 1069 2797 πολεμεῖν
1087 2706 1290 2803 Ἀθηναίοις
1313 2718 1401 2802 πρὸς
1422 2713 1602 2779 Πελοπον-

339 2816 479 2901 νησίους
499 2817 519 2901 ἢ
536 2818 681 2904 βοηθεῖν
703 2819 930 2902 Κερκυραίοις
952 2821 1040 2900 πρὸς
1055 2820 1267 2904 Κορινθίους
1289 2821 1308 2906 ἢ
1327 2815 1494 2901 Φιλίππῳ
1520 2835 1602 2898 συμ-

338 2927 491 3004 μαχῆσαι
521 2919 688 3005 Θηβαίοις
721 2922 782 2984 ίπί
811 2922 954 2996 Φωκέας
981 2921 1001 3006 ἢ
1027 2912 1236 3006 Ἀλεξάνδρῳ
1273 2918 1433 3007 διαβῆναι
1461 2922 1511 2996 είς
1540 2923 1602 3006 τὴν

298 3011 466 3085 4Ἀσίαν.
517 3023 553 3084 έν
581 3023 643 3104 γάρ
672 3025 813 3098 τούτοις
846 3025 1000 3098 άπάσαις
1027 3028 1104 3100 ταῖς
1134 3019 1274 3105 βουλαῖς
1303 3025 1362 3104 οάχ
1389 3027 1509 3110 ἥκιστα
1539 3025 1598 3103 ἐμ·
1621 3033 1654 3084 2⁵

339 3125 464 3187 πίπτει
491 3127 549 3188 καί
575 3127 615 3188 τδ
638 3133 811 3204 τοιοῦτον,
841 3126 873 3188 εί
904 3121 1036 3188 δίκαιον
1058 3131 1131 3201 τοῖς
1152 3129 1197 3213 μή
1222 3123 1476 3214 προαδικήσασι
1498 3123 1600 3190 πολε·

337 3231 429 3306 μεῖν·
447 3228 479 3289 εί
491 3227 696 3313 συμβέβηκεν
709 3224 857 3313 ἀδίκημα
870 3228 965 3312 παρά
981 3231 1110 3291 τούτων
1126 3228 1178 3305 οίς
1194 3225 1411 3293 διανοοῦνται
1426 3225 1600 3310 πολεμεῖν,

339 3326 481 3413 πηλίκον
510 3351 545 3394 τι
573 3338 673 3393 τοῦτο
701 3325 778 3412 <τὸ>
808 3331 1024 3414 συμβεβηκός.
1080 3333 1114 3394 οί
1141 3328 1332 3418 φιλόσοφοι
1354 3329 1391 3395 δέ
1414 3331 1601 3416 πόρρωθεν

337 3430 380 3491 τά
410 3433 592 3515 πράγματα
622 3434 766 3518 δρῶσιν,
794 3425 854 3496 ἐπ’
888 3435 997 3497 αὐτῶν
1019 3429 1230 3512 ἐξετάζοντες
1259 3426 1355 3497 ὁποῖ’
1380 3436 1465 3496 ἅττα
1495 3434 1599 3501 ἐστίν.

338 3529 427 3596 πολὺ
449 3535 512 3619 γάρ
534 3539 686 3621 κρεῖττον
708 3539 747 3600 τὸ
769 3533 1020 3619 βεβουλεῦσθαι
1036 3538 1116 3621 περί
1130 3537 1292 3600 ἁπάντων
1307 3539 1343 3600 ἐκ
1358 3533 1518 3611 πλείονος
1539 3537 1598 3598 καί
1620 3544 1654 3598 ³⁰

338 3631 561 3718 διεγνωκότας
575 3637 717 3704 ἐπειδάν
732 3641 793 3724 ἥκῃ
810 3642 904 3716 τινάς
916 3642 1115 3724 πράγματος
1129 3642 1257 3724 καιρός,
1274 3641 1396 3715 αὐτούς
1410 3660 1448 3702 τε
1462 3635 1600 3714 εἰδότας

425 3891 438 3942 1
458 3881 524 3945 οίον
540 3908 572 3946 τε
589 3889 619 3944 Μ
707 3885 954 3964 συμβουλεύοντες
972 3893 1000 3946 εί
1016 3905 1081 3946 mox
1098 3893 1329 3960 munimime
1346 3889 1455 3959 scripsi,
1472 3893 1598 3962 ουμβου·

335 3967 474 4040 λεδοντας
492 4003 526 4014 -
544 3979 779 4046 νομοθετοῦντας
796 3975 874 4046 libr13
892 3980 970 4046 patet
980 3975 1049 4032 haec
1060 3975 1145 4031 verbs
1156 3981 1219 4045 post
1230 3975 1405 4046 parenthesin
1422 3973 1516 4030 iteruri
1533 3972 1599 4040 quia

334 4058 471 4114 sententia
488 4061 646 4129 parenthesi
662 4061 818 4132 interruptn
836 4062 1021 4118 continuatur.
1127 4065 1209 4119 5καί
1226 4063 1292 4134 περὶ
1309 4064 1391 4133 τιμῆς
1407 4060 1432 4114 Β
1448 4063 1498 4118 καί
1515 4062 1599 4130 τιμῆς

335 4141 461 4217 Πτιμῆς
479 4143 510 4197 Μ
595 4150 678 4204 onai
695 4146 757 4202 εδδ.
776 4147 857 4216 Emp.
944 4147 1127 4216 8noieuimv
1142 4145 1213 4213 libri,
1232 4161 1303 4203 εοττ.
1321 4146 1403 4216 Emp.
1488 4147 1597 4202 πολιτι-

335 4231 387 4301 κῆς
404 4230 434 4285 Μ
538 4233 554 4285 9
571 4228 771 4302 έπαμινάνοας
787 4233 811 4288 Β
916 4235 946 4286 11
966 4226 1191 4301 ἐπονομάσαντα
1208 4230 1281 4298 libri,
1299 4245 1370 4288 corr.
1388 4230 1518 4287 Roianus

338 4317 369 4368 12
387 4306 533 4390 Δεδκτραι
550 4315 576 4373 U
593 4309 728 4390 Λεδκτρα
746 4317 809 4386 ΒΜ,
827 4320 895 4390 περί
911 4316 974 4373 εδδ
992 4316 1073 4387 Emp.
1162 4321 1191 4372 14
1210 4315 1391 4390 παρέπιπτεν
1408 4317 1453 4386 Μς
1471 4323 1598 4388 παραπῖ-

334 4417 411 4456 πτον
428 4399 538 4457 (ieelim
556 4401 735 4473 probabiliter
817 4407 849 4458 16
866 4403 1001 4479 βασιλείᾳ
1019 4401 1156 4472 Βείελιίοι,
1173 4405 1290 4476 βασιλεῖ
1305 4399 1369 4456 libri
1454 4401 1596 4457 κοτίνων

331 4479 506 4557 συμβάντων
522 4481 542 4556 ἢ
557 4481 596 4559 μὴ
618 4481 793 4557 συμβάντων
810 4486 834 4543 U
936 4483 1009 4560 ἢμη
1032 4485 1198 4562 συμβάντος
1220 4501 1273 4543 σοι.
1292 4487 1323 4542 Μ
1426 4489 1459 4541 28
1477 4479 1512 4542 τὸ
1531 4483 1595 4540 εδδ.

334 4561 440 4634 Ρίίιιςίι.
510 4573 544 4626 ³0
561 4563 619 4642 γὰρ
636 4582 688 4624 om.
706 4569 737 4624 Μ
805 4570 926 4636 πλίονος
942 4570 974 4625 Μ
