3476 5264
309 323 375 387 τοι
752 303 1122 381 monrsnnsncnssn

307 499 464 584 τυραννίς
485 499 553 562 ύπδ
577 497 736 584 ῥᾳθύμου
752 500 860 561 τεκαὶ
875 501 1003 583 τρόπον
1018 501 1095 563 τινά
1110 501 1164 564 ἀεί
1177 503 1391 586 κοιμωμένης
1413 498 1565 579 διανοίας

305 602 534 688 θηρεύεσθαι,
558 597 643 662 ἀλλά
666 601 863 663 τούναντίον
884 603 953 664 ύπό
977 599 1132 687 δριμείας
1153 622 1190 666 τε
1204 603 1261 665 καὶ
1275 603 1447 688 ἀγρύπνου
1465 625 1564 692 ῳρον·

304 701 417 779 τίδος·
447 700 602 766 δαπάναι
631 700 666 765 δὲ
689 703 746 765 καλ
768 703 891 787 ἔρωτες
912 704 969 766 καλ
990 705 1149 766 τοιαῦταί
1174 726 1264 782 τινες
1286 702 1459 792 διατριβαὶ
1479 703 1562 769 πολ-

255 812 295 876 19
308 803 381 882 λοῖς
402 803 466 892 ήδη
490 802 656 881 πολλάκις
684 805 893 892 ἀπήντησαν.
946 806 1019 869 οίον
1046 804 1085 893 δή
1112 809 1177 890 ἐγὼ
1209 807 1307 889 οἶμαι
1334 810 1393 871 τόν
1412 801 1508 888 Ἀλέξ
1550 841 1563 853 -

305 905 395 994 δρον,
418 911 465 984 ὡς
487 910 643 992 ἐτύγχανε
667 905 788 995 σχολήν
811 911 901 992 άγων
923 911 958 972 εν
980 917 1022 995 τῇ
1037 899 1105 995 Ἴδη
1130 911 1272 996 περὶτὰ
1294 908 1465 992 βουκόλια,
1491 927 1598 977 τοι-ε

305 1013 409 1097 αύτης
436 1011 570 1087 ἐννοίας
597 1012 654 1074 καλ
681 1011 873 1092 ἐπιθυμίας
902 1009 993 1094 αύτῳ
1022 1017 1202 1097 γενομένης
1231 1015 1279 1088 ὡς
1307 1015 1374 1098 ἀρα
1404 1009 1565 1095 εόόαιμόν

305 1135 342 1178 τε
363 1115 421 1177 καλ
442 1116 608 1198 μακάριον
630 1116 669 1176 τό
691 1115 753 1199 τήν
777 1121 900 1176 πασῶν
920 1110 1103 1200 καλλίστην
1124 1119 1263 1198 γυναῖκα
1286 1115 1384 1195 ἔχειν,
1409 1117 1466 1179 καί
1489 1116 1564 1178 τότε

302 1213 462 1298 βασιλεία
484 1218 607 1279 τούτου
630 1213 727 1293 ἀξιον
750 1224 812 1278 του·
837 1219 1009 1302 χρήματος
1038 1217 1115 1279 οότε
1145 1213 1293 1293 πλοῦτος
1322 1219 1398 1281 οότε
1426 1223 1661 1303 κρατεῖνιῳτιι)

303 1322 494 1401 μαχόμενον
516 1320 678 1381 ἁπάντων
702 1318 916 1404 ἀνθρώπων,
944 1320 1030 1399 μετά
1053 1326 1159 1382 ταῦτα
1181 1317 1244 1405 ἤδη
1270 1318 1490 1383 διανοεῖσθαι
1512 1321 1565 1395 τίς
1731 1401 1732 1408 ¹

302 1443 340 1485 τε
363 1419 402 1508 δή
425 1423 483 1485 καὶ
504 1422 598 1507 παρά
621 1423 712 1485 τίσιν
734 1426 753 1508 ή
777 1423 917 1502 τοιαύτη
932 1425 1011 1508 γυνή
1027 1423 1084 1485 καλ
1099 1423 1212 1484 πόθεν
1234 1424 1275 1485 άν
1291 1421 1382 1506 αύτῷ
1405 1430 1562 1499 τοιοῦτος
1583 1437 1613 1489 1⁰
1731 1409 1732 1414 ἵ

251 1527 293 1592 20
304 1521 456 1610 ὑπάρξαι
483 1525 607 1606 γάμος·
635 1524 691 1586 καλ
713 1519 753 1609 δή
783 1523 846 1599 τάς
866 1525 928 1604 μὲν
956 1526 992 1586 έν
1010 1515 1096 1606 Ἰλίῳ
1127 1527 1262 1612 νύμφας
1289 1528 1346 1588 καὶ
1368 1526 1566 1611 παρθένους

87 1693 101 1702 ‚
187 1657 194 1664 ·
306 1627 366 1688 άτε
389 1627 551 1710 τύραννος
574 1627 621 1687 ὢν
643 1620 783 1710 ήτίμαζε
811 1627 869 1689 καί
898 1617 1064 1708 οάκῳέτο
1094 1623 1193 1704 ἀξίας
1221 1633 1348 1709 τυχεῖν,
1378 1630 1506 1709 δμοίως
1528 1625 1565 1690 δὲ

302 1729 359 1791 καλ
390 1727 453 1802 τάς
485 1725 613 1790 Λυδῶν
646 1748 682 1790 τε
714 1729 772 1790 καί
805 1730 946 1812 Φρυγῶν
979 1730 1041 1804 τάς
1070 1750 1106 1793 τε
1134 1731 1170 1792 εν
1197 1731 1325 1813 Λέσβῳ
1354 1732 1412 1793 καί
1439 1730 1501 1805 τὰς
1530 1733 1565 1793 έν

303 1830 426 1913 Μυσίᾳ
447 1835 606 1912 γυναῖκας
624 1831 812 1915 ὑπερεώρα.
850 1832 1110 1912 πυνθανόμενος
1126 1828 1162 1895 δδ
1178 1833 1214 1895 όν
1228 1835 1368 1918 Σπάρτη
1384 1834 1461 1896 τινά
1477 1832 1566 1897 εἶναι

300 1933 388 2008 Διὸς
411 1929 590 2018 λεγομένην
611 1933 802 2018 θυγατέρα,
837 1929 999 2016 Μενελάῳ
1030 1941 1266 2013 συνοικοῦσαν,
1300 1933 1398 2020 ἀνδρὶ
1424 1933 1566 2017 βασιλεῖ
1582 1947 1612 2000 15

303 2036 361 2098 καλ
382 2031 553 2116 βασιλέως
575 2031 713 2122 ἀδελῳῳ
735 2043 796 2122 τῆς
819 2032 998 2122 ξυμπάσης
1017 2027 1190 2115 Ἑλλάδος,
1213 2038 1253 2122 ήν
1278 2039 1506 2124 ἐμνήστευσάν
1528 2062 1565 2104 τε

304 2140 362 2201 καί
384 2139 556 2202 ἔσπευσαν
581 2135 695 2220 λαβεῖν
718 2135 828 2202 πολλά
852 2136 931 2202 όδνα
953 2141 1011 2203 καί
1033 2136 1125 2224 δῶρα
1150 2137 1301 2216 διδόντες
1324 2142 1359 2203 ol
1374 2144 1509 2226 πρῶτοί
1529 2163 1565 2206 τε

303 2242 362 2306 καλ
389 2243 489 2327 ἀκροι
516 2233 784 2327 τῶνἙλλήνων·
819 2242 877 2304 καὶ
912 2239 951 2329 δή
979 2244 1038 2306 καλ
1073 2239 1232 2330 ἀδελφῶν
1262 2244 1404 2325 ἀγαθῶν
1433 2241 1565 2328 έλέγετο

304 2342 395 2408 εἶναι
415 2341 651 2420 Πολυδεύκους
677 2346 734 2406 καί
755 2345 953 2429 Κάστορος,
981 2345 1068 2420 Διὸς
1096 2347 1179 2407 υἱῶν
1207 2351 1410 2428 γενομένων·
1439 2347 1566 2410 ἐπεθύ-

249 2446 289 2510 21
303 2463 410 2532 μησεν
440 2445 530 2529 αύτῷ
558 2449 682 2530 ταύτην
709 2447 875 2528 γενέσθαι
908 2448 968 2532 τήν
1000 2451 1150 2528 γυναῖκα.
1205 2444 1317 2524 άλλως
1344 2452 1406 2530 μὲν
1436 2449 1494 2513 οόν
1522 2451 1560 2512 ού
1583 2459 1615 2510 20

304 2551 394 2611 πάνυ
415 2569 451 2611 τι
472 2553 585 2635 ήγεῖτο
609 2545 768 2624 δυνατόν,
791 2551 823 2610 εί
846 2545 882 2610 δὲ
904 2548 990 2623 θεός
1012 2567 1065 2623 τις
1086 2549 1274 2629 ὑπόσχοιτο
1296 2552 1353 2614 καλ
1376 2550 1463 2638 δοίη,
1486 2543 1563 2632 τάχ’

303 2652 344 2713 όν
366 2651 531 2732 γενέσθαι
551 2651 590 2712 τό
612 2656 777 2712 τοιοῦτον.
821 2650 878 2712 καλ
899 2650 976 2711 τίνα
999 2646 1038 2735 δή
1062 2644 1148 2711 θεὸν
1170 2646 1276 2734 ἀλλην
1298 2655 1388 2728 εἰκός
1410 2654 1472 2728 τάς
1494 2674 1566 2717 τοι·

304 2754 409 2828 αύτας
428 2747 635 2837 χαρίζεσθαι
652 2753 796 2836 χάριτας
819 2739 840 2836 ἢ
862 2753 922 2837 τήν
943 2753 1132 2835 κρατοῦσάν
1154 2772 1191 2815 τε
1219 2755 1276 2816 καί
1306 2756 1475 2838 ἄρχουσαν
1496 2763 1566 2818 τῶν

305 2856 386 2939 περὶ
407 2855 487 2930 τούς
508 2855 636 2936 γάμους
665 2873 701 2916 τε
729 2855 787 2917 καί
815 2853 963 2937 όρωτας,·
991 2853 1110 2916 ούκουν
1137 2855 1266 2940 ἐκείνης
1295 2853 1456 2941 διδούσης
1485 2855 1565 2920 ἀδύ-
1731 2803 1732 2896 λ

304 2977 406 3022 νατον
428 2961 541 3044 ήγεῖτο
564 2958 623 3018 τόν
644 2957 762 3038 γάμον.
814 2963 889 3031 πῶς
911 2956 952 3018 ἀν
975 2955 1033 3018 οδν
1055 2956 1183 3041 ἐκείνην
1206 2959 1328 3021 πείσαι
1346 2960 1564 3044 χαρίσασθαι
1585 2957 1708 3062 ffissffiss

305 3049 327 3146 ἢ
351 3062 382 3124 εί
404 3055 536 3145 τρόπον
558 3059 634 3121 τινὰ
657 3059 805 3141 γίγνοιτο
830 3059 931 3133 αὐτὸς
953 3055 1151 3146 προσφιλής
1178 3067 1220 3145 τῇ
1248 3060 1323 3144 θεῷ
1350 3064 1407 3124 καί
1436 3059 1565 3147 δωρεάν

303 3183 380 3227 τινα
402 3165 460 3226 καί
478 3164 578 3246 χάριν
601 3158 774 3237 δεδωκώς,·
796 3152 874 3222 ἀλλ’
901 3162 978 3223 οότε
989 3163 1171 3246 χρημάτων
1187 3162 1290 3248 αύιήν
1304 3165 1477 3247 τυγχάνειν
1492 3161 1565 3228 δεο-

303 3269 422 3351 μένην,
452 3266 512 3326 άτε
531 3271 657 3350 χρυσῆν
688 3263 791 3325 οδσαν
819 3265 876 3326 καί
899 3266 1011 3326 πάντα
1030 3266 1186 3349 χρήματα
1209 3261 1329 3341 άπλῶς
1354 3271 1564 3352 κεκτημένην,

304 3367 381 3431 οὔτε
403 3367 554 3429 θυσιῶν·
585 3369 717 3442 πάντας
744 3367 807 3451 γάρ
835 3367 920 3452 αύιή
943 3373 1118 3446 πανταχοῦ
1145 3367 1264 3430 θύειν·
1293 3367 1369 3430 οὔτε
1391 3365 1475 3453 άλλη
1498 3369 1566 3431 τινί

304 3467 422 3554 δμιλίᾳ
443 3470 500 3532 καλ
522 3466 637 3556 δεήσει
657 3466 786 3556 ῥᾳδίως
808 3471 1002 3533 ὑπακούσαι
1024 3473 1080 3533 όν·
1104 3460 1181 3532 ἀλλ’
1206 3471 1238 3532 εί
1261 3467 1303 3532 ού
1321 3466 1471 3551 μάλιστα
1486 3471 1561 3532 όπι-
1583 3481 1614 3535 ³⁰

394 3734 587 3813 ύέτύγχανον
603 3739 633 3794 Μ
703 3735 874 3810 ύεύόαῖμόν
889 3759 923 3798 τε
940 3737 989 3795 UB
1063 3737 1514 3812 2οίςόέόή122τί,οοπ.Ειαρ.

309 3832 338 3882 1¹
359 3820 430 3901 ἡλίῳ
448 3824 479 3878 Μ
564 3844 692 3900 παρνους
708 3824 823 3893 (εἰδήΰ
914 3827 945 3880 12
962 3825 1067 3880 ιοιύίωε
1091 3818 1174 3892 ἀξίας
1197 3817 1323 3894 (abror)
1339 3834 1433 3896 τυχεῖν
1453 3823 1566 3894 „dignu

306 3925 377 3982 qnae
393 3909 483 3980 iprum
502 3911 748 3968 nanciscerentur!
782 3909 912 3967 Rer'rkiur
929 3907 1033 3968 ἑαυτοῦ
1050 3909 1215 3978 corrutione
1231 3909 1353 3980 suppleri
1368 3911 1458 3980 ἰαύεις
1477 3908 1567 3982 τυχὸν

306 3994 470 4052 Ηεετειόευ
541 4001 573 4050 ¹4
590 3989 647 4068 γὰρ
664 4011 715 4065 pro
732 3995 762 4054 όὲ
779 3995 809 4050 Μ
898 3999 929 4050 ¹6
946 3991 1135 4067 ἐμνήστευσάν
1151 3993 1228 4052 τεῦ
1317 3999 1348 4051 18
1365 3989 1486 4069 ἀγαθῶν
1502 3998 1566 4065 port

307 4077 381 4140 εἶναι
392 4080 548 4150 transponit
559 4080 600 4149 λίς
618 4084 686 4151 puto
698 4081 871 4138 scribendum
882 4094 956 4136 esre:
974 4083 1024 4137 καί
1041 4075 1075 4152 δή
1088 4082 1138 4136 καί
1154 4071 1261 4152 ἀδελφή
1280 4073 1427 4155 (ἀνδρῶν)
1444 4075 1566 4154 ἀγαθῶν

310 4165 443 4240 ἐλέγετος
459 4159 566 4239 ἀδελφή
586 4172 651 4222 anto
667 4182 710 4222 me
727 4165 859 4236 flagitarit
875 4165 994 4221 cobetur
1012 4165 1042 4220 0.
1061 4165 1106 4220 cr.
1123 4181 1152 4234 p.
1166 4169 1199 4219 6⁹
1285 4169 1315 4220 21
1336 4163 1394 4243 δῴη
1409 4165 1478 4232 ΒΜ,
1495 4165 1567 4222 idem

306 4251 361 4307 fuit
377 4252 449 4308 ΜΠ
502 4255 535 4307 22
551 4254 602 4308 καὶ
617 4267 671 4308 om.
684 4251 715 4308 Μ
766 4256 799 4307 24
817 4247 923 4310 ούκουν
939 4251 1046 4322 scripsi,
1064 4245 1170 4308 οὐκοῦν
1181 4249 1260 4320 vulgo
1312 4254 1346 4306 28
1362 4253 1488 4322 γείνοιτο
1501 4249 1532 4306 Μ

307 4341 359 4409 τῆς
375 4352 426 4407 pro
444 4339 481 4410 τῇ
497 4336 529 4392 Μ
601 4339 632 4390 22
650 4331 737 4411 χάριν
752 4335 816 4395 τινά
833 4339 883 4393 καὶ
900 4329 1010 4409 δωρεὰν
1026 4335 1089 4402 (hoc
1107 4335 1175 4402 ord.)
1192 4333 1216 4390 U
1290 4339 1323 4390 28
1340 4329 1440 4401 ἅπλῶς
1455 4350 1567 4406 suspec-

307 4426 380 4492 tum3
404 4437 467 4478 num
484 4421 658 4495 κεκτημένην
674 4438 729 4478 non
746 4425 839 4493 potest
856 4421 997 4492 coniungl3
1019 4425 1051 4477 nt
1068 4434 1160 4476 rocem
1178 4411 1272 4478 πάντα
1284 4425 1402 4489 angeret,
1420 4424 1484 4474 ante
1499 4417 1566 4494 χρή-

306 4526 386 4577 ματα
405 4507 637 4576 transponendum
655 4512 728 4564 erret
796 4512 828 4564 ³0
846 4500 910 4566 ἀλλ’
931 4502 1012 4574 ἢΙΙΒ
1079 4503 1213 4576 ἐπιθυμεῖ
1229 4502 1335 4574 scripsi,
1351 4501 1489 4574 έκεύύμει
1505 4505 1568 4562 llbn'
