3476 5264
345 365 408 425 250
628 363 753 421 nloms
770 364 822 420 DE
839 362 994 421 1³10on
1012 363 1318 422 mammona

346 536 523 626 πορίζοιτο
546 542 622 623 βίον
644 533 751 626 [ἴσως]
773 529 833 619 οὐχ
849 539 977 619 δμοίως
992 540 1033 600 ἀν
1048 537 1100 623 εἴη
1116 545 1340 622 μαινόμενος;
1362 543 1449 604 ίνιοι
1462 543 1525 622 μὲν
1540 541 1608 628 γάρ

347 649 496 706 τοσαῦτα
518 636 849 728 παρασκευάζονται,
880 641 936 718 ὡς,
960 638 996 702 εἴ
1013 631 1046 723 γ’
1072 638 1205 721 ἔπλεον,
1228 633 1334 718 εὐθύς
1356 644 1397 706 ἀν
1418 640 1610 707 καταδῦναι

294 745 335 810 21
348 747 408 832 την
430 753 520 808 ναῦν.
563 747 620 808 καί
647 746 685 831 νη
709 745 779 806 Δία
807 763 845 825 γε
874 744 1052 825 συμβαίνει
1079 745 1223 829 μυρίοις.
1269 744 1353 808 εἷεν·
1375 747 1407 808 εί
1429 742 1465 808 δέ
1489 743 1531 831 δη
1554 767 1612 820 τις
1627 759 1711 814 (m)

345 839 404 934 ἀφ’
439 849 592 910 έστίασιν
620 844 785 932 κεκληκὼς
808 843 886 908 δέκα
909 846 1118 929 ἀνθρώπους
1140 835 1161 932 ἢ
1184 845 1440 926 πεντεκαίδεκα,
1466 851 1613 924 τούτους

348 941 450 1013 αὐτόν
472 947 646 1036 ἐμπλῆσαι
669 946 755 1024 δίον,
782 949 801 1010 ό
824 945 860 1010 δέ
882 949 1122 1024 πεντακοσίοις
1144 937 1164 1034 ἢ
1184 945 1310 1029 χιλίοις
1332 945 1507 1030 ἑτοιμάζοι
1528 971 1608 1034 τρο·
1648 963 1663 1012 ε

349 1055 427 1139 φύν,
452 1043 489 1114 οδ
514 1049 690 1126 παντελῶς
705 1047 882 1127 ἐξεστάναι
898 1047 1005 1127 δόξεις
1027 1059 1206 1135 τοιγαροῦν
1220 1054 1277 1115 καί
1290 1056 1388 1137 ἡμεῖς
1403 1049 1533 1128 είδότες
1547 1054 1614 1129 τάς

347 1163 410 1218 τοῦ
431 1155 589 1234 σώματος
613 1153 730 1238 χρείας
757 1143 1009 1239 εὐαριθμήτους
1037 1155 1132 1228 τινάς
1160 1153 1321 1239 (ἐσθῆτος
1345 1155 1408 1237 γάρ
1432 1153 1531 1234 οίμαι
1551 1157 1612 1218 καί

351 1261 478 1342 σκέπης
499 1258 556 1319 καί
576 1263 707 1342 τροφῆς
730 1250 904 1336 δεόμεθα),
927 1257 1048 1318 ἔπειτα
1069 1256 1343 1336 κατατεινόμεθα
1365 1256 1481 1342 ὥσπερ
1507 1274 1611 1342 στρα-

348 1356 484 1440 τοπέδῳ
508 1359 549 1420 τά
572 1353 751 1443 ἐπιτήδεια
776 1359 975 1439 συνάγοντες
999 1357 1068 1434 (καί
1090 1360 1127 1444 νὴ
1151 1359 1221 1420 Δία
1242 1377 1280 1439 γε
1302 1359 1458 1434 εἰκότως·
1488 1361 1523 1421 οί
1543 1360 1610 1445 γάρ

346 1459 473 1524 πολλοί
501 1460 665 1541 βόσκουσι
695 1450 778 1542 παρ’
810 1463 945 1534 έαυτοῖς
972 1467 1039 1522 τῶν
1060 1462 1259 1542 ἐπιθυμιῶν
1287 1458 1530 1546 στρατόπεδον)
1551 1466 1612 1528 καί
1637 1471 1668 1523 lo
1677 1457 1721 1562 “ff

350 1563 482 1649 ἐσθῆτα
504 1565 566 1642 μέν
590 1554 700 1637 οὐδείς
721 1558 880 1644 βούλεται
894 1557 997 1642 μείζω
1012 1570 1075 1624 τοῦ
1097 1564 1254 1642 σώματος
1276 1565 1373 1645 ἔχειν,
1397 1565 1444 1640 ὡς
1467 1562 1611 1652 δύσχρη-

350 1682 431 1728 στον
454 1666 507 1727 όν·
532 1655 651 1728 οὐσίαν
674 1660 710 1726 δὲ
733 1661 780 1746 τῴ
805 1665 909 1726 παντί
928 1658 1032 1744 μείζω
1051 1673 1110 1751 τῆς
1130 1666 1248 1749 χρείας
1263 1666 1350 1746 ἔχειν
1366 1669 1515 1745 ἅπαντες
1530 1671 1611 1732 ἐπι·

351 1770 531 1849 θυμοῦσιν,
555 1757 614 1828 οὐκ
636 1763 765 1840 εἰδότες
786 1769 841 1829 δτι
862 1773 961 1828 τοῦτο
980 1768 1112 1830 Ιἐκείνου
1132 1764 1380 1853 χαλεπώτερον.

299 1869 341 1933 22
439 1867 536 1932 δοκεῖ
553 1866 589 1931 δέ
611 1871 668 1932 καί
683 1870 833 1953 Κροῖσος
854 1865 964 1944 καλῶς
987 1866 1149 1945 όΛυδός,
1172 1870 1232 1955 την
1255 1865 1448 1954 ἀπληστίαν
1462 1879 1530 1935 τῶν
1552 1875 1612 1936 ἀν·
1722 1946 1723 1956 ¹

351 1975 507 2058 θράνπων
529 1969 662 2054 ἐλέγξαι
684 1967 897 2052 βουλόμενος,
921 1973 971 2046 είς
992 1974 1072 2047 τούς
1093 1973 1291 2057 θησαυρούς
1306 1974 1494 2056 είσαγαγών
1511 1995 1609 2052 τινας
1632 1983 1664 2036 ιε

352 2083 495 2139 τοσοῦτο
515 2075 655 2159 χρυσίον
678 2063 794 2149 αὐτοῖς
815 2075 1015 2156 ἐπιτρέπειν
1030 2071 1210 2156 ἐξενεγκεῖν
1232 2076 1313 2137 όσον
1328 2077 1469 2152 ἕκαστος
1491 2077 1532 2138 ἀν
1556 2074 1614 2140 δύ·

352 2199 451 2265 νηται
473 2175 520 2259 τῷ
546 2179 688 2257 σώματι.
726 2178 806 2251 τούς
826 2177 889 2259 γάρ
912 2173 1061 2252 πολλούς
1084 2168 1122 2240 οὗ
1146 2180 1250 2257 μόνον
1265 2181 1324 2240 τόν
1338 2174 1467 2240 κόλπον
1482 2175 1613 2266 ἐμπλή-

353 2297 493 2357 σαντας,
521 2276 605 2342 ἀλλά
628 2282 684 2343 καί
705 2287 748 2364 τῇ
767 2275 900 2365 κεφαλῇ
922 2287 984 2341 τοῦ
1005 2281 1185 2366 ψήγματος
1206 2282 1361 2366 ἐκφέρειν
1381 2283 1439 2344 καί
1460 2279 1509 2364 τῷ
1533 2285 1614 2344 στό-

350 2403 451 2463 ματι,
479 2384 536 2444 καί
562 2379 662 2463 μόλις
691 2382 907 2463 πορεύεσθαι
936 2384 1026 2445 πάνυ
1053 2379 1208 2464 γελοίους
1235 2385 1292 2446 καί
1314 2379 1614 2468 διεστραμμένους.

353 2485 461 2558 ούτως
484 2484 542 2546 οδν
563 2487 619 2547 καί
633 2485 718 2546 κατὰ
741 2487 800 2546 τόν
814 2483 891 2564 βίον
906 2485 1120 2568 πορεύεσθαί
1133 2505 1229 2561 τινας
1244 2486 1517 2570 ἀσχημονοῦντας
1538 2488 1610 2550 ύπδ
1634 2499 1665 2550 w

352 2593 412 2671 τῆς
434 2581 634 2663 πλεονεξίας
655 2588 712 2649 καί
733 2582 1002 2668 καταγελάστους
1025 2587 1132 2662 όντας.

875 2789 1080 2799 ————

543 2975 616 3055 (68)
643 2974 799 3056 ΠΕΡΙ
826 2971 1037 3056 ΛΟΓΟΥ
1067 2971 1419 3055 ΑΣΚΗΣΕΩΣ
1619 2993 1726 3046 (cono

317 3275 332 3334 1
442 3265 615 3344 Πολλάκις
643 3268 829 3341 ἐπαινέσας
856 3267 915 3328 τόν
945 3268 1004 3328 σδν
1031 3269 1160 3350 τρόπον
1185 3267 1233 3341 ὡς
1255 3263 1378 3350 ἀνδρδς
1399 3268 1537 3350 ἀγαθοῦ
1556 3269 1616 3332 καί

354 3368 452 3448 ἀξίου
475 3371 662 3455 πρωτεύειν
684 3371 719 3432 δν
741 3373 816 3444 τοῖς
837 3370 1008 3453 ἀρίστοις,
1040 3360 1205 3431 οὐδέποτε
1235 3372 1402 3454 πρότερον
1427 3370 1614 3450 ἐθαύμασα

355 3475 402 3550 ὡς
424 3479 490 3536 νῦν.
536 3475 575 3535 τδ
597 3473 660 3557 γάρ
683 3468 816 3558 ἡλικίας
837 3490 874 3533 τε
901 3473 936 3534 ἐν
964 3469 1012 3554 τῷ
1034 3472 1250 3552 ἀκμαιοτάτῳ
1280 3472 1360 3534 όντα
1388 3473 1445 3534 καί
1473 3469 1616 3552 δυνάμει

442 3694 454 3744 1
475 3688 544 3758 ίσως
562 3689 625 3745 secl.
644 3687 753 3743 Geelius
841 3679 894 3760 οόχ
913 3681 1073 3758 δμοίως-
1091 3681 1267 3756 μαινόμενος
1283 3684 1485 3742 ευαεολυίίάεω
1501 3685 1616 3752 habent,

355 3793 418 3834 oum
434 3776 580 3849 praecedo
597 3771 651 3834 τὸν
673 3767 765 3834 αὐτὸν
787 3768 914 3846 rodum
937 3773 996 3828 soil.
1021 3787 1095 3828 nuno
1120 3770 1228 3827 domum
1252 3771 1422 3826 enuntiatum
1443 3771 1479 3827 od
1499 3770 1615 3826 intorro-

355 3863 491 3933 gotionom
508 3863 629 3917 vortitur.
700 3858 809 3932 ίγείί
879 3851 1044 3916 δαδτάνΒ
1098 3855 1316 3924 ῦέξιατάνωΒ
1368 3850 1615 3927 ῦσυναγαγόντες

354 3948 443 4018 UBM,
461 3944 674 4019 συνάγοντεςΤ
780 3950 808 4000 11
827 3947 903 4016 μίζω
920 3944 952 3999 Μ
1056 3947 1088 3998 12
1105 3941 1293 4012 ἐπιθυμοῦσιν
1310 3930 1436 4007 ἅπαντες
1458 3936 1534 4012 ἔχειν
1550 3939 1616 4005 (hoo

355 4034 424 4100 ωδ.)
436 4033 461 4089 U
532 4037 564 4089 11
581 4032 693 4088 eundem
711 4031 852 4086 historiam
869 4029 962 4100 poullo
979 4028 1060 4085 aliter
1076 4033 1170 4083 nomo
1182 4043 1221 4084 or.
1234 4031 1267 4082 18
1280 4029 1340 4094 §³2
1353 4023 1482 4082 Herodoti
1493 4023 1542 4091 (VI
1556 4027 1616 4093 125)

355 4119 469 4187 vestigio
485 4132 609 4188 promens
679 4117 710 4175 δὲ
727 4119 777 4174 καί
794 4115 900 4186 εει-ἱροί,
918 4114 1015 4185 δόμοι
1032 4113 1108 4180 Ιίίιτίς
1125 4113 1149 4169 εἰ
1165 4128 1208 4168 mo
1226 4111 1357 4182 aequoris,
1374 4110 1441 4166 nihil
1457 4111 1511 4166 itm
1528 4108 1615 4165 offon-

357 4205 442 4262 oionio
458 4205 542 4260 habet
558 4203 646 4259 oratio
663 4203 775 4272 obliquo
791 4202 810 4257 1.
826 4206 856 4255 11
868 4216 909 4270 oq.
928 4215 962 4255 ox
979 4197 1051 4254 oliuo
1068 4199 1139 4253 enlm
1162 4212 1296 4267 personae
1312 4201 1403 4253 monto
1420 4193 1534 4250 historio
1550 4209 1616 4250 nor·

355 4295 442 4347 rotor.
531 4294 562 4344 11
581 4284 649 4355 τοὺς
665 4283 723 4361 γάρ
742 4319 772 4329 -
791 4279 864 4345 ἀλλὰ
883 4301 936 4340 om.
954 4284 980 4340 U
1054 4278 1179 4350 πολλούς
1197 4302 1286 4356 φασιν
1304 4281 1445 4350 Βεδιίάοες
1463 4279 1616 4336 ontionem

356 4375 495 4445 obliquam
511 4375 551 4429 ito
567 4373 646 4444 Emp.
665 4371 838 4441 defendebat,
856 4371 935 4441 quoni
951 4370 1020 4425 hooc
1037 4369 1159 4425 ocroooi
1171 4382 1290 4438 pomona
1307 4367 1462 4424 dicerentur
1515 4367 1546 4419 18
1563 4367 1616 4422 καί

356 4475 409 4515 om.
428 4458 458 4513 M
545 4463 577 4515 19
594 4460 727 4531 γελοίους
744 4471 779 4513 ox
795 4455 959 4528 γελοίωςῐ]
1046 4452 1281 4526 διεστρεμμίναυς
1297 4452 1329 4508 Μ
1415 4455 1449 4507 10
1465 4453 1528 4522 pout
1543 4450 1616 4524 βίον

355 4543 484 4601 Roiokius
501 4539 623 4617 ἡγοῦμαι
640 4544 683 4600 vol
700 4542 786 4599 similo
803 4542 868 4614 quio
884 4541 1018 4599 ειεὶδίειε
1035 4544 1116 4612 putot
