<?xml version="1.0" encoding="UTF-8"?>
<!DOCTYPE html PUBLIC "-//W3C//DTD XHTML 1.0 Transitional//EN"
    "http://www.w3.org/TR/xhtml1/DTD/xhtml1-transitional.dtd">
<html xmlns="http://www.w3.org/1999/xhtml" xml:lang="en" lang="en">
 <head>
  <title>
</title>
<meta http-equiv="Content-Type" content="text/html;charset=utf-8" />
  <meta name='ocr-system' content='tesseract 3.04.00' />
  <meta name='ocr-capabilities' content='ocr_page ocr_carea ocr_par ocr_line ocrx_word'/>
</head>
<body>
  <div class='ocr_page' id='page_1' title='image "./quaeexstantomni01diogoog_0043.png"; bbox 0 0 3452 5264; ppageno 0'>
   <div class='ocr_carea' id='block_1_1' title="bbox 339 351 1201 414">
    <p class='ocr_par' dir='ltr' id='par_1_1' title="bbox 339 351 1201 414">
     <span class='ocr_line' id='line_1_1' title="bbox 339 351 1201 414; baseline -0.002 0"><span class='ocrx_word' id='word_1_1' title='bbox 339 357 378 414; x_wconf 90' lang='lat'><strong><em>10</em></strong></span> <span class='ocrx_word' id='word_1_2' title='bbox 737 353 862 411; x_wconf 68' lang='lat' dir='ltr'><strong>motus</strong></span> <span class='ocrx_word' id='word_1_3' title='bbox 879 351 1201 412; x_wconf 77' lang='lat' dir='ltr'>BOBYSTHENITICA</span> 
     </span>
    </p>
   </div>
   <div class='ocr_carea' id='block_1_2' title="bbox 282 511 1708 2355">
    <p class='ocr_par' dir='ltr' id='par_1_2' title="bbox 284 511 1708 1430">
     <span class='ocr_line' id='line_1_2' title="bbox 284 511 1589 617; baseline -0.002 -19"><span class='ocrx_word' id='word_1_4' title='bbox 284 533 391 598; x_wconf 85' lang='grc' dir='ltr'><strong><em>33καί</em></strong></span> <span class='ocrx_word' id='word_1_5' title='bbox 411 530 617 616; x_wconf 81' lang='grc' dir='ltr'><strong><em>ἀνθρώπων.</em></strong></span> <span class='ocrx_word' id='word_1_6' title='bbox 653 527 839 594; x_wconf 76' lang='grc' dir='ltr'><strong><em>κινδυνεύει</em></strong></span> <span class='ocrx_word' id='word_1_7' title='bbox 859 531 922 616; x_wconf 85' lang='grc' dir='ltr'><strong><em>γάρ</em></strong></span> <span class='ocrx_word' id='word_1_8' title='bbox 946 511 1005 593; x_wconf 77' lang='grc' dir='ltr'><strong><em>οὖν</em></strong></span> <span class='ocrx_word' id='word_1_9' title='bbox 1027 527 1121 617; x_wconf 88' lang='grc' dir='ltr'><strong><em>δήτὸ</em></strong></span> <span class='ocrx_word' id='word_1_10' title='bbox 1138 533 1427 616; x_wconf 84' lang='grc' dir='ltr'><strong><em>ποιητικδνγένος</em></strong></span> <span class='ocrx_word' id='word_1_11' title='bbox 1443 523 1482 595; x_wconf 84' lang='grc' dir='ltr'><strong><em>ού</em></strong></span> <span class='ocrx_word' id='word_1_12' title='bbox 1499 535 1589 596; x_wconf 85' lang='grc' dir='ltr'><strong><em>πάνυ</em></strong></span> 
     </span>
     <span class='ocr_line' id='line_1_3' title="bbox 334 622 1589 720; baseline -0.001 -23"><span class='ocrx_word' id='word_1_13' title='bbox 334 637 480 713; x_wconf 78' lang='grc' dir='ltr'><strong><em>ἄστοχον</em></strong></span> <span class='ocrx_word' id='word_1_14' title='bbox 503 631 679 696; x_wconf 83' lang='grc' dir='ltr'><strong><em>εἶναιτῶν</em></strong></span> <span class='ocrx_word' id='word_1_15' title='bbox 703 633 802 718; x_wconf 80' lang='grc' dir='ltr'><strong><em>ἱερῶν</em></strong></span> <span class='ocrx_word' id='word_1_16' title='bbox 826 631 933 716; x_wconf 89' lang='grc' dir='ltr'><strong><em>λόγων</em></strong></span> <span class='ocrx_word' id='word_1_17' title='bbox 956 622 1033 696; x_wconf 77' lang='grc' dir='ltr'><strong><em>οὐδὲ</em></strong></span> <span class='ocrx_word' id='word_1_18' title='bbox 1056 635 1128 696; x_wconf 89' lang='grc' dir='ltr'><strong><em>ἀπο</em></strong></span> <span class='ocrx_word' id='word_1_19' title='bbox 1153 636 1272 715; x_wconf 87' lang='grc' dir='ltr'><strong><em>στόχον</em></strong></span> <span class='ocrx_word' id='word_1_20' title='bbox 1303 635 1524 720; x_wconf 81' lang='grc' dir='ltr'><strong><em>φθέγγεσθαι</em></strong></span> <span class='ocrx_word' id='word_1_21' title='bbox 1545 635 1589 697; x_wconf 87' lang='grc' dir='ltr'><strong><em>τά</em></strong></span> 
     </span>
     <span class='ocr_line' id='line_1_4' title="bbox 331 725 1708 822; baseline 0.003 -22"><span class='ocrx_word' id='word_1_22' title='bbox 331 743 473 800; x_wconf 87' lang='grc' dir='ltr'><strong><em>τοιαῦτα</em></strong></span> <span class='ocrx_word' id='word_1_23' title='bbox 489 731 664 813; x_wconf 76' lang='grc' dir='ltr'><strong><em>πολλάκις,</em></strong></span> <span class='ocrx_word' id='word_1_24' title='bbox 680 725 719 798; x_wconf 82' lang='grc' dir='ltr'><strong><em>οὗ</em></strong></span> <span class='ocrx_word' id='word_1_25' title='bbox 733 739 851 816; x_wconf 86' lang='grc' dir='ltr'><strong><em>μίντοι</em></strong></span> <span class='ocrx_word' id='word_1_26' title='bbox 866 726 944 798; x_wconf 78' lang='grc' dir='ltr'><strong><em>οὐδὲ</em></strong></span> <span class='ocrx_word' id='word_1_27' title='bbox 958 743 1067 822; x_wconf 78' lang='grc' dir='ltr'><strong><em>μεμνη</em></strong></span> <span class='ocrx_word' id='word_1_28' title='bbox 1072 736 1160 799; x_wconf 89' lang='grc' dir='ltr'><strong><em>σθαι</em></strong></span> <span class='ocrx_word' id='word_1_29' title='bbox 1178 735 1342 820; x_wconf 97' lang='grc' dir='ltr'><strong><em>καθαρῶς</em></strong></span> <span class='ocrx_word' id='word_1_30' title='bbox 1355 737 1441 800; x_wconf 80' lang='grc' dir='ltr'><strong><em>κατὰ</em></strong></span> <span class='ocrx_word' id='word_1_31' title='bbox 1456 738 1590 818; x_wconf 83' lang='grc' dir='ltr'><strong><em>θεσμόν</em></strong></span> <span class='ocrx_word' id='word_1_32' title='bbox 1605 751 1641 800; x_wconf 78' lang='grc' dir='ltr'><strong><em>(ευ</em></strong></span> <span class='ocrx_word' id='word_1_33' title='bbox 1653 749 1708 804; x_wconf 70' lang='grc'>1111</span> 
     </span>
     <span class='ocr_line' id='line_1_5' title="bbox 331 829 1591 924; baseline -0.001 -22"><span class='ocrx_word' id='word_1_34' title='bbox 331 840 389 902; x_wconf 83' lang='grc' dir='ltr'><strong><em>καί</em></strong></span> <span class='ocrx_word' id='word_1_35' title='bbox 414 840 518 918; x_wconf 92' lang='grc' dir='ltr'><strong><em>νόμον</em></strong></span> <span class='ocrx_word' id='word_1_36' title='bbox 544 844 612 900; x_wconf 90' lang='grc' dir='ltr'><strong><em>τῶν</em></strong></span> <span class='ocrx_word' id='word_1_37' title='bbox 639 841 837 918; x_wconf 85' lang='grc' dir='ltr'><strong><em>μυουμένων</em></strong></span> <span class='ocrx_word' id='word_1_38' title='bbox 864 829 942 900; x_wconf 74' lang='grc' dir='ltr'><strong><em>οὐδὲ</em></strong></span> <span class='ocrx_word' id='word_1_39' title='bbox 965 834 1093 900; x_wconf 86' lang='grc' dir='ltr'><strong><em>είδέναι</em></strong></span> <span class='ocrx_word' id='word_1_40' title='bbox 1121 845 1184 900; x_wconf 88' lang='grc' dir='ltr'><strong><em>τοῦ</em></strong></span> <span class='ocrx_word' id='word_1_41' title='bbox 1206 834 1400 918; x_wconf 82' lang='grc' dir='ltr'><strong><em>ξύμπαντος</em></strong></span> <span class='ocrx_word' id='word_1_42' title='bbox 1428 843 1509 923; x_wconf 85' lang='grc' dir='ltr'><strong><em>πόρε</em></strong></span> <span class='ocrx_word' id='word_1_43' title='bbox 1530 847 1591 924; x_wconf 82' lang='grc' dir='ltr'><strong><em>τῆς</em></strong></span> 
     </span>
     <span class='ocr_line' id='line_1_6' title="bbox 332 930 1624 1027; baseline -0.001 -25"><span class='ocrx_word' id='word_1_44' title='bbox 332 937 500 1027; x_wconf 73' lang='grc' dir='ltr'><strong><em>ἀληθείας</em></strong></span> <span class='ocrx_word' id='word_1_45' title='bbox 523 941 632 1026; x_wconf 79' lang='grc' dir='ltr'><strong><em>σαφὲς</em></strong></span> <span class='ocrx_word' id='word_1_46' title='bbox 654 930 761 1016; x_wconf 79' lang='grc' dir='ltr'><strong><em>οὐδέν,</em></strong></span> <span class='ocrx_word' id='word_1_47' title='bbox 784 940 831 1015; x_wconf 84' lang='grc' dir='ltr'><strong><em>ὡς</em></strong></span> <span class='ocrx_word' id='word_1_48' title='bbox 853 941 939 1014; x_wconf 78' lang='grc' dir='ltr'><strong><em>ἔπος</em></strong></span> <span class='ocrx_word' id='word_1_49' title='bbox 960 942 1087 1003; x_wconf 84' lang='grc' dir='ltr'><strong><em>είπεῖν·</em></strong></span> <span class='ocrx_word' id='word_1_50' title='bbox 1110 941 1256 1020; x_wconf 84' lang='grc' dir='ltr'><strong><em>ἀτεχνῶς</em></strong></span> <span class='ocrx_word' id='word_1_51' title='bbox 1278 937 1314 1003; x_wconf 83' lang='grc' dir='ltr'><strong><em>δὲ</em></strong></span> <span class='ocrx_word' id='word_1_52' title='bbox 1337 941 1444 1004; x_wconf 76' lang='grc' dir='ltr'><strong><em>ἔοικεν</em></strong></span> <span class='ocrx_word' id='word_1_53' title='bbox 1466 942 1586 1021; x_wconf 89' lang='grc' dir='ltr'><strong><em>όμοιον</em></strong></span> <span class='ocrx_word' id='word_1_54' title='bbox 1609 955 1624 1001; x_wconf 73' lang='lat'><strong>5</strong></span> 
     </span>
     <span class='ocr_line' id='line_1_7' title="bbox 333 1038 1590 1128; baseline -0.001 -23"><span class='ocrx_word' id='word_1_55' title='bbox 333 1040 422 1106; x_wconf 81' lang='grc' dir='ltr'><strong><em>εἶναι</em></strong></span> <span class='ocrx_word' id='word_1_56' title='bbox 453 1045 528 1116; x_wconf 88' lang='grc' dir='ltr'><strong><em>τοῖς</em></strong></span> <span class='ocrx_word' id='word_1_57' title='bbox 560 1038 625 1118; x_wconf 75' lang='grc' dir='ltr'><strong><em>ἔξω</em></strong></span> <span class='ocrx_word' id='word_1_58' title='bbox 660 1041 740 1126; x_wconf 73' lang='grc' dir='ltr'><strong><em>περὶ</em></strong></span> <span class='ocrx_word' id='word_1_59' title='bbox 771 1041 884 1126; x_wconf 88' lang='grc' dir='ltr'><strong><em>θύρας</em></strong></span> <span class='ocrx_word' id='word_1_60' title='bbox 916 1043 1103 1128; x_wconf 77' lang='grc' dir='ltr'><strong><em>ὑπηρέταις</em></strong></span> <span class='ocrx_word' id='word_1_61' title='bbox 1135 1049 1203 1105; x_wconf 86' lang='grc' dir='ltr'><strong><em>τῶν</em></strong></span> <span class='ocrx_word' id='word_1_62' title='bbox 1231 1038 1390 1120; x_wconf 78' lang='grc' dir='ltr'><strong><em>τελετῶν,</em></strong></span> <span class='ocrx_word' id='word_1_63' title='bbox 1428 1043 1590 1128; x_wconf 87' lang='grc' dir='ltr'><strong><em>πρόθυρα</em></strong></span> 
     </span>
     <span class='ocr_line' id='line_1_8' title="bbox 331 1140 1589 1229; baseline -0.002 -22"><span class='ocrx_word' id='word_1_64' title='bbox 331 1152 498 1226; x_wconf 78' lang='grc' dir='ltr'><strong><em>κοσμοῦσι</em></strong></span> <span class='ocrx_word' id='word_1_65' title='bbox 520 1144 578 1206; x_wconf 87' lang='grc' dir='ltr'><strong><em>καί</em></strong></span> <span class='ocrx_word' id='word_1_66' title='bbox 597 1143 734 1226; x_wconf 87' lang='grc' dir='ltr'><strong><em>βωμούς</em></strong></span> <span class='ocrx_word' id='word_1_67' title='bbox 755 1145 836 1220; x_wconf 91' lang='grc' dir='ltr'><strong><em>τούς</em></strong></span> <span class='ocrx_word' id='word_1_68' title='bbox 856 1145 893 1206; x_wconf 83' lang='grc' dir='ltr'><strong><em>ίν</em></strong></span> <span class='ocrx_word' id='word_1_69' title='bbox 914 1143 962 1226; x_wconf 74' lang='grc' dir='ltr'><strong><em>τῷ</em></strong></span> <span class='ocrx_word' id='word_1_70' title='bbox 987 1143 1122 1229; x_wconf 75' lang='grc' dir='ltr'><strong><em>φανερῷ</em></strong></span> <span class='ocrx_word' id='word_1_71' title='bbox 1144 1145 1202 1208; x_wconf 84' lang='grc' dir='ltr'><strong><em>καί</em></strong></span> <span class='ocrx_word' id='word_1_72' title='bbox 1216 1144 1258 1206; x_wconf 81' lang='grc' dir='ltr'><strong><em>τό</em></strong></span> <span class='ocrx_word' id='word_1_73' title='bbox 1274 1140 1359 1206; x_wconf 87' lang='grc' dir='ltr'><strong><em>ἀλλο</em></strong></span> <span class='ocrx_word' id='word_1_74' title='bbox 1381 1144 1424 1206; x_wconf 82' lang='grc' dir='ltr'><strong><em>τό</em></strong></span> <span class='ocrx_word' id='word_1_75' title='bbox 1447 1151 1589 1207; x_wconf 89' lang='grc' dir='ltr'><strong><em>τοιαῦτα</em></strong></span> 
     </span>
     <span class='ocr_line' id='line_1_9' title="bbox 334 1236 1590 1331; baseline 0 -23"><span class='ocrx_word' id='word_1_76' title='bbox 334 1241 657 1331; x_wconf 80' lang='grc' dir='ltr'><strong><em>παρασκευάζουσιν,</em></strong></span> <span class='ocrx_word' id='word_1_77' title='bbox 674 1236 754 1309; x_wconf 81' lang='grc' dir='ltr'><strong><em>οὐδέ</em></strong></span> <span class='ocrx_word' id='word_1_78' title='bbox 766 1237 847 1308; x_wconf 83' lang='grc' dir='ltr'><strong><em>ποτ’</em></strong></span> <span class='ocrx_word' id='word_1_79' title='bbox 862 1243 958 1309; x_wconf 78' lang='grc' dir='ltr'><strong><em>ἔνδον</em></strong></span> <span class='ocrx_word' id='word_1_80' title='bbox 971 1253 1164 1329; x_wconf 87' lang='grc' dir='ltr'><strong><em>παριοῦσιν.</em></strong></span> <span class='ocrx_word' id='word_1_81' title='bbox 1193 1246 1278 1308; x_wconf 87' lang='grc' dir='ltr'><strong><em>όθεν</em></strong></span> <span class='ocrx_word' id='word_1_82' title='bbox 1290 1242 1328 1331; x_wconf 88' lang='grc' dir='ltr'><strong><em>δή</em></strong></span> <span class='ocrx_word' id='word_1_83' title='bbox 1344 1246 1402 1309; x_wconf 84' lang='grc' dir='ltr'><strong><em>καί</em></strong></span> <span class='ocrx_word' id='word_1_84' title='bbox 1415 1246 1590 1331; x_wconf 84' lang='grc' dir='ltr'><strong><em>θεράπον-</em></strong></span> 
     </span>
     <span class='ocr_line' id='line_1_10' title="bbox 332 1339 1588 1430; baseline -0.002 -18"><span class='ocrx_word' id='word_1_85' title='bbox 332 1369 394 1425; x_wconf 90' lang='grc' dir='ltr'><strong><em>τας</em></strong></span> <span class='ocrx_word' id='word_1_86' title='bbox 405 1350 559 1412; x_wconf 81' lang='grc' dir='ltr'><strong><em>Μουσῶν</em></strong></span> <span class='ocrx_word' id='word_1_87' title='bbox 573 1348 695 1422; x_wconf 89' lang='grc' dir='ltr'><strong><em>αύτούς</em></strong></span> <span class='ocrx_word' id='word_1_88' title='bbox 707 1344 939 1430; x_wconf 85' lang='grc' dir='ltr'><strong><em>ὀνομάζουσιν,</em></strong></span> <span class='ocrx_word' id='word_1_89' title='bbox 952 1349 990 1409; x_wconf 89' lang='grc' dir='ltr'><strong><em>ού</em></strong></span> <span class='ocrx_word' id='word_1_90' title='bbox 1002 1351 1132 1428; x_wconf 88' lang='grc' dir='ltr'><strong><em>μύστας</em></strong></span> <span class='ocrx_word' id='word_1_91' title='bbox 1147 1339 1226 1410; x_wconf 83' lang='grc' dir='ltr'><strong><em>οὐδὲ</em></strong></span> <span class='ocrx_word' id='word_1_92' title='bbox 1238 1344 1321 1410; x_wconf 89' lang='grc' dir='ltr'><strong><em>ἀλλο</em></strong></span> <span class='ocrx_word' id='word_1_93' title='bbox 1338 1343 1460 1428; x_wconf 88' lang='grc' dir='ltr'><strong><em>σεμνόν</em></strong></span> <span class='ocrx_word' id='word_1_94' title='bbox 1472 1349 1588 1428; x_wconf 90' lang='grc' dir='ltr'><strong><em>όνομα.</em></strong></span> 
     </span>
    </p>

    <p class='ocr_par' dir='ltr' id='par_1_3' title="bbox 282 1442 1640 2147">
     <span class='ocr_line' id='line_1_11' title="bbox 282 1442 1640 1536; baseline -0.001 -20"><span class='ocrx_word' id='word_1_95' title='bbox 282 1454 323 1518; x_wconf 86' lang='grc'><strong><em>34</em></strong></span> <span class='ocrx_word' id='word_1_96' title='bbox 336 1442 465 1527; x_wconf 78' lang='grc' dir='ltr'><strong><em>οὐκοῦν,</em></strong></span> <span class='ocrx_word' id='word_1_97' title='bbox 487 1451 534 1524; x_wconf 86' lang='grc' dir='ltr'><strong><em>ὡς</em></strong></span> <span class='ocrx_word' id='word_1_98' title='bbox 556 1451 652 1536; x_wconf 78' lang='grc' dir='ltr'><strong><em>ἔφην,</em></strong></span> <span class='ocrx_word' id='word_1_99' title='bbox 673 1452 753 1526; x_wconf 89' lang='grc' dir='ltr'><strong><em>τούς</em></strong></span> <span class='ocrx_word' id='word_1_100' title='bbox 766 1445 839 1532; x_wconf 87' lang='grc' dir='ltr'><strong><em>&lt;τε&gt;</em></strong></span> <span class='ocrx_word' id='word_1_101' title='bbox 853 1445 1000 1535; x_wconf 80' lang='grc' dir='ltr'><strong><em>πλησίον</em></strong></span> <span class='ocrx_word' id='word_1_102' title='bbox 1015 1449 1332 1536; x_wconf 77' lang='grc' dir='ltr'><strong><em>ἀναστρεφομένους</em></strong></span> <span class='ocrx_word' id='word_1_103' title='bbox 1346 1447 1481 1536; x_wconf 79' lang='grc' dir='ltr'><strong><em>τελετῆς</em></strong></span> <span class='ocrx_word' id='word_1_104' title='bbox 1495 1469 1589 1525; x_wconf 92' lang='grc' dir='ltr'><strong><em>τινος</em></strong></span> <span class='ocrx_word' id='word_1_105' title='bbox 1612 1465 1640 1515; x_wconf 85' lang='grc' dir='ltr'>1ο</span> 
     </span>
     <span class='ocr_line' id='line_1_12' title="bbox 334 1548 1590 1638; baseline -0.003 -22"><span class='ocrx_word' id='word_1_106' title='bbox 334 1556 421 1638; x_wconf 81' lang='grc' dir='ltr'><strong><em>πρὸς</em></strong></span> <span class='ocrx_word' id='word_1_107' title='bbox 435 1557 511 1628; x_wconf 87' lang='grc' dir='ltr'><strong><em>ταῖς</em></strong></span> <span class='ocrx_word' id='word_1_108' title='bbox 526 1548 677 1626; x_wconf 75' lang='grc' dir='ltr'><strong><em>εἰσόδοις</em></strong></span> <span class='ocrx_word' id='word_1_109' title='bbox 691 1553 781 1627; x_wconf 90' lang='grc' dir='ltr'><strong><em>είκδς</em></strong></span> <span class='ocrx_word' id='word_1_110' title='bbox 794 1555 834 1614; x_wconf 90' lang='grc' dir='ltr'><strong><em>τό</em></strong></span> <span class='ocrx_word' id='word_1_111' title='bbox 847 1572 884 1634; x_wconf 86' lang='grc' dir='ltr'><strong><em>γε</em></strong></span> <span class='ocrx_word' id='word_1_112' title='bbox 899 1557 1062 1614; x_wconf 80' lang='grc' dir='ltr'><strong><em>τοσούτου</em></strong></span> <span class='ocrx_word' id='word_1_113' title='bbox 1076 1549 1179 1632; x_wconf 81' lang='grc' dir='ltr'><strong><em>(τῶν)</em></strong></span> <span class='ocrx_word' id='word_1_114' title='bbox 1194 1549 1336 1615; x_wconf 74' lang='grc' dir='ltr'><strong><em>ἔνδοθεν</em></strong></span> <span class='ocrx_word' id='word_1_115' title='bbox 1352 1551 1590 1614; x_wconf 81' lang='grc' dir='ltr'><strong><em>αἰσθάνεσθαί</em></strong></span> 
     </span>
     <span class='ocr_line' id='line_1_13' title="bbox 333 1654 1589 1739; baseline -0.001 -23"><span class='ocrx_word' id='word_1_116' title='bbox 333 1674 436 1732; x_wconf 88' lang='grc' dir='ltr'><strong><em>τινος,</em></strong></span> <span class='ocrx_word' id='word_1_117' title='bbox 457 1654 536 1738; x_wconf 84' lang='grc' dir='ltr'><strong><em>ήτοι</em></strong></span> <span class='ocrx_word' id='word_1_118' title='bbox 557 1655 707 1738; x_wconf 79' lang='grc' dir='ltr'><strong><em>βήματος</em></strong></span> <span class='ocrx_word' id='word_1_119' title='bbox 730 1654 955 1739; x_wconf 71' lang='grc' dir='ltr'><strong><em>ἐκβοηθέντος</em></strong></span> <span class='ocrx_word' id='word_1_120' title='bbox 977 1656 1052 1730; x_wconf 81' lang='grc' dir='ltr'><strong><em>δνός</em></strong></span> <span class='ocrx_word' id='word_1_121' title='bbox 1076 1661 1242 1736; x_wconf 82' lang='grc' dir='ltr'><strong><em>μυστικοῦ</em></strong></span> <span class='ocrx_word' id='word_1_122' title='bbox 1260 1656 1280 1739; x_wconf 79' lang='grc' dir='ltr'><em>ἢ</em></span> <span class='ocrx_word' id='word_1_123' title='bbox 1305 1656 1413 1739; x_wconf 90' lang='grc' dir='ltr'><strong><em>πυρός</em></strong></span> <span class='ocrx_word' id='word_1_124' title='bbox 1435 1655 1589 1738; x_wconf 87' lang='grc' dir='ltr'><strong><em>ύπερφα-</em></strong></span> 
     </span>
     <span class='ocr_line' id='line_1_14' title="bbox 334 1753 1588 1841; baseline -0.002 -21"><span class='ocrx_word' id='word_1_125' title='bbox 334 1761 463 1834; x_wconf 83' lang='grc' dir='ltr'><strong><em>νίντος,</em></strong></span> <span class='ocrx_word' id='word_1_126' title='bbox 491 1756 548 1819; x_wconf 82' lang='grc' dir='ltr'><strong><em>καλ</em></strong></span> <span class='ocrx_word' id='word_1_127' title='bbox 574 1760 650 1830; x_wconf 88' lang='grc' dir='ltr'><strong><em>τοῖς</em></strong></span> <span class='ocrx_word' id='word_1_128' title='bbox 677 1761 840 1841; x_wconf 87' lang='grc' dir='ltr'><strong><em>ποιηταῖς</em></strong></span> <span class='ocrx_word' id='word_1_129' title='bbox 866 1757 991 1834; x_wconf 75' lang='grc' dir='ltr'><strong><em>ἐνίοτε,</em></strong></span> <span class='ocrx_word' id='word_1_130' title='bbox 1022 1753 1106 1838; x_wconf 86' lang='grc' dir='ltr'><strong><em>λέγω</em></strong></span> <span class='ocrx_word' id='word_1_131' title='bbox 1137 1753 1173 1819; x_wconf 83' lang='grc' dir='ltr'><strong><em>δὲ</em></strong></span> <span class='ocrx_word' id='word_1_132' title='bbox 1201 1761 1275 1832; x_wconf 87' lang='grc' dir='ltr'><strong><em>τοῖς</em></strong></span> <span class='ocrx_word' id='word_1_133' title='bbox 1304 1759 1393 1818; x_wconf 85' lang='grc' dir='ltr'><strong><em>πάνυ</em></strong></span> <span class='ocrx_word' id='word_1_134' title='bbox 1423 1756 1588 1840; x_wconf 90' lang='grc' dir='ltr'><strong><em>ἀρχαίοις,</em></strong></span> 
     </span>
     <span class='ocr_line' id='line_1_15' title="bbox 335 1857 1590 1946; baseline -0.003 -24"><span class='ocrx_word' id='word_1_135' title='bbox 335 1861 431 1946; x_wconf 89' lang='grc' dir='ltr'><strong><em>φωνή</em></strong></span> <span class='ocrx_word' id='word_1_136' title='bbox 453 1879 508 1934; x_wconf 92' lang='grc' dir='ltr'><strong><em>τις</em></strong></span> <span class='ocrx_word' id='word_1_137' title='bbox 522 1860 558 1920; x_wconf 73' lang='grc' dir='ltr'><strong><em>ἐκ</em></strong></span> <span class='ocrx_word' id='word_1_138' title='bbox 573 1859 727 1921; x_wconf 89' lang='grc' dir='ltr'><strong><em>Μουσῶν</em></strong></span> <span class='ocrx_word' id='word_1_139' title='bbox 741 1859 883 1943; x_wconf 90' lang='grc' dir='ltr'><strong><em>ἀφίκετο</em></strong></span> <span class='ocrx_word' id='word_1_140' title='bbox 905 1859 1046 1942; x_wconf 85' lang='grc' dir='ltr'><strong><em>βραχεῖα</em></strong></span> <span class='ocrx_word' id='word_1_141' title='bbox 1067 1860 1125 1922; x_wconf 88' lang='grc' dir='ltr'><strong><em>καί</em></strong></span> <span class='ocrx_word' id='word_1_142' title='bbox 1148 1860 1216 1920; x_wconf 86' lang='grc' dir='ltr'><strong><em>πού</em></strong></span> <span class='ocrx_word' id='word_1_143' title='bbox 1231 1879 1284 1933; x_wconf 92' lang='grc' dir='ltr'><strong><em>τις</em></strong></span> <span class='ocrx_word' id='word_1_144' title='bbox 1300 1859 1466 1921; x_wconf 78' lang='grc' dir='ltr'><strong><em>ἐπίπνοια</em></strong></span> <span class='ocrx_word' id='word_1_145' title='bbox 1487 1857 1590 1932; x_wconf 85' lang='grc' dir='ltr'><strong><em>θείας</em></strong></span> 
     </span>
     <span class='ocr_line' id='line_1_16' title="bbox 335 1952 1639 2049; baseline 0.003 -26"><span class='ocrx_word' id='word_1_146' title='bbox 335 1963 471 2049; x_wconf 84' lang='grc' dir='ltr'><strong><em>φύσεώς</em></strong></span> <span class='ocrx_word' id='word_1_147' title='bbox 492 1981 529 2024; x_wconf 91' lang='grc' dir='ltr'><strong><em>τε</em></strong></span> <span class='ocrx_word' id='word_1_148' title='bbox 549 1961 607 2022; x_wconf 91' lang='grc' dir='ltr'><strong><em>καί</em></strong></span> <span class='ocrx_word' id='word_1_149' title='bbox 628 1957 811 2046; x_wconf 80' lang='grc' dir='ltr'><strong><em>ἀληθείας,</em></strong></span> <span class='ocrx_word' id='word_1_150' title='bbox 837 1961 998 2045; x_wconf 86' lang='grc' dir='ltr'><strong><em>καθάπερ</em></strong></span> <span class='ocrx_word' id='word_1_151' title='bbox 1029 1952 1110 2046; x_wconf 82' lang='grc' dir='ltr'><strong><em>αὐγή</em></strong></span> <span class='ocrx_word' id='word_1_152' title='bbox 1142 1963 1251 2044; x_wconf 87' lang='grc' dir='ltr'><strong><em>πυρός</em></strong></span> <span class='ocrx_word' id='word_1_153' title='bbox 1271 1957 1309 2037; x_wconf 75' lang='grc' dir='ltr'><strong><em>ἐξ</em></strong></span> <span class='ocrx_word' id='word_1_154' title='bbox 1330 1961 1483 2046; x_wconf 83' lang='grc' dir='ltr'><strong><em>ἀφανοῦς</em></strong></span> <span class='ocrx_word' id='word_1_155' title='bbox 1507 1955 1588 2038; x_wconf 89' lang='grc' dir='ltr'><strong><em>λάμ·</em></strong></span> <span class='ocrx_word' id='word_1_156' title='bbox 1612 1977 1639 2027; x_wconf 76' lang='grc'><strong><em>11</em></strong></span> 
     </span>
     <span class='ocr_line' id='line_1_17' title="bbox 334 2054 1592 2147; baseline -0.004 -20"><span class='ocrx_word' id='word_1_157' title='bbox 334 2073 484 2146; x_wconf 84' lang='grc' dir='ltr'><strong><em>ψαντος·</em></strong></span> <span class='ocrx_word' id='word_1_158' title='bbox 518 2065 540 2124; x_wconf 84' lang='grc' dir='ltr'><strong><em>ά</em></strong></span> <span class='ocrx_word' id='word_1_159' title='bbox 570 2063 721 2142; x_wconf 89' lang='grc' dir='ltr'><strong><em>ίπασχσν</em></strong></span> <span class='ocrx_word' id='word_1_160' title='bbox 749 2065 786 2125; x_wconf 75' lang='grc' dir='ltr'><strong><em>ἐκ</em></strong></span> <span class='ocrx_word' id='word_1_161' title='bbox 813 2063 966 2126; x_wconf 89' lang='grc' dir='ltr'><strong><em>Μουσῶν</em></strong></span> <span class='ocrx_word' id='word_1_162' title='bbox 994 2065 1050 2126; x_wconf 78' lang='grc' dir='ltr'><strong><em>καὶ</em></strong></span> <span class='ocrx_word' id='word_1_163' title='bbox 1077 2063 1271 2143; x_wconf 81' lang='grc' dir='ltr'><strong><em>κατείχοντο</em></strong></span> <span class='ocrx_word' id='word_1_164' title='bbox 1290 2054 1438 2147; x_wconf 83' lang='grc' dir='ltr'><strong><em>Ὅμηρός</em></strong></span> <span class='ocrx_word' id='word_1_165' title='bbox 1465 2081 1502 2123; x_wconf 90' lang='grc' dir='ltr'><strong><em>τε</em></strong></span> <span class='ocrx_word' id='word_1_166' title='bbox 1535 2056 1592 2122; x_wconf 80' lang='grc' dir='ltr'><strong><em>καὶ</em></strong></span> 
     </span>
    </p>

    <p class='ocr_par' dir='ltr' id='par_1_4' title="bbox 285 2155 1592 2355">
     <span class='ocr_line' id='line_1_18' title="bbox 285 2155 1592 2250; baseline -0.004 -18"><span class='ocrx_word' id='word_1_167' title='bbox 285 2155 500 2242; x_wconf 82' lang='grc' dir='ltr'><strong><em>35Ἡσίοόος.</em></strong></span> <span class='ocrx_word' id='word_1_168' title='bbox 548 2168 583 2228; x_wconf 83' lang='lat' dir='ltr'><strong><em>ol</em></strong></span> <span class='ocrx_word' id='word_1_169' title='bbox 605 2161 641 2228; x_wconf 80' lang='grc' dir='ltr'><strong><em>δὲ</em></strong></span> <span class='ocrx_word' id='word_1_170' title='bbox 663 2158 739 2246; x_wconf 81' lang='grc' dir='ltr'><strong><em>μετ’</em></strong></span> <span class='ocrx_word' id='word_1_171' title='bbox 764 2168 910 2241; x_wconf 73' lang='grc' dir='ltr'><strong><em>ἐκείνους</em></strong></span> <span class='ocrx_word' id='word_1_172' title='bbox 932 2168 1071 2250; x_wconf 86' lang='grc' dir='ltr'><strong><em>ύστερον</em></strong></span> <span class='ocrx_word' id='word_1_173' title='bbox 1093 2167 1153 2229; x_wconf 78' lang='grc' dir='ltr'><strong><em>ἐπί</em></strong></span> <span class='ocrx_word' id='word_1_174' title='bbox 1177 2165 1299 2250; x_wconf 84' lang='grc' dir='ltr'><strong><em>σκηνὰς</em></strong></span> <span class='ocrx_word' id='word_1_175' title='bbox 1312 2166 1370 2228; x_wconf 87' lang='grc' dir='ltr'><strong><em>καί</em></strong></span> <span class='ocrx_word' id='word_1_176' title='bbox 1383 2165 1516 2250; x_wconf 87' lang='grc' dir='ltr'><strong><em>θέατρα</em></strong></span> <span class='ocrx_word' id='word_1_177' title='bbox 1531 2168 1592 2250; x_wconf 85' lang='grc' dir='ltr'><strong><em>τήν</em></strong></span> 
     </span>
     <span class='ocr_line' id='line_1_19' title="bbox 337 2263 1591 2355; baseline -0.002 -23"><span class='ocrx_word' id='word_1_178' title='bbox 337 2271 447 2332; x_wconf 90' lang='grc' dir='ltr'><strong><em>αύτῶν</em></strong></span> <span class='ocrx_word' id='word_1_179' title='bbox 481 2269 608 2355; x_wconf 82' lang='grc' dir='ltr'><strong><em>σοφίαν</em></strong></span> <span class='ocrx_word' id='word_1_180' title='bbox 642 2270 822 2351; x_wconf 90' lang='grc' dir='ltr'><strong><em>ἀγαγόντες</em></strong></span> <span class='ocrx_word' id='word_1_181' title='bbox 851 2270 997 2354; x_wconf 85' lang='grc' dir='ltr'><strong><em>ἀμύητοι</em></strong></span> <span class='ocrx_word' id='word_1_182' title='bbox 1030 2269 1195 2354; x_wconf 80' lang='grc' dir='ltr'><strong><em>ἀμυήτοις</em></strong></span> <span class='ocrx_word' id='word_1_183' title='bbox 1229 2263 1394 2342; x_wconf 88' lang='grc' dir='ltr'><strong><em>πολλάκις</em></strong></span> <span class='ocrx_word' id='word_1_184' title='bbox 1429 2263 1591 2353; x_wconf 74' lang='grc' dir='ltr'><strong><em>ἐξέφερον</em></strong></span> 
     </span>
    </p>
   </div>
   <div class='ocr_carea' id='block_1_3' title="bbox 334 2365 1710 2660">
    <p class='ocr_par' dir='ltr' id='par_1_5' title="bbox 334 2365 1710 2660">
     <span class='ocr_line' id='line_1_20' title="bbox 334 2365 1710 2458; baseline -0.005 -25"><span class='ocrx_word' id='word_1_185' title='bbox 334 2368 434 2458; x_wconf 81' lang='grc' dir='ltr'><strong><em>ἀτελῆ</em></strong></span> <span class='ocrx_word' id='word_1_186' title='bbox 465 2367 724 2454; x_wconf 87' lang='grc' dir='ltr'><strong><em>παραδείγματα</em></strong></span> <span class='ocrx_word' id='word_1_187' title='bbox 753 2371 892 2455; x_wconf 87' lang='grc' dir='ltr'><strong><em>ὀργίων·</em></strong></span> <span class='ocrx_word' id='word_1_188' title='bbox 920 2365 1178 2451; x_wconf 83' lang='grc' dir='ltr'><strong><em>θαυμαζόμενοι</em></strong></span> <span class='ocrx_word' id='word_1_189' title='bbox 1206 2367 1242 2433; x_wconf 82' lang='grc' dir='ltr'><strong><em>δὲ</em></strong></span> <span class='ocrx_word' id='word_1_190' title='bbox 1270 2372 1339 2433; x_wconf 87' lang='grc' dir='ltr'><strong><em>ύπδ</em></strong></span> <span class='ocrx_word' id='word_1_191' title='bbox 1362 2375 1430 2432; x_wconf 90' lang='grc' dir='ltr'><strong><em>τῶν</em></strong></span> <span class='ocrx_word' id='word_1_192' title='bbox 1452 2366 1589 2432; x_wconf 90' lang='grc' dir='ltr'><strong><em>πολλῶν</em></strong></span> <span class='ocrx_word' id='word_1_193' title='bbox 1603 2387 1638 2436; x_wconf 81' lang='grc' dir='ltr'><strong><em>(τι</em></strong></span> <span class='ocrx_word' id='word_1_194' title='bbox 1653 2385 1710 2428; x_wconf 72' lang='lat'>1³11·</span> 
     </span>
     <span class='ocr_line' id='line_1_21' title="bbox 334 2468 1642 2557; baseline 0.001 -21"><span class='ocrx_word' id='word_1_195' title='bbox 334 2474 530 2557; x_wconf 74' lang='grc' dir='ltr'><strong><em>ἐπεγείρων</em></strong></span> <span class='ocrx_word' id='word_1_196' title='bbox 553 2473 650 2534; x_wconf 86' lang='grc' dir='ltr'><strong><em>αύτοί</em></strong></span> <span class='ocrx_word' id='word_1_197' title='bbox 670 2468 779 2535; x_wconf 87' lang='grc' dir='ltr'><strong><em>τελεῖν</em></strong></span> <span class='ocrx_word' id='word_1_198' title='bbox 799 2473 859 2534; x_wconf 87' lang='grc' dir='ltr'><strong><em>τόν</em></strong></span> <span class='ocrx_word' id='word_1_199' title='bbox 882 2470 988 2552; x_wconf 86' lang='grc' dir='ltr'><strong><em>όχλον,</em></strong></span> <span class='ocrx_word' id='word_1_200' title='bbox 1010 2469 1058 2554; x_wconf 75' lang='grc' dir='ltr'><strong><em>τῷ</em></strong></span> <span class='ocrx_word' id='word_1_201' title='bbox 1082 2474 1155 2535; x_wconf 91' lang='grc' dir='ltr'><strong><em>όντι</em></strong></span> <span class='ocrx_word' id='word_1_202' title='bbox 1176 2472 1340 2554; x_wconf 87' lang='grc' dir='ltr'><strong><em>βακχείων</em></strong></span> <span class='ocrx_word' id='word_1_203' title='bbox 1354 2473 1450 2546; x_wconf 84' lang='grc' dir='ltr'><strong><em>τινός</em></strong></span> <span class='ocrx_word' id='word_1_204' title='bbox 1467 2473 1590 2557; x_wconf 82' lang='grc' dir='ltr'><strong><em>σκηνάς</em></strong></span> <span class='ocrx_word' id='word_1_205' title='bbox 1611 2486 1642 2537; x_wconf 81' lang='grc'><strong><em>11)</em></strong></span> 
     </span>
     <span class='ocr_line' id='line_1_22' title="bbox 335 2565 1592 2660; baseline -0.001 -23"><span class='ocrx_word' id='word_1_206' title='bbox 335 2571 550 2648; x_wconf 86' lang='grc' dir='ltr'><strong><em>ἀκαλύπτους</em></strong></span> <span class='ocrx_word' id='word_1_207' title='bbox 572 2569 763 2659; x_wconf 87' lang='grc' dir='ltr'><strong><em>πηξάμενοι</em></strong></span> <span class='ocrx_word' id='word_1_208' title='bbox 785 2574 820 2636; x_wconf 75' lang='grc' dir='ltr'><strong><em>ἔν</em></strong></span> <span class='ocrx_word' id='word_1_209' title='bbox 842 2590 915 2637; x_wconf 92' lang='grc' dir='ltr'><strong><em>τισι</em></strong></span> <span class='ocrx_word' id='word_1_210' title='bbox 936 2579 1111 2658; x_wconf 82' lang='grc' dir='ltr'><strong><em>τραγικαῖς</em></strong></span> <span class='ocrx_word' id='word_1_211' title='bbox 1139 2571 1300 2660; x_wconf 90' lang='grc' dir='ltr'><strong><em>τριόδοις.</em></strong></span> <span class='ocrx_word' id='word_1_212' title='bbox 1351 2571 1447 2638; x_wconf 83' lang='grc' dir='ltr'><strong><em>οότοι</em></strong></span> <span class='ocrx_word' id='word_1_213' title='bbox 1470 2565 1503 2637; x_wconf 87' lang='grc' dir='ltr'><strong><em>δ’</em></strong></span> <span class='ocrx_word' id='word_1_214' title='bbox 1533 2574 1592 2636; x_wconf 83' lang='grc' dir='ltr'><strong><em>οὖν</em></strong></span> 
     </span>
    </p>
   </div>
   <div class='ocr_carea' id='block_1_4' title="bbox 284 2676 1642 3480">
    <p class='ocr_par' dir='ltr' id='par_1_6' title="bbox 284 2676 1642 3480">
     <span class='ocr_line' id='line_1_23' title="bbox 335 2676 1591 2760; baseline 0 -22"><span class='ocrx_word' id='word_1_215' title='bbox 335 2679 462 2752; x_wconf 81' lang='grc' dir='ltr'><strong><em>πάντες</em></strong></span> <span class='ocrx_word' id='word_1_216' title='bbox 492 2676 527 2738; x_wconf 83' lang='grc' dir='ltr'><strong><em>οἱ</em></strong></span> <span class='ocrx_word' id='word_1_217' title='bbox 555 2677 698 2760; x_wconf 82' lang='grc' dir='ltr'><strong><em>ποιηταί</em></strong></span> <span class='ocrx_word' id='word_1_218' title='bbox 723 2677 808 2738; x_wconf 83' lang='grc' dir='ltr'><strong><em>κατὰ</em></strong></span> <span class='ocrx_word' id='word_1_219' title='bbox 837 2676 943 2739; x_wconf 81' lang='grc' dir='ltr'><strong><em>ταύτὰ</em></strong></span> <span class='ocrx_word' id='word_1_220' title='bbox 971 2679 1031 2740; x_wconf 89' lang='grc' dir='ltr'><strong><em>τόν</em></strong></span> <span class='ocrx_word' id='word_1_221' title='bbox 1062 2683 1199 2760; x_wconf 90' lang='grc' dir='ltr'><strong><em>πρῶτον</em></strong></span> <span class='ocrx_word' id='word_1_222' title='bbox 1231 2678 1288 2740; x_wconf 82' lang='grc' dir='ltr'><strong><em>καὶ</em></strong></span> <span class='ocrx_word' id='word_1_223' title='bbox 1318 2681 1478 2759; x_wconf 82' lang='grc' dir='ltr'><strong><em>μέγιστον</em></strong></span> <span class='ocrx_word' id='word_1_224' title='bbox 1507 2677 1591 2740; x_wconf 82' lang='grc' dir='ltr'><strong><em>θεὸν</em></strong></span> 
     </span>
     <span class='ocr_line' id='line_1_24' title="bbox 336 2774 1590 2865; baseline 0.001 -25"><span class='ocrx_word' id='word_1_225' title='bbox 336 2781 468 2862; x_wconf 81' lang='grc' dir='ltr'><strong><em>πατέρα</em></strong></span> <span class='ocrx_word' id='word_1_226' title='bbox 496 2775 638 2843; x_wconf 89' lang='grc' dir='ltr'><strong><em>καλοῦσι</em></strong></span> <span class='ocrx_word' id='word_1_227' title='bbox 667 2774 854 2864; x_wconf 76' lang='grc' dir='ltr'><strong><em>συλλήβδην</em></strong></span> <span class='ocrx_word' id='word_1_228' title='bbox 882 2780 1035 2855; x_wconf 83' lang='grc' dir='ltr'><strong><em>ἅπαντος</em></strong></span> <span class='ocrx_word' id='word_1_229' title='bbox 1062 2787 1126 2842; x_wconf 87' lang='grc' dir='ltr'><strong><em>τοῦ</em></strong></span> <span class='ocrx_word' id='word_1_230' title='bbox 1152 2777 1289 2862; x_wconf 89' lang='grc' dir='ltr'><strong><em>λογικοῦ</em></strong></span> <span class='ocrx_word' id='word_1_231' title='bbox 1313 2784 1430 2861; x_wconf 87' lang='grc' dir='ltr'><strong><em>γένους</em></strong></span> <span class='ocrx_word' id='word_1_232' title='bbox 1463 2780 1520 2842; x_wconf 89' lang='grc' dir='ltr'><strong><em>καί</em></strong></span> <span class='ocrx_word' id='word_1_233' title='bbox 1551 2775 1590 2865; x_wconf 84' lang='grc' dir='ltr'><strong><em>δή</em></strong></span> 
     </span>
     <span class='ocr_line' id='line_1_25' title="bbox 284 2876 1594 2966; baseline -0.004 -19"><span class='ocrx_word' id='word_1_234' title='bbox 284 2884 325 2949; x_wconf 88' lang='grc'><strong><em>36</em></strong></span> <span class='ocrx_word' id='word_1_235' title='bbox 336 2883 393 2944; x_wconf 87' lang='grc' dir='ltr'><strong><em>καί</em></strong></span> <span class='ocrx_word' id='word_1_236' title='bbox 406 2877 560 2962; x_wconf 81' lang='grc' dir='ltr'><strong><em>βασιλέα.</em></strong></span> <span class='ocrx_word' id='word_1_237' title='bbox 599 2879 651 2956; x_wconf 90' lang='grc' dir='ltr'><strong><em>οίς</em></strong></span> <span class='ocrx_word' id='word_1_238' title='bbox 666 2881 872 2960; x_wconf 86' lang='grc' dir='ltr'><strong><em>πειθόμενοι</em></strong></span> <span class='ocrx_word' id='word_1_239' title='bbox 888 2881 922 2942; x_wconf 93' lang='grc' dir='ltr'><strong><em>οί</em></strong></span> <span class='ocrx_word' id='word_1_240' title='bbox 936 2882 1121 2966; x_wconf 80' lang='grc' dir='ltr'><strong><em>ἀνθρωττοι</em></strong></span> <span class='ocrx_word' id='word_1_241' title='bbox 1135 2883 1222 2956; x_wconf 88' lang='grc' dir='ltr'><strong><em>Διὸς</em></strong></span> <span class='ocrx_word' id='word_1_242' title='bbox 1235 2878 1404 2960; x_wconf 80' lang='grc' dir='ltr'><strong><em>βασιλέως</em></strong></span> <span class='ocrx_word' id='word_1_243' title='bbox 1420 2876 1594 2963; x_wconf 90' lang='grc' dir='ltr'><strong><em>ίδρύοντοι</em></strong></span> 
     </span>
     <span class='ocr_line' id='line_1_26' title="bbox 334 2979 1642 3069; baseline 0 -23"><span class='ocrx_word' id='word_1_244' title='bbox 334 2985 481 3065; x_wconf 93' lang='grc' dir='ltr'><strong><em>βωμούς,</em></strong></span> <span class='ocrx_word' id='word_1_245' title='bbox 503 2985 560 3046; x_wconf 86' lang='grc' dir='ltr'><strong><em>καί</em></strong></span> <span class='ocrx_word' id='word_1_246' title='bbox 575 2979 614 3069; x_wconf 91' lang='grc' dir='ltr'><strong><em>δή</em></strong></span> <span class='ocrx_word' id='word_1_247' title='bbox 630 2985 694 3064; x_wconf 49' lang='grc' dir='ltr'><strong><em>καί,</em></strong></span> <span class='ocrx_word' id='word_1_248' title='bbox 706 2987 837 3066; x_wconf 84' lang='grc' dir='ltr'><strong><em>πατέρα</em></strong></span> <span class='ocrx_word' id='word_1_249' title='bbox 861 2983 963 3048; x_wconf 86' lang='grc' dir='ltr'><strong><em>αύτδκ</em></strong></span> <span class='ocrx_word' id='word_1_250' title='bbox 986 2984 1044 3046; x_wconf 91' lang='grc' dir='ltr'><strong><em>ούκ</em></strong></span> <span class='ocrx_word' id='word_1_251' title='bbox 1067 2985 1202 3046; x_wconf 86' lang='grc' dir='ltr'><strong><em>ὀκνοῦσι</em></strong></span> <span class='ocrx_word' id='word_1_252' title='bbox 1217 2985 1483 3069; x_wconf 77' lang='grc' dir='ltr'><strong><em>προσαγορεύειν</em></strong></span> <span class='ocrx_word' id='word_1_253' title='bbox 1500 2986 1590 3060; x_wconf 81' lang='grc' dir='ltr'><strong><em>τινὲς</em></strong></span> <span class='ocrx_word' id='word_1_254' title='bbox 1613 2995 1642 3046; x_wconf 75' lang='grc'><strong><em>15</em></strong></span> 
     </span>
     <span class='ocr_line' id='line_1_27' title="bbox 335 3085 1594 3171; baseline -0.002 -20"><span class='ocrx_word' id='word_1_255' title='bbox 335 3089 371 3151; x_wconf 81' lang='grc' dir='ltr'><strong><em>δν</em></strong></span> <span class='ocrx_word' id='word_1_256' title='bbox 392 3091 469 3162; x_wconf 85' lang='grc' dir='ltr'><strong><em>ταῖς</em></strong></span> <span class='ocrx_word' id='word_1_257' title='bbox 491 3087 613 3167; x_wconf 80' lang='grc' dir='ltr'><strong><em>εύχαῖς,</em></strong></span> <span class='ocrx_word' id='word_1_258' title='bbox 637 3087 684 3160; x_wconf 88' lang='grc' dir='ltr'><strong><em>ὡς</em></strong></span> <span class='ocrx_word' id='word_1_259' title='bbox 703 3087 865 3170; x_wconf 84' lang='grc' dir='ltr'><strong><em>τοιαύτης</em></strong></span> <span class='ocrx_word' id='word_1_260' title='bbox 886 3086 979 3160; x_wconf 85' lang='grc' dir='ltr'><strong><em>τινός</em></strong></span> <span class='ocrx_word' id='word_1_261' title='bbox 1001 3085 1104 3170; x_wconf 83' lang='grc' dir='ltr'><strong><em>ἀρχῆς</em></strong></span> <span class='ocrx_word' id='word_1_262' title='bbox 1124 3085 1182 3147; x_wconf 87' lang='grc' dir='ltr'><strong><em>καί</em></strong></span> <span class='ocrx_word' id='word_1_263' title='bbox 1196 3086 1393 3161; x_wconf 88' lang='grc' dir='ltr'><strong><em>συστάσεως</em></strong></span> <span class='ocrx_word' id='word_1_264' title='bbox 1407 3087 1510 3171; x_wconf 87' lang='grc' dir='ltr'><strong><em>ούσης</em></strong></span> <span class='ocrx_word' id='word_1_265' title='bbox 1531 3093 1594 3148; x_wconf 88' lang='grc' dir='ltr'><strong><em>τοῦ</em></strong></span> 
     </span>
     <span class='ocr_line' id='line_1_28' title="bbox 336 3183 1591 3273; baseline -0.001 -22"><span class='ocrx_word' id='word_1_266' title='bbox 336 3190 474 3264; x_wconf 87' lang='grc' dir='ltr'><strong><em>παντός.</em></strong></span> <span class='ocrx_word' id='word_1_267' title='bbox 520 3189 607 3250; x_wconf 87' lang='grc' dir='ltr'><strong><em>ῶστε</em></strong></span> <span class='ocrx_word' id='word_1_268' title='bbox 628 3188 733 3271; x_wconf 84' lang='grc' dir='ltr'><strong><em>ταύτῃ</em></strong></span> <span class='ocrx_word' id='word_1_269' title='bbox 754 3206 792 3270; x_wconf 82' lang='grc' dir='ltr'><strong><em>γε</em></strong></span> <span class='ocrx_word' id='word_1_270' title='bbox 815 3184 892 3250; x_wconf 75' lang='grc' dir='ltr'><strong><em>οὐδὲ</em></strong></span> <span class='ocrx_word' id='word_1_271' title='bbox 916 3185 1008 3249; x_wconf 87' lang='grc' dir='ltr'><strong><em>οἷκον</em></strong></span> <span class='ocrx_word' id='word_1_272' title='bbox 1031 3183 1168 3249; x_wconf 91' lang='grc' dir='ltr'><strong><em>δοκοῦσί</em></strong></span> <span class='ocrx_word' id='word_1_273' title='bbox 1188 3205 1250 3268; x_wconf 93' lang='grc' dir='ltr'><strong><em>μοι</em></strong></span> <span class='ocrx_word' id='word_1_274' title='bbox 1272 3188 1410 3273; x_wconf 81' lang='grc' dir='ltr'><strong><em>όκνήσαι</em></strong></span> <span class='ocrx_word' id='word_1_275' title='bbox 1441 3189 1482 3250; x_wconf 89' lang='grc' dir='ltr'><strong><em>ἀν</em></strong></span> <span class='ocrx_word' id='word_1_276' title='bbox 1505 3189 1591 3250; x_wconf 87' lang='grc' dir='ltr'><strong><em>ἀπο·</em></strong></span> 
     </span>
     <span class='ocr_line' id='line_1_29' title="bbox 337 3288 1591 3377; baseline -0.001 -24"><span class='ocrx_word' id='word_1_277' title='bbox 337 3291 518 3377; x_wconf 88' lang='grc' dir='ltr'><strong><em>φήνασθαι</em></strong></span> <span class='ocrx_word' id='word_1_278' title='bbox 539 3295 602 3352; x_wconf 91' lang='grc' dir='ltr'><strong><em>τοῦ</em></strong></span> <span class='ocrx_word' id='word_1_279' title='bbox 621 3289 708 3365; x_wconf 89' lang='grc' dir='ltr'><strong><em>Διός</em></strong></span> <span class='ocrx_word' id='word_1_280' title='bbox 729 3291 788 3352; x_wconf 90' lang='grc' dir='ltr'><strong><em>τόν</em></strong></span> <span class='ocrx_word' id='word_1_281' title='bbox 811 3291 946 3352; x_wconf 82' lang='grc' dir='ltr'><strong><em>ἅπαντα</em></strong></span> <span class='ocrx_word' id='word_1_282' title='bbox 968 3291 1105 3369; x_wconf 90' lang='grc' dir='ltr'><strong><em>κόσμον,</em></strong></span> <span class='ocrx_word' id='word_1_283' title='bbox 1128 3288 1225 3374; x_wconf 81' lang='grc' dir='ltr'><strong><em>εἴπερ</em></strong></span> <span class='ocrx_word' id='word_1_284' title='bbox 1249 3291 1323 3353; x_wconf 75' lang='grc' dir='ltr'><strong><em>ἐστὶ</em></strong></span> <span class='ocrx_word' id='word_1_285' title='bbox 1338 3292 1450 3376; x_wconf 86' lang='grc' dir='ltr'><strong><em>πατήρ</em></strong></span> <span class='ocrx_word' id='word_1_286' title='bbox 1466 3297 1533 3353; x_wconf 87' lang='grc' dir='ltr'><strong><em>τῶν</em></strong></span> <span class='ocrx_word' id='word_1_287' title='bbox 1556 3293 1591 3352; x_wconf 77' lang='grc' dir='ltr'><strong><em>ἐν</em></strong></span> 
     </span>
     <span class='ocr_line' id='line_1_30' title="bbox 335 3387 1591 3480; baseline 0.001 -25"><span class='ocrx_word' id='word_1_288' title='bbox 335 3391 441 3475; x_wconf 77' lang='grc' dir='ltr'><strong><em>αύτῷ,</em></strong></span> <span class='ocrx_word' id='word_1_289' title='bbox 469 3393 526 3455; x_wconf 89' lang='grc' dir='ltr'><strong><em>καί</em></strong></span> <span class='ocrx_word' id='word_1_290' title='bbox 547 3393 585 3478; x_wconf 89' lang='grc' dir='ltr'><strong><em>νή</em></strong></span> <span class='ocrx_word' id='word_1_291' title='bbox 609 3393 679 3454; x_wconf 93' lang='grc' dir='ltr'><strong><em>Δία</em></strong></span> <span class='ocrx_word' id='word_1_292' title='bbox 702 3387 820 3468; x_wconf 87' lang='grc' dir='ltr'><strong><em>πόλιν,</em></strong></span> <span class='ocrx_word' id='word_1_293' title='bbox 850 3392 966 3477; x_wconf 87' lang='grc' dir='ltr'><strong><em>ῶσπερ</em></strong></span> <span class='ocrx_word' id='word_1_294' title='bbox 995 3394 1093 3477; x_wconf 86' lang='grc' dir='ltr'><strong><em>ήμεϊς</em></strong></span> <span class='ocrx_word' id='word_1_295' title='bbox 1122 3387 1388 3476; x_wconf 85' lang='grc' dir='ltr'><strong><em>προσεικάζομεν</em></strong></span> <span class='ocrx_word' id='word_1_296' title='bbox 1416 3393 1501 3456; x_wconf 84' lang='grc' dir='ltr'><strong><em>κατὰ</em></strong></span> <span class='ocrx_word' id='word_1_297' title='bbox 1531 3397 1591 3480; x_wconf 86' lang='grc' dir='ltr'><strong><em>τήν</em></strong></span> 
     </span>
    </p>
   </div>
   <div class='ocr_carea' id='block_1_5' title="bbox 339 3573 1591 3584">
    <p class='ocr_par' dir='ltr' id='par_1_7' title="bbox 339 3573 1591 3584">
     <span class='ocr_line' id='line_1_31' title="bbox 339 3573 1591 3584; baseline 0.001 -4"><span class='ocrx_word' id='word_1_298' title='bbox 339 3575 354 3582; x_wconf 83' lang='grc'><strong><em>.-</em></strong></span> <span class='ocrx_word' id='word_1_299' title='bbox 372 3575 437 3580; x_wconf 88' lang='grc'><strong><em>--</em></strong></span> <span class='ocrx_word' id='word_1_300' title='bbox 467 3574 530 3580; x_wconf 81' lang='lat'><strong><em>——-</em></strong></span> <span class='ocrx_word' id='word_1_301' title='bbox 556 3574 629 3579; x_wconf 75' lang='lat'><strong><em>-—</em></strong></span> <span class='ocrx_word' id='word_1_302' title='bbox 656 3573 715 3579; x_wconf 82' lang='lat'><em>----</em></span> <span class='ocrx_word' id='word_1_303' title='bbox 802 3574 849 3578; x_wconf 84' lang='lat'><strong><em>---</em></strong></span> <span class='ocrx_word' id='word_1_304' title='bbox 874 3574 891 3578; x_wconf 82' lang='grc'><strong>-</strong></span> <span class='ocrx_word' id='word_1_305' title='bbox 912 3573 976 3580; x_wconf 75' lang='lat'><strong><em>—-..</em></strong></span> <span class='ocrx_word' id='word_1_306' title='bbox 1000 3573 1068 3578; x_wconf 82' lang='lat'><strong><em>--—</em></strong></span> <span class='ocrx_word' id='word_1_307' title='bbox 1117 3574 1152 3580; x_wconf 72' lang='grc'><strong><em>..-</em></strong></span> <span class='ocrx_word' id='word_1_308' title='bbox 1187 3575 1404 3581; x_wconf 54' lang='grc' dir='ltr'><strong><em>--ι-η-ῌ-</em></strong></span> <span class='ocrx_word' id='word_1_309' title='bbox 1421 3575 1591 3584; x_wconf 72' lang='grc'><strong><em>...-..-..-</em></strong></span> 
     </span>
    </p>
   </div>
   <div class='ocr_carea' id='block_1_6' title="bbox 333 3667 1593 4610">
    <p class='ocr_par' dir='ltr' id='par_1_8' title="bbox 333 3667 1593 4610">
     <span class='ocr_line' id='line_1_32' title="bbox 423 3667 1591 3754; baseline 0.01 -28"><span class='ocrx_word' id='word_1_310' title='bbox 423 3684 433 3732; x_wconf 81' lang='grc'><strong><em>1</em></strong></span> <span class='ocrx_word' id='word_1_311' title='bbox 454 3675 608 3735; x_wconf 64' lang='grc' dir='ltr'><strong><em>κινδυνεύει</em></strong></span> <span class='ocrx_word' id='word_1_312' title='bbox 624 3672 682 3750; x_wconf 73' lang='grc' dir='ltr'><strong><em>γὰρ</em></strong></span> <span class='ocrx_word' id='word_1_313' title='bbox 701 3668 754 3735; x_wconf 70' lang='grc' dir='ltr'><strong><em>οὖν</em></strong></span> <span class='ocrx_word' id='word_1_314' title='bbox 769 3671 804 3749; x_wconf 75' lang='grc' dir='ltr'><strong><em>δὴ</em></strong></span> <span class='ocrx_word' id='word_1_315' title='bbox 821 3675 844 3728; x_wconf 91' lang='grc' dir='ltr'>Β</span> <span class='ocrx_word' id='word_1_316' title='bbox 861 3672 1031 3734; x_wconf 76' lang='grc' dir='ltr'><strong><em>κινδυνεύειν</em></strong></span> <span class='ocrx_word' id='word_1_317' title='bbox 1048 3672 1106 3750; x_wconf 82' lang='grc' dir='ltr'><strong><em>γὰρ</em></strong></span> <span class='ocrx_word' id='word_1_318' title='bbox 1125 3667 1177 3735; x_wconf 78' lang='grc' dir='ltr'><strong><em>οὖν</em></strong></span> <span class='ocrx_word' id='word_1_319' title='bbox 1193 3679 1237 3735; x_wconf 84' lang='grc' dir='ltr'><strong><em>δεῖ</em></strong></span> <span class='ocrx_word' id='word_1_320' title='bbox 1250 3675 1279 3731; x_wconf 87' lang='grc' dir='ltr'><strong><em>Μ</em></strong></span> <span class='ocrx_word' id='word_1_321' title='bbox 1296 3673 1467 3737; x_wconf 80' lang='grc' dir='ltr'><strong><em>κινδυνεύειν</em></strong></span> <span class='ocrx_word' id='word_1_322' title='bbox 1482 3675 1541 3754; x_wconf 80' lang='grc' dir='ltr'><strong><em>γὰρ</em></strong></span> <span class='ocrx_word' id='word_1_323' title='bbox 1559 3677 1591 3752; x_wconf 67' lang='grc' dir='ltr'><strong><em>δι’]</em></strong></span> 
     </span>
     <span class='ocr_line' id='line_1_33' title="bbox 335 3754 1591 3839; baseline 0.002 -17"><span class='ocrx_word' id='word_1_324' title='bbox 335 3765 358 3822; x_wconf 88' lang='lat' dir='ltr'>U</span> <span class='ocrx_word' id='word_1_325' title='bbox 374 3763 527 3824; x_wconf 80' lang='grc' dir='ltr'><strong><em>κινδυνεύει</em></strong></span> <span class='ocrx_word' id='word_1_326' title='bbox 544 3759 602 3839; x_wconf 80' lang='grc' dir='ltr'><strong><em>γὰρ</em></strong></span> <span class='ocrx_word' id='word_1_327' title='bbox 619 3759 651 3836; x_wconf 77' lang='grc' dir='ltr'><strong><em>δή</em></strong></span> <span class='ocrx_word' id='word_1_328' title='bbox 670 3763 694 3818; x_wconf 83' lang='grc' dir='ltr'><strong>Τ</strong></span> <span class='ocrx_word' id='word_1_329' title='bbox 780 3768 796 3818; x_wconf 89' lang='lat'>2</span> <span class='ocrx_word' id='word_1_330' title='bbox 814 3758 873 3821; x_wconf 80' lang='grc' dir='ltr'><strong><em>ἀπο</em></strong></span> <span class='ocrx_word' id='word_1_331' title='bbox 893 3757 1002 3834; x_wconf 83' lang='grc' dir='ltr'><strong><em>στόχου</em></strong></span> <span class='ocrx_word' id='word_1_332' title='bbox 1019 3761 1042 3818; x_wconf 91' lang='lat' dir='ltr'>U</span> <span class='ocrx_word' id='word_1_333' title='bbox 1060 3759 1121 3821; x_wconf 80' lang='grc' dir='ltr'><strong><em>ἀπο</em></strong></span> <span class='ocrx_word' id='word_1_334' title='bbox 1139 3765 1249 3835; x_wconf 83' lang='grc' dir='ltr'><strong><em>στοχού</em></strong></span> <span class='ocrx_word' id='word_1_335' title='bbox 1266 3763 1290 3818; x_wconf 82' lang='grc' dir='ltr'><strong>Β</strong></span> <span class='ocrx_word' id='word_1_336' title='bbox 1307 3754 1465 3837; x_wconf 81' lang='grc' dir='ltr'><strong><em>ἀποοτοχοι</em></strong></span> <span class='ocrx_word' id='word_1_337' title='bbox 1482 3763 1513 3820; x_wconf 97' lang='grc' dir='ltr'><strong><em>Μ</em></strong></span> <span class='ocrx_word' id='word_1_338' title='bbox 1531 3761 1591 3824; x_wconf 81' lang='grc' dir='ltr'><strong><em>ἀπο</em></strong></span> 
     </span>
     <span class='ocr_line' id='line_1_34' title="bbox 334 3841 1592 3923; baseline -0.005 -14"><span class='ocrx_word' id='word_1_339' title='bbox 334 3849 543 3923; x_wconf 86' lang='grc' dir='ltr'><strong><em>στοχασμοῦΤ</em></strong></span> <span class='ocrx_word' id='word_1_340' title='bbox 629 3848 827 3923; x_wconf 71' lang='grc' dir='ltr'><strong><em>φθέγγεταιΒ</em></strong></span> <span class='ocrx_word' id='word_1_341' title='bbox 913 3841 983 3906; x_wconf 76' lang='grc' dir='ltr'><strong><em>θού</em></strong></span> <span class='ocrx_word' id='word_1_342' title='bbox 1001 3849 1100 3905; x_wconf 88' lang='grc' dir='ltr'><strong><em>τοίνυν</em></strong></span> <span class='ocrx_word' id='word_1_343' title='bbox 1115 3847 1186 3914; x_wconf 79' lang='lat' dir='ltr'><strong>libri,</strong></span> <span class='ocrx_word' id='word_1_344' title='bbox 1204 3843 1240 3906; x_wconf 82' lang='grc' dir='ltr'><strong><em>ού</em></strong></span> <span class='ocrx_word' id='word_1_345' title='bbox 1256 3848 1356 3918; x_wconf 81' lang='grc' dir='ltr'><strong><em>μέντοι</em></strong></span> <span class='ocrx_word' id='word_1_346' title='bbox 1374 3849 1456 3922; x_wconf 79' lang='lat' dir='ltr'><strong>Emp.</strong></span> <span class='ocrx_word' id='word_1_347' title='bbox 1541 3871 1592 3921; x_wconf 80' lang='grc' dir='ltr'><strong><em>με-</em></strong></span> 
     </span>
     <span class='ocr_line' id='line_1_35' title="bbox 333 3931 1593 4009; baseline 0 -15"><span class='ocrx_word' id='word_1_348' title='bbox 333 3939 460 4009; x_wconf 81' lang='grc' dir='ltr'><strong><em>μνῆσθαι</em></strong></span> <span class='ocrx_word' id='word_1_349' title='bbox 479 3936 521 3991; x_wconf 79' lang='lat' dir='ltr'><strong><em>B?</em></strong></span> <span class='ocrx_word' id='word_1_350' title='bbox 591 3934 848 4005; x_wconf 82' lang='grc' dir='ltr'><strong><em>1μοιονμένυινΤ</em></strong></span> <span class='ocrx_word' id='word_1_351' title='bbox 917 3932 983 4002; x_wconf 75' lang='grc' dir='ltr'><strong><em>πέρι</em></strong></span> <span class='ocrx_word' id='word_1_352' title='bbox 1002 3931 1025 3988; x_wconf 89' lang='lat' dir='ltr'>U</span> <span class='ocrx_word' id='word_1_353' title='bbox 1042 3935 1109 4005; x_wconf 81' lang='grc' dir='ltr'><strong><em>περί</em></strong></span> <span class='ocrx_word' id='word_1_354' title='bbox 1127 3933 1212 3990; x_wconf 67' lang='lat' dir='ltr'>ceteri</span> <span class='ocrx_word' id='word_1_355' title='bbox 1296 3935 1422 4008; x_wconf 75' lang='grc' dir='ltr'><strong><em>δσαφὲς</em></strong></span> <span class='ocrx_word' id='word_1_356' title='bbox 1439 3952 1474 3992; x_wconf 78' lang='lat'><strong><em>01</em></strong></span> <span class='ocrx_word' id='word_1_357' title='bbox 1491 3941 1593 4009; x_wconf 79' lang='grc' dir='ltr'><strong><em>σαφῶς</em></strong></span> 
     </span>
     <span class='ocr_line' id='line_1_36' title="bbox 333 4015 1592 4095; baseline 0 -17"><span class='ocrx_word' id='word_1_358' title='bbox 333 4039 369 4078; x_wconf 84' lang='lat' dir='ltr'><strong><em>m.</em></strong></span> <span class='ocrx_word' id='word_1_359' title='bbox 388 4037 429 4092; x_wconf 83' lang='lat' dir='ltr'><strong><em>pr.</em></strong></span> <span class='ocrx_word' id='word_1_360' title='bbox 447 4021 472 4078; x_wconf 89' lang='lat' dir='ltr'>U</span> <span class='ocrx_word' id='word_1_361' title='bbox 557 4015 645 4088; x_wconf 76' lang='grc' dir='ltr'><strong><em>ῦέξα</em></strong></span> <span class='ocrx_word' id='word_1_362' title='bbox 663 4021 735 4077; x_wconf 78' lang='grc' dir='ltr'><strong><em>δύω</em></strong></span> <span class='ocrx_word' id='word_1_363' title='bbox 751 4019 870 4076; x_wconf 70' lang='lat' dir='ltr'><strong><em>cebetas</em></strong></span> <span class='ocrx_word' id='word_1_364' title='bbox 888 4018 918 4074; x_wconf 84' lang='lat'><strong><em>0.</em></strong></span> <span class='ocrx_word' id='word_1_365' title='bbox 936 4017 981 4074; x_wconf 82' lang='lat' dir='ltr'><strong><em>Or.</em></strong></span> <span class='ocrx_word' id='word_1_366' title='bbox 1000 4033 1027 4088; x_wconf 85' lang='lat' dir='ltr'><strong><em>p.</em></strong></span> <span class='ocrx_word' id='word_1_367' title='bbox 1041 4023 1072 4073; x_wconf 80' lang='grc'><strong><em>91</em></strong></span> <span class='ocrx_word' id='word_1_368' title='bbox 1142 4021 1203 4076; x_wconf 80' lang='grc' dir='ltr'><strong><em>τῶν</em></strong></span> <span class='ocrx_word' id='word_1_369' title='bbox 1219 4023 1344 4078; x_wconf 82' lang='grc' dir='ltr'><strong><em>τελετῶν</em></strong></span> <span class='ocrx_word' id='word_1_370' title='bbox 1359 4015 1512 4095; x_wconf 75' lang='grc' dir='ltr'><strong><em>ὑπηρέταις</em></strong></span> <span class='ocrx_word' id='word_1_371' title='bbox 1528 4022 1592 4088; x_wconf 83' lang='lat' dir='ltr'><strong>(hoc</strong></span> 
     </span>
     <span class='ocr_line' id='line_1_37' title="bbox 335 4099 1505 4177; baseline -0.002 -13"><span class='ocrx_word' id='word_1_372' title='bbox 335 4107 446 4175; x_wconf 82' lang='lat' dir='ltr'><strong>ord.)T</strong></span> <span class='ocrx_word' id='word_1_373' title='bbox 532 4099 672 4172; x_wconf 80' lang='grc' dir='ltr'><strong><em>9αύτονς</em></strong></span> <span class='ocrx_word' id='word_1_374' title='bbox 689 4105 768 4162; x_wconf 79' lang='grc' dir='ltr'><strong><em>ΜΠΤ</em></strong></span> <span class='ocrx_word' id='word_1_375' title='bbox 868 4110 898 4160; x_wconf 87' lang='grc'><strong><em>10</em></strong></span> <span class='ocrx_word' id='word_1_376' title='bbox 916 4123 949 4162; x_wconf 83' lang='grc' dir='ltr'><strong><em>τε</em></strong></span> <span class='ocrx_word' id='word_1_377' title='bbox 964 4103 1027 4159; x_wconf 74' lang='grc' dir='ltr'><strong><em>εδδ.</em></strong></span> <span class='ocrx_word' id='word_1_378' title='bbox 1045 4104 1125 4174; x_wconf 84' lang='lat' dir='ltr'><strong>Emp.</strong></span> <span class='ocrx_word' id='word_1_379' title='bbox 1219 4110 1247 4160; x_wconf 92' lang='grc'><strong><em>11</em></strong></span> <span class='ocrx_word' id='word_1_380' title='bbox 1268 4109 1328 4163; x_wconf 77' lang='grc' dir='ltr'><strong><em>τῶν</em></strong></span> <span class='ocrx_word' id='word_1_381' title='bbox 1344 4107 1408 4163; x_wconf 67' lang='grc' dir='ltr'><strong><em>αδδ.</em></strong></span> <span class='ocrx_word' id='word_1_382' title='bbox 1425 4107 1505 4177; x_wconf 84' lang='lat' dir='ltr'><strong>Emp.</strong></span> 
     </span>
     <span class='ocr_line' id='line_1_38' title="bbox 335 4181 1592 4263; baseline 0 -15"><span class='ocrx_word' id='word_1_383' title='bbox 335 4199 367 4249; x_wconf 82' lang='lat'><strong><em>14</em></strong></span> <span class='ocrx_word' id='word_1_384' title='bbox 384 4197 451 4252; x_wconf 80' lang='grc' dir='ltr'><strong><em>θεῖα</em></strong></span> <span class='ocrx_word' id='word_1_385' title='bbox 469 4191 500 4249; x_wconf 88' lang='grc' dir='ltr'><strong><em>Μ</em></strong></span> <span class='ocrx_word' id='word_1_386' title='bbox 607 4197 638 4248; x_wconf 68' lang='grc'><strong><em>11</em></strong></span> <span class='ocrx_word' id='word_1_387' title='bbox 655 4184 727 4258; x_wconf 74' lang='grc' dir='ltr'><strong><em>αὐτὴ</em></strong></span> <span class='ocrx_word' id='word_1_388' title='bbox 744 4189 774 4246; x_wconf 92' lang='grc' dir='ltr'><strong><em>Μ</em></strong></span> <span class='ocrx_word' id='word_1_389' title='bbox 860 4194 892 4245; x_wconf 82' lang='grc'><strong><em>16</em></strong></span> <span class='ocrx_word' id='word_1_390' title='bbox 909 4181 929 4248; x_wconf 69' lang='grc' dir='ltr'><strong><em>δι’</em></strong></span> <span class='ocrx_word' id='word_1_391' title='bbox 947 4185 1076 4261; x_wconf 74' lang='grc' dir='ltr'><strong><em>ἔπασχον</em></strong></span> <span class='ocrx_word' id='word_1_392' title='bbox 1092 4203 1116 4247; x_wconf 78' lang='grc' dir='ltr'><strong><em>ο.</em></strong></span> <span class='ocrx_word' id='word_1_393' title='bbox 1133 4205 1196 4259; x_wconf 67' lang='grc'>(1.1.</span> <span class='ocrx_word' id='word_1_394' title='bbox 1214 4191 1258 4246; x_wconf 79' lang='lat' dir='ltr'><strong><em>vix</em></strong></span> <span class='ocrx_word' id='word_1_395' title='bbox 1275 4206 1357 4260; x_wconf 73' lang='grc' dir='ltr'><strong><em>τινος</em></strong></span> <span class='ocrx_word' id='word_1_396' title='bbox 1375 4191 1492 4248; x_wconf 69' lang='lat' dir='ltr'>fortune</span> <span class='ocrx_word' id='word_1_397' title='bbox 1509 4205 1592 4263; x_wconf 67' lang='lat' dir='ltr'><strong>quw·</strong></span> 
     </span>
     <span class='ocr_line' id='line_1_39' title="bbox 334 4269 1592 4348; baseline -0.003 -13"><span class='ocrx_word' id='word_1_398' title='bbox 334 4279 396 4335; x_wconf 73' lang='lat' dir='ltr'><strong><em>dam</em></strong></span> <span class='ocrx_word' id='word_1_399' title='bbox 412 4278 572 4335; x_wconf 76' lang='lat' dir='ltr'>exciderunt</span> <span class='ocrx_word' id='word_1_400' title='bbox 587 4293 611 4334; x_wconf 82' lang='grc' dir='ltr'><strong><em>ε.</em></strong></span> <span class='ocrx_word' id='word_1_401' title='bbox 629 4293 668 4347; x_wconf 79' lang='lat' dir='ltr'><strong><em>gr.</em></strong></span> <span class='ocrx_word' id='word_1_402' title='bbox 684 4275 751 4347; x_wconf 79' lang='grc' dir='ltr'><strong><em>(καὶ</em></strong></span> <span class='ocrx_word' id='word_1_403' title='bbox 767 4283 862 4334; x_wconf 85' lang='grc' dir='ltr'><strong><em>ποιεῖν</em></strong></span> <span class='ocrx_word' id='word_1_404' title='bbox 880 4271 1000 4345; x_wconf 79' lang='grc' dir='ltr'><strong><em>ἔδοξαν)</em></strong></span> <span class='ocrx_word' id='word_1_405' title='bbox 1015 4269 1051 4346; x_wconf 72' lang='grc' dir='ltr'><strong><em>ά,</em></strong></span> <span class='ocrx_word' id='word_1_406' title='bbox 1072 4277 1181 4332; x_wconf 66' lang='lat' dir='ltr'><strong>nomina</strong></span> <span class='ocrx_word' id='word_1_407' title='bbox 1197 4276 1308 4332; x_wconf 80' lang='lat' dir='ltr'><strong>Homeri</strong></span> <span class='ocrx_word' id='word_1_408' title='bbox 1324 4283 1353 4332; x_wconf 86' lang='grc' dir='ltr'>ε1</span> <span class='ocrx_word' id='word_1_409' title='bbox 1369 4277 1481 4335; x_wconf 68' lang='lat' dir='ltr'><strong>Hesiodi</strong></span> <span class='ocrx_word' id='word_1_410' title='bbox 1498 4275 1592 4348; x_wconf 71' lang='lat' dir='ltr'>utique</span> 
     </span>
     <span class='ocr_line' id='line_1_40' title="bbox 335 4353 1592 4435; baseline -0.001 -16"><span class='ocrx_word' id='word_1_411' title='bbox 335 4363 449 4420; x_wconf 76' lang='grc' dir='ltr'><strong><em>δύοαδι</em></strong></span> <span class='ocrx_word' id='word_1_412' title='bbox 540 4367 572 4420; x_wconf 79' lang='grc'><strong><em>18</em></strong></span> <span class='ocrx_word' id='word_1_413' title='bbox 589 4355 686 4420; x_wconf 76' lang='grc' dir='ltr'><strong><em>αὐτῶν</em></strong></span> <span class='ocrx_word' id='word_1_414' title='bbox 704 4359 781 4417; x_wconf 83' lang='grc' dir='ltr'><strong><em>ῦΤΜ</em></strong></span> <span class='ocrx_word' id='word_1_415' title='bbox 868 4365 900 4416; x_wconf 81' lang='grc'><strong><em>19</em></strong></span> <span class='ocrx_word' id='word_1_416' title='bbox 918 4353 1044 4435; x_wconf 81' lang='grc' dir='ltr'><strong><em>ἀργείον</em></strong></span> <span class='ocrx_word' id='word_1_417' title='bbox 1060 4357 1091 4413; x_wconf 85' lang='grc' dir='ltr'><strong><em>Μ</em></strong></span> <span class='ocrx_word' id='word_1_418' title='bbox 1181 4364 1213 4415; x_wconf 87' lang='grc'><strong><em>11)</em></strong></span> <span class='ocrx_word' id='word_1_419' title='bbox 1230 4363 1363 4434; x_wconf 78' lang='grc' dir='ltr'><strong><em>βακχίου</em></strong></span> <span class='ocrx_word' id='word_1_420' title='bbox 1379 4361 1410 4419; x_wconf 85' lang='grc' dir='ltr'><strong><em>Μ</em></strong></span> <span class='ocrx_word' id='word_1_421' title='bbox 1426 4366 1592 4432; x_wconf 73' lang='lat' dir='ltr'><strong>anapnestos</strong></span> 
     </span>
     <span class='ocr_line' id='line_1_41' title="bbox 335 4439 1591 4517; baseline -0.002 -13"><span class='ocrx_word' id='word_1_422' title='bbox 335 4447 572 4517; x_wconf 79' lang='grc' dir='ltr'><strong><em>οοτι1υἱκςυοιι11</em></strong></span> <span class='ocrx_word' id='word_1_423' title='bbox 588 4446 652 4504; x_wconf 86' lang='lat' dir='ltr'><strong>Wil.</strong></span> <span class='ocrx_word' id='word_1_424' title='bbox 722 4449 755 4500; x_wconf 90' lang='grc'><strong><em>11</em></strong></span> <span class='ocrx_word' id='word_1_425' title='bbox 771 4439 847 4503; x_wconf 80' lang='grc' dir='ltr'><strong><em>κατὰ</em></strong></span> <span class='ocrx_word' id='word_1_426' title='bbox 864 4450 956 4504; x_wconf 84' lang='grc' dir='ltr'><strong><em>ταῦτα</em></strong></span> <span class='ocrx_word' id='word_1_427' title='bbox 972 4444 1044 4513; x_wconf 74' lang='lat' dir='ltr'>libri,</span> <span class='ocrx_word' id='word_1_428' title='bbox 1062 4459 1133 4502; x_wconf 83' lang='lat' dir='ltr'><strong>corr.</strong></span> <span class='ocrx_word' id='word_1_429' title='bbox 1151 4445 1258 4504; x_wconf 77' lang='lat' dir='ltr'>Selden.</span> <span class='ocrx_word' id='word_1_430' title='bbox 1350 4451 1385 4504; x_wconf 78' lang='grc' dir='ltr'>1ο</span> <span class='ocrx_word' id='word_1_431' title='bbox 1401 4445 1591 4504; x_wconf 72' lang='lat' dir='ltr'><strong>scribendum</strong></span> 
     </span>
     <span class='ocr_line' id='line_1_42' title="bbox 335 4523 1269 4610; baseline -0.003 -18"><span class='ocrx_word' id='word_1_432' title='bbox 335 4537 384 4606; x_wconf 77' lang='grc' dir='ltr'><strong><em>τῆς</em></strong></span> <span class='ocrx_word' id='word_1_433' title='bbox 401 4529 491 4609; x_wconf 66' lang='grc' dir='ltr'><strong><em>ἀρχῆς</em></strong></span> <span class='ocrx_word' id='word_1_434' title='bbox 566 4537 601 4588; x_wconf 88' lang='grc'><strong><em>18</em></strong></span> <span class='ocrx_word' id='word_1_435' title='bbox 618 4529 714 4607; x_wconf 77' lang='grc' dir='ltr'><strong><em>πατὴρ</em></strong></span> <span class='ocrx_word' id='word_1_436' title='bbox 732 4524 828 4590; x_wconf 74' lang='grc' dir='ltr'><strong><em>αὐτῶν</em></strong></span> <span class='ocrx_word' id='word_1_437' title='bbox 843 4529 876 4590; x_wconf 77' lang='grc' dir='ltr'><strong><em>ἐν</em></strong></span> <span class='ocrx_word' id='word_1_438' title='bbox 893 4523 972 4610; x_wconf 78' lang='grc' dir='ltr'><strong><em>αὐτῷ</em></strong></span> <span class='ocrx_word' id='word_1_439' title='bbox 988 4531 1059 4598; x_wconf 70' lang='lat' dir='ltr'><strong>libri,</strong></span> <span class='ocrx_word' id='word_1_440' title='bbox 1077 4545 1149 4588; x_wconf 82' lang='lat' dir='ltr'><strong>corr.</strong></span> <span class='ocrx_word' id='word_1_441' title='bbox 1167 4531 1269 4589; x_wconf 73' lang='lat' dir='ltr'><strong>Jacobs</strong></span> 
     </span>
    </p>
   </div>
   <div class='ocr_carea' id='block_1_7' title="bbox 0 0 1736 5264">
    <p class='ocr_par' dir='ltr' id='par_1_9' title="bbox 0 0 1736 5264">
     <span class='ocr_line' id='line_1_43' title="bbox 0 0 1736 5264; baseline 0 0"><span class='ocrx_word' id='word_1_442' title='bbox 0 0 1736 5264; x_wconf 95' lang='lat' dir='ltr'><strong><em> </em></strong></span> 
     </span>
    </p>
   </div>
  </div>
 </body>
</html>
