3454 5272
334 366 397 423 322
836 364 1026 422 APPENDIX
1042 365 1092 422 111.

336 538 564 627 διαφαίνεται.
603 537 674 603 δδέ
699 534 746 602 ιε’
771 543 859 625 πρὸς
876 533 1107 624 Ἀλεξανδρεῖς
1128 541 1189 620 μέν
1204 541 1464 624 ἐπιγέγραπται,
1488 539 1598 628 δήμου

336 640 372 704 δὲ
389 644 493 728 φύσιν
509 643 739 706 ἀναπτύσσων
754 645 879 728 ταύτης
893 647 1106 726 κατατρέχει·
1129 643 1186 704 καὶ
1201 645 1254 704 δτι
1274 644 1319 728 μή
1340 645 1402 728 χρή
1427 646 1486 706 τδν
1504 634 1599 708 ’Aze-

335 741 503 828 ξανδρέων
527 740 642 829 δῆμον,
667 741 738 806 ἴδια
762 741 873 806 πολλά
888 745 931 806 τὰ
948 745 1038 828 πρὸς
1053 745 1174 831 ἀρετήν
1189 741 1450 829 παρακαλοῦντα
1466 745 1598 827 ἐχοντα,

335 855 394 932 τῆς
416 848 452 908 ἐν
473 843 522 928 τῷ
544 843 649 928 κοινῷ
679 842 957 932 ἐπιπολαζούσης
984 855 1132 933 ταραχῆς
1158 849 1217 910 καλ
1245 844 1387 925 ἀταξίας
1414 849 1472 910 καί
1494 849 1599 910 αύτύν

297 948 424 1012 ῦείναι
452 946 688 1033 ἀνδράποδον,
723 947 873 1029 μάλιστα
904 948 940 1013 δέ
975 946 1311 1036 παραφυλάττεσθαι
1339 951 1378 1010 τύ
1413 949 1598 1035 άμάρτημα

334 1052 419 1113 κατά
441 1051 502 1126 τὰς
526 1047 722 1136 δημοτελεῖς
745 1055 949 1136 πανηγύρεις
970 1054 1027 1115 καί
1047 1053 1089 1114 τύ
1105 1052 1247 1136 θέατρα.
1289 1053 1454 1134 Ταρσικοί
1474 1048 1510 1113 δὲ
1535 1049 1598 1114 δύο

335 1151 458 1241 ἐφεξῆς
479 1156 675 1240 ἐπιγραφῆς
697 1155 829 1233 ἐτσχον,
859 1153 905 1216 ὥν
929 1155 948 1216 δ
969 1156 1031 1234 μὲν
1054 1149 1091 1216 α’
1115 1155 1258 1216 ἔπαινόν
1280 1174 1355 1215 τινα
1379 1161 1438 1239 τῆς
1460 1150 1598 1229 πόλεως

335 1261 521 1341 ἐπιτρέχων
551 1257 609 1318 ούκ
638 1253 840 1338 εὐδαίμονας
867 1258 997 1331 ἐκείνας
1025 1257 1216 1342 ἀποφαίνει
1245 1261 1312 1316 τῶν
1336 1252 1486 1333 πόλεων,
1516 1259 1598 1320 δσαι

335 1362 457 1443 κρήνας
484 1360 541 1421 καὶ
569 1362 746 1440 ποταμούς
773 1361 830 1422 καὶ
857 1353 962 1445 κάλλη
1002 1365 1111 1420 στοῶν
1139 1359 1196 1419 καλ
1230 1353 1511 1441 οἰκοδομημάτων
1539 1361 1599 1421 καί

286 1473 314 1522 ὶῦ
334 1468 474 1544 καρπῶν
490 1462 667 1545 ἀφθονίαν
681 1463 738 1524 καὶ
752 1462 794 1524 τά
811 1457 1037 1546 παραπλήσια
1055 1456 1319 1545 προβάλλονται,
1342 1448 1417 1521 ἀλλ’
1443 1461 1478 1521 ἐν
1497 1463 1598 1534 δσαις

337 1559 434 1638 τάξις
455 1563 512 1623 καλ
535 1563 634 1647 ἀρετή
659 1569 726 1625 τῶν
749 1560 1021 1643 πολιτευομένων
1045 1560 1282 1627 διαδείκνυται.
1335 1559 1433 1637 οὗτος
1455 1565 1474 1624 ύ
1498 1559 1599 1645 λύγος

335 1666 392 1726 καί
415 1661 609 1746 παράλογόν
632 1685 666 1726 τι
687 1665 744 1726 καὶ
765 1666 972 1750 ἐφύβριστον
987 1665 1072 1741 έθος
1086 1666 1171 1728 κατά
1189 1673 1304 1751 φωνῆς
1327 1665 1498 1748 ἀντήχησιν
1522 1671 1598 1740 τοῖς

332 1755 588 1850 Ἀλεξανδρεῦσι
604 1769 837 1850 πραττόμενον
853 1767 1014 1842 εὐθύναις
1026 1769 1160 1850 ὑπάγει,
1177 1774 1354 1849 παραινῶν
1373 1767 1598 1846 ἀποσχέσθαι

336 1870 415 1943 τούς
434 1872 628 1951 χρωμένους
649 1869 668 1954 ή
692 1866 819 1949 μᾶλλον
843 1871 952 1932 αὐτῶν
969 1866 1240 1955 πληκτικῶτερον
1261 1871 1537 1950 καθαπτόμενος.
1578 1873 1597 1932 ύ

285 1980 315 2032 1ο
339 1968 375 2032 δὲ
401 1968 556 2056 δεύτερος
579 1978 745 2056 παραινεῖ
761 1976 806 2059 μή
832 1980 1087 2057 συκοφαντικῶς
1116 1975 1204 2056 πρὸς
1233 1974 1313 2048 τούς
1334 1975 1499 2058 ἀρχοντας
1522 1969 1596 2034 δια-

337 2073 489 2150 κεῖσθαι,
512 2064 595 2158 μηδ’
620 2075 680 2136 ἐπί
701 2081 775 2150 τοῖς
799 2075 941 2160 βραχέσι
962 2082 1030 2139 τῶν
1046 2071 1340 2160 παραλυπούντων
1356 2075 1460 2149 εύθύς
1483 2075 1597 2158 ἀνερε-

337 2171 505 2253 θίζεσθαι
520 2177 577 2238 καί
591 2178 823 2241 ἐπαιτιάσθαι
837 2180 986 2252 τούτους.
1027 2179 1046 2238 δ
1068 2174 1103 2239 δέ
1122 2174 1177 2262 ιη’,
1201 2177 1239 2252 ύς
1263 2178 1320 2239 ούκ
1335 2179 1597 2258 ἐπιγέγραπται,

336 2283 371 2340 ἐν
387 2277 572 2355 Κελαιναῖς
593 2282 723 2365 ἐρρήθη
747 2289 807 2366 τῆς
824 2281 983 2362 Φρυγίας.
1025 2276 1249 2361 διαλαμβάνει
1271 2277 1307 2342 δὲ
1331 2282 1378 2355 ῶς
1400 2279 1459 2340 ούκ
1474 2279 1598 2364 ἀρετῆς

337 2382 388 2468 εἴη
421 2389 560 2468 σημεῖον
588 2385 627 2444 τύ
655 2389 777 2463 κομᾶν,
808 2383 924 2467 ὥσπερ
955 2374 1029 2444 οίιδ>
1054 2378 1137 2443 ἀλλο
1166 2402 1201 2444 τι
1228 2389 1295 2444 τῶν
1325 2384 1504 2466 σχημάτων
1526 2388 1596 2444 τῶν

285 2493 313 2544 ιο
337 2488 417 2568 περί
439 2488 477 2548 τύ
508 2493 621 2566 σῶμα,
651 2487 767 2569 ὥσπερ
798 2482 874 2548 σύδέ
897 2487 1026 2548 τούτων
1055 2486 1097 2547 τά
1125 2485 1279 2547 ἐναντία·
1310 2481 1530 2547 διαπλέκετοι
1560 2475 1594 2545 δ’

337 2585 505 2668 αὐτῷκαὶ
532 2596 591 2673 τῆς
622 2584 756 2662 πόλεως
784 2588 935 2661 ἐπαινος.
988 2589 1046 2650 τὸν
1077 2584 1112 2650 δέ
1136 2585 1193 2650 ιθ’
1223 2589 1342 2671 μηνύει
1369 2591 1388 2671 ή
1419 2588 1594 2671 ἐπιγραφή

335 2689 486 2774 ῥηθῆναι
508 2689 569 2767 μέν
591 2690 627 2750 ἐν
649 2687 696 2771 τῷ
721 2688 943 2771 Βορυσθένει,
967 2690 1230 2774 ἀναγνωσθῆναι
1254 2686 1289 2752 δέ
1312 2691 1347 2751 ἐν
1369 2695 1411 2772 τῇ
1434 2685 1595 2767 πατρίδι’

335 2795 370 2854 ἐν
394 2781 422 2873 ᾦ
444 2786 529 2852 ἄλλα
552 2810 589 2852 τε
613 2787 735 2852 δίεισιν
752 2791 772 2852 δ
788 2791 998 2874 συγγραφεύς
1012 2792 1167 2853 καὶκατὰ
1183 2794 1242 2854 τὸν
1257 2788 1478 2854 Πλατωνικὸν
1495 2807 1594 2852 συνο-
1609 2797 1670 2844 (58)

334 2890 479 2976 μολογεῖ
496 2888 594 2978 ζῆλον
625 2893 706 2976 περί
734 2913 770 2956 τε
798 2900 861 2955 τοῦ
883 2889 1089 2978 δημιουργοῦ
1115 2901 1182 2957 τῶν
1211 2891 1298 2957 ύλων
1320 2899 1394 2970 τοῖς
1416 2893 1594 2977 Βορυσθε-

284 3003 314 3056 ῶ
336 2998 445 3071 νίταις
468 2990 660 3073 διειλέχθαι
681 3002 741 3080 τῆς
762 3015 798 3057 τε
820 3002 883 3056 τοῦ
904 2997 1033 3071 παντὸς
1063 2993 1318 3081 διακοσμήσεως
1346 2998 1403 3060 καί
1430 2997 1595 3081 κινήσεως

336 3100 391 3160 καί
418 3105 485 3160 τῶν
515 3099 550 3159 ἐν
581 3094 671 3178 αύτῷ
701 3099 886 3177 στοιχείων.
938 3099 1050 3178 ἔχεται
1080 3096 1118 3162 δέ
1149 3119 1242 3174 τινος
1273 3095 1511 3184 λαμπρότητος
1537 3102 1595 3161 καί

339 3203 543 3285 σεμνότητος
566 3197 666 3275 οδτσς
687 3201 772 3284 ύπέρ
796 3203 875 3275 τούς
897 3197 1020 3276 ἀλλους
1042 3202 1062 3263 δ
1084 3198 1191 3284 λόγος.
1235 3203 1292 3264 καί
1319 3203 1337 3262 δ
1360 3201 1595 3286 Κορινθιακὸς

337 3300 382 3378 δέ,
404 3300 436 3364 κ’
455 3304 510 3376 ῶν,
525 3305 561 3365 ἐν
576 3303 739 3387 Κορίνθῳ
755 3305 816 3383 μέν
828 3303 969 3390 ἐρρήθη,
985 3305 1184 3389 ἐπιτίμησιν
1201 3293 1234 3366 δ’
1253 3305 1363 3366 αὐτῶν
1379 3300 1595 3386 διαπεραίνει

336 3394 418 3464 ἀνθ’
452 3402 497 3467 ὧν
527 3408 632 3468 εέκύνι
659 3405 700 3467 τά
731 3413 851 3489 πρῶτα
882 3408 1085 3492 τιμήσαντες
1116 3407 1216 3469 αύτδν
1246 3409 1386 3490 ὕστερον
1415 3403 1594 3491 ἀποδημή-

283 3513 314 3566 30
337 3521 459 3583 σαντος
486 3509 522 3569 ἐκ
551 3505 712 3594 διαβολῆς
742 3509 780 3570 ού
811 3506 945 3584 δικαίας
974 3506 1187 3592 περιείλοντο
1216 3511 1256 3571 τύ
1277 3513 1386 3593 γέρας.
1438 3511 1534 3592 ἐγγύς
1557 3501 1591 3571 δ’

335 3612 409 3674 ἐστί
430 3617 493 3672 τοῦ
502 3602 675 3674 Ῥοδιακοῦ
694 3612 779 3673 κατὰ
803 3614 862 3697 τήν
884 3613 920 3673 ἐν
944 3608 1057 3694 λύγοις
1072 3613 1189 3696 ῥώμην
1210 3613 1267 3674 καὶ
1289 3613 1411 3697 ἀρετήν
1433 3607 1549 3685 οὗτος·
1572 3615 1593 3695 ή

337 3709 372 3774 δὲ
395 3720 458 3774 τοῦ
478 3713 552 3776 οίον
574 3716 759 3798 προοιμίου
783 3716 979 3798 παράτασις
999 3714 1186 3791 κάνταῦθα,
1211 3716 1258 3790 ὡς
1279 3716 1336 3777 καὶ
1358 3713 1452 3797 παρά
1474 3715 1595 3794 μικρὸν

336 3822 525 3894 πανταχοῦ,
555 3824 614 3900 τῆς
636 3817 756 3901 ἀρετῆς
787 3817 825 3878 ού
847 3822 988 3897 μετέχει.
1041 3824 1103 3878 τοῦ
1124 3814 1159 3879 δέ
1182 3813 1283 3900 κα’ή
1312 3818 1485 3901 ἐπιγραφή
1513 3816 1596 3896 περὶ

335 3924 395 4001 τῆς
417 3919 505 4001 πρὸς
520 3919 661 3993 Νικαεῖς
677 3919 838 3998 δμονοίας
853 3925 920 3982 τῶν
935 3915 1158 4004 Νικομηδέων
1173 3920 1263 3982 ἐστί·
1285 3920 1343 3981 καὶ
1357 3925 1476 3980 τοῦτον
1491 3917 1595 3998 ύπέρ-

284 4027 312 4077 35
333 4039 430 4098 χεται
451 4022 510 4081 τὸν
533 4020 646 4100 ἀγῶνα
669 4022 688 4082 δ
712 4018 809 4104 λόγος
832 4023 995 4106 εὐκαίρως
1025 4019 1082 4085 διὰ
1111 4030 1171 4107 τῆς
1199 4018 1323 4108 ήδονῆς
1351 4025 1594 4104 προενήνεγμέ-

335 4135 409 4196 νος·
435 4117 564 4201 μᾶλλον
592 4124 655 4206 γάρ
680 4125 767 4186 οὕτω
790 4131 866 4200 ταῖς
888 4129 1015 4207 ψυχαῖς
1038 4126 1076 4186 τὸ
1108 4124 1261 4186 πιθανὸν
1289 4119 1407 4186 ἐθέλει
1430 4117 1594 4184 διαδύειν.

334 4225 392 4285 τδν
417 4220 452 4285 δέ
475 4218 512 4304 β’
536 4225 593 4286 καὶ
614 4221 647 4286 κ’
673 4226 709 4287 ἐν
724 4227 852 4310 Νικαίᾳ
875 4226 1039 4313 εἰρῆσθαι
1062 4230 1081 4309 ή
1103 4228 1278 4312 ἐπιγραφή
1296 4221 1399 4311 δηλοῖ
1410 4225 1490 4308 περὶ
1512 4224 1595 4303 δμο-

334 4327 439 4402 νοίας,
464 4332 684 4413 πεπαυμένης
699 4336 758 4413 τῆς
775 4331 942 4405 στάσεως·
966 4331 1047 4392 αύτύ
1066 4327 1101 4392 δέ
1117 4336 1217 4391 τοῦτο
1234 4325 1434 4412 διατίθησιν
1457 4327 1476 4388 δ
1497 4326 1596 4411 ἀνήρ,

334 4429 476 4490 ἔπαινον
498 4436 561 4491 τοῦ
580 4435 764 4512 γεγονότος.
804 4428 874 4492 δδὲ
895 4429 950 4514 κγ’
973 4432 1053 4515 περὶ
1068 4440 1126 4517 τῆς
1143 4433 1229 4514 πρὸς
1241 4423 1408 4511 Ἀπαμεῖς
1431 4427 1596 4510 ὁμονοίας

282 4539 312 4589 4⁰
334 4529 467 4615 εἴρηται
490 4533 525 4593 ἐν
548 4539 590 4616 τῇ
612 4529 771 4618 πατρίδι·
796 4533 877 4595 αύτδ
894 4531 929 4596 δέ
947 4531 1194 4618 διαπράττεται
1210 4541 1319 4596 τοῦτο.
1357 4534 1414 4596 καί
1436 4535 1455 4596 δ
1468 4526 1596 4616 ἐφεξῆς
