3520 5270
694 357 830 420 ORATIO
847 360 906 418 ΙΝ.
1368 369 1429 428 115

174 545 302 608 γνωτυς
324 524 360 590 δὲ
382 531 401 592 δ
423 525 602 618 ζωγράφος
622 535 679 596 καλ
701 535 720 596 δ
741 531 891 620 ἀδελφός
918 538 1024 623 δμφω
1052 547 1115 601 τοῦ
1143 543 1275 626 πατρὸς
1292 534 1430 626 Ἀγλαο-

176 638 326 718 φῶντος,
352 632 561 717 Πυθαγόρου
592 631 628 696 δέ
653 634 842 722 Φερεκύδης
872 635 1003 720 λέγεται
1033 637 1236 719 διδάσκαλος
1256 648 1430 727 γενέσθαι,

174 735 385 819 Πυθαγόρας
407 732 443 797 δέ
462 727 724 817 Ἐμπεδοκλέους
745 741 801 802 καί
823 743 962 826 ἐτέρων,
990 743 1048 805 καί
1076 749 1143 806 τῶν
1169 741 1280 809 αλλων
1304 745 1340 810 δέ
1362 757 1430 814 τῶν

176 835 345 901 πλείστων
361 839 479 919 ἔχομεν
493 841 605 902 οίπεῖν
620 841 699 914 τοδς
715 837 940 918 διδασκάλους
953 850 1021 906 τῶν
1039 840 1184 923 ἐνδόξων
1199 844 1340 932 ἀνδρῶν,
1363 853 1428 933 δοῳ

141 944 318 1016 οέκαστος
341 943 579 1023 συγγενόμενος
601 937 700 1024 λόγου
723 939 819 1019 άξιος
841 946 972 1026 ἐγένετο
995 943 1071 1027 δίχα
1086 967 1124 1029 γε
1133 939 1349 1034 Ἡρακλείτου
1371 959 1433 1014 τοῦ

169 1035 326 1130 Ἐφεσίου
348 1045 405 1106 καί
420 1031 579 1104 Ἡσιόδου
602 1049 664 1104 τοῦ
680 1034 869 1128 Ἀσκραίου.
905 1047 1005 1126 δμέν
1027 1049 1090 1132 γάρ
1115 1064 1221 1134 φησιν
1236 1052 1431 1131 ποιμαίνων
1554 1093 1559 1102 ·

175 1147 210 1208 ἐν
238 1144 286 1226 τῷ
312 1135 462 1206 Ἑλικῶνι
491 1145 584 1226 παρά
618 1151 685 1206 τῶν
713 1146 866 1209 Μουσῶν
903 1143 1018 1228 λαβεῖν
1053 1151 1089 1212 ἐν
1118 1147 1251 1236 δάφνης
1278 1147 1342 1235 όζφ
1371 1156 1430 1241 την

176 1249 331 1332 ποίησιν,
361 1247 415 1309 ίνα
437 1248 481 1331 μη“
508 1248 689 1328 πράγματα
712 1248 845 1328 ἔχοιμεν
868 1244 1042 1335 ζητοῦντες
1065 1253 1170 1314 αὐτοῦ
1189 1254 1249 1317 τόν
1270 1251 1430 1318 διδάσκα-

177 1349 250 1414 λον·
269 1341 484 1430 Ἡράκλειτος
507 1347 543 1412 δέ
565 1350 617 1412 ίτι
638 1353 869 1435 γενναιότερον
893 1353 994 1428 αὐτὸς
1016 1349 1163 1438 ἐξευρεῖν
1185 1357 1246 1442 την
1260 1363 1323 1418 τοῦ
1343 1373 1427 1420 παν·
1451 1361 1471 1421 2

31 1451 87 1546 (²⁸⁸
88 1450 114 1552 ,⁸
127 1462 156 1514 ιο
176 1455 235 1528 τὸς
254 1454 361 1569 φάσιν
384 1452 490 1513 ὀποία
512 1453 666 1533 τυγχάνει
690 1451 786 1530 οδσα,
808 1450 952 1537 μηδενός
975 1450 1177 1532 διδάξαντος
1196 1459 1255 1520 καί
1268 1459 1431 1540 γενέσθαι

176 1544 261 1636 παρ’
293 1555 398 1616 αὑτοῦ
426 1555 543 1639 σοφός.
591 1545 735 1639 Ὁμήρου
762 1555 824 1635 μέν
852 1557 932 1640 γάρ,
962 1557 1079 1642 ὥσπερ
1108 1559 1150 1620 τά
1173 1556 1260 1622 άλλο
1282 1561 1324 1622 τὰ
1351 1563 1431 1646 περὶ

177 1659 286 1735 αὐτόν,
308 1657 365 1718 καί
379 1662 479 1718 τοῦτο
494 1652 620 1739 δδηλον
635 1661 709 1732 τοῖς
716 1647 882 1742 ’.Ἕλλησιν
919 1659 938 1719 ό
955 1655 991 1720 δέ
1006 1660 1187 1746 Σωκράτης
1201 1664 1255 1724 δτι
1269 1663 1331 1742 μέν
1347 1667 1431 1738 παῖς

176 1763 222 1822 ὢν
244 1758 416 1840 ἐμάνθανε
431 1750 617 1840 [λιθοξόος]
638 1761 698 1844 τὴν
721 1766 784 1821 τοῦ
803 1761 935 1844 πατρὸς
950 1765 1066 1845 τέχνην
1081 1761 1287 1846 ἀκηκόαμεν·
1310 1766 1369 1827 τόν
1392 1761 1429 1828 δέ

175 1871 235 1949 της
264 1860 391 1947 σοφίας
420 1860 526 1922 αὐτοῦ
552 1857 756 1929 διδάσκαλον
785 1864 894 1938 οὕτως
921 1861 1097 1949 ὠφελίμου
1124 1867 1182 1928 καί
1207 1864 1311 1952 καλῆς
1340 1885 1432 1948 γενο-

129 1975 157 2026 u
178 1968 280 2048 μένης
303 1963 343 2024 οδ
365 1966 446 2046 ημῖν
469 1969 590 2048 σαφῶς
612 1964 688 2026 είπέ
709 1966 767 2027 καί
786 1967 831 2050 μή
857 1966 1046 2051 φθονήσῃς.
1076 1997 1117 2012 -
1144 1968 1187 2032 A.
1208 1960 1307 2031 Ἀλλά
1330 1974 1430 2035 τοῦτό
1452 1971 1472 2037 3

176 2087 212 2152 γε
235 2065 333 2145 οἶμαι
356 2061 499 2140 πολλοῖς
513 2065 603 2129 εἶναι
619 2071 738 2152 σαφές,
761 2070 856 2142 δστις
870 2069 1034 2153 ἔμπειρος
1050 2071 1180 2156 ἀμφοῖν
1195 2075 1269 2134 τοῖν
1283 2068 1431 2155 ἀνδροῖν,

177 2173 230 2234 δτι
251 2169 432 2252 Σωκράτης
453 2170 492 2231 τό
514 2187 551 2250 γε
573 2164 703 2252 ἀληθὲς
721 2159 865 2255 Ὁμήρου
887 2169 1046 2256 μαθητὴς
1068 2176 1210 2253 γέγονεν,
1234 2173 1292 2252 οὐχ
1315 2174 1431 2258 ὥσπερ

177 2273 264 2336 ἔνιοί
280 2286 386 2356 φασιν
397 2261 591 2354 Ἀρχελάου.
606 2303 650 2314 -
668 2271 738 2334 Kal
760 2277 836 2346 πῶς
859 2271 931 2334 οἷόν
953 2292 989 2334 τε
1011 2275 1070 2335 τὸν
1091 2275 1175 2358 μήτε
1197 2270 1432 2356 ξυγγενόμενον

69 2388 121 2440 (ωε
133 2386 165 2438 ιιι
175 2367 305 2458 Ὁμήρῳ
322 2373 406 2457 μήτε
429 2369 545 2435 ἰδόντα
569 2374 723 2450 πώποτε,
746 2369 831 2435 ἀλλὰ
854 2376 1033 2451 τοσοότοις
1054 2375 1165 2438 ἐτεσιν
1179 2377 1318 2458 ὕστερον
1340 2380 1430 2460 γενό-

131 2487 161 2537 ιο
181 2495 282 2558 μενον
300 2467 443 2561 Ὁμήρου
467 2476 575 2562 φάναι
595 2475 773 2560 μαθητήν,·
793 2507 836 2522 -
857 2478 899 2540 Δ.
925 2477 969 2540 Τί
991 2474 1045 2552 δέ,·
1067 2480 1163 2554 ὅστις
1182 2467 1268 2540 καθ’
1285 2470 1432 2565 Ὅμηρον

178 2581 326 2663 ἐγένετο,
360 2574 465 2662 μηδὲν
494 2573 530 2638 δέ
562 2579 683 2662 ἤκουσε
711 2585 779 2640 τῶν
804 2569 948 2664 Ὁμήρου
976 2579 1071 2643 ἐπῶν
1098 2582 1118 2665 ἢ
1155 2582 1286 2644 όκοόων
1313 2578 1432 2666 μηδενὶ

178 2685 346 2765 προσέσχε
367 2682 426 2743 τόν
448 2687 536 2757 νοῦν,
559 2671 641 2743 ἔσθ’
667 2682 763 2756 δπως
778 2681 931 2765 φήσομεν
950 2681 1077 2744 ἐκεῖνον
1088 2670 1232 2767 Ὁμήρου
1254 2685 1414 2769 μαθητήν
1420 2707 1432 2760 ,·

177 2817 220 2828 -
245 2780 420 2863 Οὐδαμῶς.
444 2817 487 2828 —-
508 2784 549 2844 A.
576 2779 704 2845 Οδκουν
733 2782 864 2844 δτοπον
893 2784 951 2844 τόν
978 2783 1062 2867 μήτε
1091 2778 1325 2866 ξυγγενόμενον
1346 2785 1430 2872 μήτε
1452 2784 1473 2844 4

178 2883 310 2962 δδόντα,
338 2893 398 2970 τῆς
427 2881 462 2948 δέ
492 2885 665 2970 ποιήσεως
690 2880 825 2961 ξυνέντα
850 2893 910 2970 τῆς
928 2875 1072 2970 Ὁμήρου
1093 2887 1233 2972 κοίτης
1257 2885 1431 2973 δληςδια-

4 3035 16 3060 .
129 2999 160 3050 25
181 2990 277 3064 νοίας
291 2989 454 3072 ἔμπειρον
469 2990 645 3069 γενόμενον
659 2986 819 3072 μαθητὴν
830 2975 974 3072 Ὁμήρου
998 2983 1177 3069 λέγεσθαι·
1198 2990 1218 3074 ἢ
1235 2986 1312 3052 οάδέ
1329 2985 1431 3075 ζηλω-

178 3093 238 3178 την
267 3088 387 3154 οὐδένα
411 3086 547 3164 οὐδενός
570 3091 693 3174 φήσεις
714 3095 781 3151 τῶν
808 3091 853 3174 μή
885 3093 1132 3171 συγγενομένων
1139 3111 1152 3165 ,·
1181 3121 1222 3134 -
1237 3080 1367 3174 Ἔγωγε.
1392 3122 1428 3137 -

177 3197 219 3256 A.
243 3192 351 3278 Εἴπερ
375 3191 433 3254 οὖν
455 3187 622 3277 ζηλωτής,
650 3192 708 3254 καί
733 3192 894 3276 μαθητὴς
923 3190 975 3277 εἴη
999 3193 1050 3256 ἄν.
1102 3193 1203 3277 δγὰρ
1227 3187 1334 3277 ζηλῶν
1356 3211 1431 3256 τινα

180 3296 296 3380 ὀρθῶς
317 3296 502 3358 ἐπίσταται
518 3291 628 3379 δηπου
651 3295 777 3356 ἐκεῖνον
800 3295 923 3368 ὁποῖος
945 3290 985 3378 ἦν
1003 3296 1060 3357 καί
1073 3297 1280 3375 μιμούμενος
1295 3295 1336 3356 τά
1352 3296 1431 3380 ἔργα

178 3399 236 3460 καί
262 3398 341 3472 τούς
364 3393 482 3479 λόγους
511 3397 558 3470 ὡς
588 3395 661 3458 οίόν
683 3415 719 3458 τε
748 3396 920 3479 ἐπιχειρεῖ
942 3398 1062 3476 δμοιον
1090 3397 1191 3459 αὑτὸν
1213 3397 1431 3481 ἀποφαίνειν.

129 3511 160 3562 ιο
181 3499 283 3562 ταύτὸ
307 3496 343 3561 δέ
372 3499 550 3562 τοῦτοκαὶ
572 3498 590 3559 δ
611 3497 772 3584 μαθητὴς
794 3502 909 3560 ποιεῖν
930 3498 1035 3560 ἐοικε·
1065 3500 1272 3579 μιμούμενος
1301 3500 1359 3560 τόν
1383 3495 1431 3560 δι·
1454 3495 1473 3554 5
1502 3575 1511 3594 ο

265 3762 778 3839 5δίχαγεΗιΠυοοιι.)δι’ἐχαδ
764 3759 927 3820 mmm.
946 3776 1003 3830 ρος
1025 3781 1059 3835 γε
1077 3777 1129 3818 om
1148 3761 1170 3816 P
1273 3747 1354 3816 θοτι
1372 3762 1435 3828 pout

180 3853 266 3924 φησίν
282 3850 344 3906 εδδ.
358 3849 408 3906 ΡΗ
461 3871 489 3906 αι
507 3851 535 3904 in
553 3850 718 3919 ποιμαίνων
735 3863 753 3904 ε
769 3845 879 3903 αυτοῦ
932 3845 1184 3919 Ἱλαβεινευιίρεί,
1202 3840 1306 3917 ἔλαβεν
1322 3843 1385 3899 libri

180 3935 310 4009 οέξεῦρυ
327 3935 426 3993 PHUB
449 3933 563 4010 ἐξεῦρον
585 3935 630 4001 Μ,
652 3949 722 3990 corr.
742 3932 872 3988 nemius
976 3923 1021 3990 δτι
1037 3948 1089 4002 pro
1111 3926 1191 3989 lu?
1295 3933 1324 3984 11
1345 3923 1435 3984 αὐτοῦ

179 4021 236 4078 ΜΠ
252 4038 287 4076 m.
305 4035 348 4092 pr.
438 4026 467 4076 1³
486 4016 622 4088 λιθοξόος
639 4020 691 4076 del.
710 4017 802 4075 Βιιίι.
897 4022 929 4074 1⁵
945 4024 1039 4073 notam
1056 4021 1080 4074 Δ
1097 4017 1133 4072 ιο
1150 4015 1299 4073 editoribus
1316 4011 1434 4068 additum

178 4107 278 4162 retinui
328 4101 988 4179 φθονέοςςΜφθονὴσχς(ηριίιειυοπ.)ῦ
1041 4097 1121 4159 ιδεῖ
1134 4089 1385 4170 τιςριοδοτιςΗ

179 4211 208 4249 οι
224 4185 510 4264 ἰοάνδροῑνιυοπ.
529 4193 555 4249 U
655 4196 685 4248 17
702 4189 957 4263 γίγονεῦυιρι
976 4187 1083 4252 (νεδδ.
1102 4190 1182 4252 corr.)
1281 4185 1311 4237 18
1328 4179 1434 4250 τοριο

179 4273 232 4335 τὸν
249 4277 299 4334 UB
351 4283 383 4335 20
402 4279 431 4335 τί
448 4279 509 4348 δαί,·
526 4275 598 4332 UBP
650 4281 683 4332 24
700 4279 751 4348 τῆς
767 4277 798 4333 δε
814 4294 866 4346 της
877 4273 935 4342 UB
952 4274 1017 4328 item
1034 4271 1061 4326 Η
1077 4271 1162 4327 altero
1179 4271 1229 4341 τῆς
1246 4267 1384 4337 expuncto

179 4363 309 4421 συνιέντα
325 4364 375 4418 ΡΗ
444 4367 495 4436 τῆς
513 4357 688 4437 δμηρικῆςΡ
757 4363 790 4417 λδ
807 4359 943 4433 γενέσθαι
959 4358 1009 4412 ΡΗ
1076 4351 1163 4428 ἢοιιι.
1177 4351 1226 4407 ΡΗ
1295 4355 1328 4407 26
1345 4344 1436 4422 φὴσης

180 4446 256 4508 ἄνΡ
340 4449 558 4522 συγγενομένων
574 4447 623 4504 ΡΗ
640 4435 840 4548 γενομένφν”
820 4465 880 4515 αμα
899 4443 978 4501 ῦΒΜ
1063 4431 1333 4498 21ουνυυι.ὓΒΜ
1406 4433 1436 4491 δὲ

179 4550 230 4606 pro
246 4531 344 4610 γλρΡ
422 4541 455 4593 29
473 4533 585 4594 οἴονται
601 4535 632 4590 Μ
702 4527 791 4592 αὐτὸν
809 4529 863 4585 ΒΜ
931 4533 964 4584 30
979 4530 1030 4586 καί
1046 4541 1100 4583 om.
1118 4524 1231 4664 ms*
